4068 5924
280 388 343 450 ‚tto

281 523 382 591 θαλεῖςέ
394 524 418 581 οί
443 521 465 580 δ’
481 520 546 580 εἰσὶν
559 518 585 587 ἐξ
611 517 806 590 ὁποιασδήποτε
819 516 913 597 τύχης.
956 516 991 577 Τί
1006 515 1057 596 γδρ

283 612 322 671 δεῖ
342 612 375 669 τδι
392 610 475 671 πλείω
489 608 550 686 περί
564 609 649 665 αὐτῶν
664 605 791 687 γροίφειν;

322 698 439 761 LXXII.
458 696 492 759 ‘fl
510 697 533 754 δ’
548 693 649 771 ἑόδόμη
665 697 744 773 μοῖρα
761 696 808 764 τῆς
821 694 892 773 ίερθς
905 690 1058 767 νομοθεσίας

281 789 319 865 τῷ
332 787 480 863 συστήματι
493 782 636 863 προσετέθη
647 787 700 840 τῶν
712 780 881 857 καλουμένων
892 779 1057 854 Φητιαλίων·

239 900 253 937 ο
281 867 354 933 οὗτοι
366 874 390 933 δ’
411 874 441 931 δν
461 871 553 944 εἴησαν
572 871 641 931 κατὰ
659 870 708 942 τήν
724 869 885 942 Ἑλληνικήν
902 869 1058 944 καλούμενοι

282 964 418 1022 διάλεκτον
438 959 607 1041 εἰρηνοδίκαι.
651 960 714 1018 Εἰσί
729 959 752 1016 δ’
768 960 797 1016 ἐκ
820 961 872 1016 τῶν
887 959 1000 1035 ἀρίστοιν
1019 956 1056 1015 οἰ·

281 1075 334 1109 κων
359 1050 450 1128 ἄνδρες
477 1049 624 1119 ἐπίλεκτοι,
652 1046 696 1107 διδι
728 1045 825 1111 πανεδς
851 1045 986 1126 ἰερωμένοι
1012 1051 1058 1104 τοῦ

282 1137 354 1217 βίον,
378 1137 457 1214 Νόμα
484 1140 531 1193 τοῦ
557 1133 686 1213 βασιλέως
700 1131 806 1214 πρῶτον
820 1132 865 1191 καί
891 1138 968 1193 τοῦτο
990 1130 1058 1191 Ῥω·

280 1226 368 1303 μαίοις
383 1225 414 1285 εδ
423 1223 493 1306 ίερδν
508 1226 614 1304 οἰρχεῖον
626 1221 876 1296 καταστησαμένου.
921 1224 955 1282 Εἰ
969 1221 1058 1295 μέντοι

227 1329 252 1366 ¹0
279 1311 353 1393 παρδι
380 1317 433 1372 τῶν
465 1308 634 1388 καλουμένων
674 1311 816 1370 Αἰκικλῶν,
840 1308 870 1367 τδ
897 1306 1057 1389 παράδειγμ’

278 1495 396 1567 πόλεως,
417 1498 452 1562 ὣς
466 1491 561 1574 γροίφει
577 1489 703 1564 Γελλιος,
716 1489 764 1547 οὐκ
779 1485 834 1565 ἔχω
847 1487 941 1561 λέγειν.
982 1483 1058 1543 ἐἰπό-

278 1609 332 1665 χρη
354 1584 381 1644 δέ
396 1607 441 1661 μοι
455 1587 565 1641 τοσοῦτο
590 1577 667 1654 μόνον
683 1578 780 1645 εἰπεῖν,
794 1574 833 1632 ότι
849 1578 901 1651 πρὸ
918 1575 964 1642 τῆς
978 1570 1057 1648 Νόμα

279 1679 364 1753 ἀρχῆς
398 1672 471 1733 οὔπω
497 1669 526 1727 τδ
554 1672 606 1726 τῶν
636 1665 802 1743 εἰρηνοδικῶν
835 1660 957 1735 σύστημα
985 1661 1057 1738 παρδι

226 1781 250 1818 rs
279 1761 424 1838 Ῥωμαίοις
448 1750 493 1830 ήν.
539 1754 730 1825 Κατεστήσατο
749 1753 777 1822 ,δ’
792 1750 856 1809 αὐτὸ
882 1746 989 1824 Νόμας,
1015 1746 1057 1805 ότι

278 1851 443 1921 Φιδηνάταις
451 1847 545 1923 ἔμελλε
554 1846 678 1918 πολεμεῖν
690 1839 813 1922 λῃστείας
827 1837 873 1897 καί
888 1836 1057 1916 καταδρομθις

278 1944 324 2011 τῆς
348 1940 438 2018 χώρας
457 1937 536 1992 αὐτοῦ
560 1929 764 2007 ποιησαμένοις,
787 1929 810 1985 εἰ
835 1925 968 2006 βούλοιντο
987 1949 1056 1999 συμ-

280 2031 359 2106 βῆναι
380 2024 442 2104 δίχα
467 2020 586 2096 πολέμου
600 2018 665 2098 πρὸς
687 2015 782 2087 αὐτὸν,
799 2013 864 2092 θπερ
886 2017 922 2079 εἰς
940 2012 1056 2089 οἰνοίγκην

278 2113 455 2178 καταστάντες
476 2108 613 2181 ἐποίησαν,
656 2104 758 2181 Οἰομαι
774 2103 822 2175 δὲ,
846 2101 987 2180 ἐπειδήπερ
1009 2102 1057 2158 οὐκ
1102 2135 1105 2142 ·

224 2217 251 2258 ao
278 2204 350 2263 ἔστιν
372 2200 513 2281 ἐπιχώριον
535 2195 653 2266 Ἕλλησι
675 2194 706 2252 τδ
731 2191 788 2271 περὶ
815 2189 876 2259 τοθς
897 2188 1057 2268 εἰρηνοδίκας

280 2294 404 2370 οἰρχεῖον,
431 2291 573 2366 ἀναγκαῖον
593 2275 662 2343 εἷναί
687 2305 731 2358 μοι
756 2278 845 2340 πόσων
869 2280 914 2337 καί
937 2277 1056 2349 πηλίκων

280 2380 335 2438 ἐστὶ
349 2377 515 2458 πραγμάτων
537 2374 627 2452 κύριον
651 2371 776 2447 διελθεῖν,
792 2366 835 2427 ἰνα
856 2373 910 2434 τοῖς
937 2368 1057 2444 οἰγνοοῦσι

279 2469 329 2539 τήν
348 2465 492 2543 Ῥωμαίων
511 2460 662 2532 εὗσέόειαν,
681 2457 714 2529 ἣν
732 2458 757 2514 οἰ
773 2454 827 2515 τότ’
850 2455 940 2531 ἄνδρες
959 2452 1056 2523 ἐπετή-

279 2559 369 2631 δευον,
393 2555 431 2634 μή
451 2549 599 2632 παράδοξον
623 2538 689 2607 εἰναι
705 2548 775 2626 φανῇ
798 2542 828 2602 τδ
854 2542 956 2608 πάντας
970 2541 1057 2608 αὐτοῖς

224 2653 251 2692 2⁵
278 2645 309 2704 εδ
326 2645 468 2704 κάλλιστον
492 2637 582 2698 λαθεῖν
596 2636 657 2703 τοῦς
681 2634 812 2710 πολέμους
832 2629 915 2697 τέλος.
959 2628 1057 2689 ‘Anniu-

278 2755 330 2789 των
355 2729 406 2812 γθρ
431 2730 516 2787 αὐτῶν
532 2724 580 2792 τδς
596 2721 680 2803 δρχθς
704 2720 750 2779 καί
769 2719 816 2786 τθς
835 2716 968 2784 ὑποθέσεις
982 2717 1058 2775 εύσε-

279 2819 410 2886 ὅεατοίτας
433 2815 593 2897 φανήσονται
623 2809 813 2886 ποιησοίμενοι,
842 2806 888 2864 καί
913 2804 956 2863 διὰ
981 2809 1057 2863 τοῦτο

280 2907 397 2983 μάλιστα
410 2904 468 2970 τοὺς
486 2901 557 2968 θεοὺς
580 2896 724 2978 ἐσχηκότες
744 2896 771 2953 ἐν
793 2903 845 2960 τοῖς
868 2891 994 2958 κινδύνοις
1013 2892 1056 2948 εἰ·

282 3005 378 3075 μενεῖς.
420 2994 542 3054 Ἅπαντα
556 2988 603 3066 μέν
618 2978 662 3047 σύν
677 2984 717 3046 ὅτ’
732 2982 868 3041 ἀνάκειται
888 2979 988 3046 τούτοις
1004 2981 1058 3046 τοῖς

226 3104 253 3143 οι)
280 3084 454 3166 εἰρηνοδίκαις
477 3081 597 3140 ἐπελθεῖν
614 3075 656 3136 διδι
670 3076 769 3143 πλῆθος
795 3072 824 3128 ού
849 3069 952 3149 ῥοίδιον,
974 3091 1056 3147 κεφα-

278 3175 385 3233 λαιώδει
400 3173 422 3230 δ’
435 3170 574 3246 ὑπογραφῇ
589 3165 708 3234 δηλῶσαι
722 3158 806 3219 τοιοίδ’
823 3156 897 3216 ἐστί·
917 3155 1055 3235 φυλάττειν

219 3257 221 3261 ’
278 3260 323 3320 ἵνα
359 3259 460 3337 μηδένα
490 3255 621 3329 Ῥωμαῖοι
653 3249 768 3323 πόλεμον
805 3243 959 3320 ἐξενέγκωσι
987 3241 1057 3300 κατδι

280 3352 410 3426 μηδεμιᾶς
443 3344 583 3404 ἰνσπόνδου
604 3338 704 3404 πόλεως
733 3335 838 3394 ἄδικον·
865 3330 998 3409 ἀρξάντων
1028 3330 1056 3388 δέ

278 3436 473 3518 παρασπονδεῖν
497 3433 533 3498 εἰς
565 3426 658 3493 αὐτοὺς
690 3423 785 3504 ἑτέρων
814 3416 1004 3496 πρεοδεύεσθαί
1029 3439 1056 3474 τε
1079 3484 1080 3487 ¹

224 3544 251 3583 ss
279 3528 324 3586 καί
342 3525 376 3584 τδι
391 3523 479 3582 δίκαια
493 3523 596 3600 πρῶτον
619 3517 700 3575 αἰτεῖν
721 3511 807 3590 λόγῳ,
829 3508 874 3567 ἐθιν
898 3504 925 3564 δὲ
939 3504 977 3582 μή
996 3506 1055 3563 πεί-

280 3622 377 3675 θωνται
388 3614 441 3677 τοῖς
457 3606 634 3682 ἀξιουμένοις,
647 3601 701 3663 τότ’
715 3605 852 3680 ἐπικυροῦν
873 3595 916 3655 εδν
928 3595 1055 3671 πολεμον.

279 3704 396 3780 Ὁμοίοις
408 3699 436 3757 δὲ
452 3696 502 3757 κᾶν
526 3692 671 3753 ἀδικεῖσθαί
690 3713 758 3755 τινες
782 3686 832 3745 ὑπὸ
855 3683 998 3761 Ῥωμαίων
1018 3680 1056 3740 ἐ·

279 3792 387 3852 σπονδοι
408 3785 526 3863 λέγοντες
539 3781 574 3840 τὰ
588 3779 668 3839 δίκαι’
687 3778 797 3848 αἰτῶσι,
811 3772 917 3839 τούτους
936 3769 1057 3849 διαγινώ-

281 3904 352 3942 σκειν
366 3876 426 3945 τοθς
438 3874 549 3954 ἄνδρας,
568 3871 591 3930 εἰ
612 3893 639 3928 τι
657 3867 818 3928 πεπόνθασιν
832 3861 990 3922 ἔκσπονδον·
1012 3858 1057 3917 καί

225 3992 254 4032 ιιι
281 3970 324 4027 etv
355 3965 449 4034 δόξωσι
474 3963 509 4023 τθ
529 3955 685 4040 προσήκοντ’
711 3955 846 4029 ἐγκαλεῖν,
871 3946 930 4013 τούς
955 3946 1058 4026 ἐνόχους

278 4059 338 4123 ταῖς
367 4054 464 4120 αἰτίαις
488 4047 666 4111 συλλαόόντας
691 4042 809 4106 ἐκδότους
828 4045 882 4103 τοῖς
914 4036 1057 4106 ἀδικηθεῖσι

280 4141 468 4222 παραδιδόναι·
487 4138 521 4196 τοί
539 4162 568 4196 τε
580 4135 642 4215 περὶ
653 4131 713 4198 τοὺς
725 4126 888 4211 πρεσόευτδις
905 4122 1057 4199 ἀδικήματα

281 4232 410 4301 δικάζειν,
430 4227 476 4286 καί
490 4225 524 4284 τδ
535 4226 597 4305 περὶ
610 4224 657 4291 τθς
670 4221 802 4292 συνθήκας
820 4217 880 4276 ὅσια
899 4213 1057 4293 φυλάττειν,

281 4321 387 4399 εἰρήνην
403 4340 432 4376 τε
445 4315 592 4386 ποιεῖσθαι,
607 4313 652 4372 καί
664 4306 854 4390 γεγενημένην,
871 4304 915 4362 ἐὰν
937 4301 974 4374 μὴ
989 4300 1057 4359 κατὰ

226 4444 253 4484 45
279 4412 338 4478 τοθς
358 4405 442 4490 ίιροθς
463 4401 524 4482 δόξῃ
545 4407 699 4480 πεπρᾶχθαι
720 4397 833 4473 νόμους,
858 4394 983 4469 ἀκυροῦν,
1012 4388 1058 4447 καί

279 4501 328 4564 τδις
340 4499 392 4558 τῶν
410 4493 566 4572 στρατηγῶν
582 4487 763 4568 παρανομίας,
778 4485 838 4542 ὅσαι
856 4479 916 4560 περί
930 4479 953 4537 θ’
968 4476 1058 4556 ὅρκους

279 4589 325 4650 καὶ
341 4583 455 4649 σπονδθις
476 4580 671 4651 ἐπιτελοῦνται,
693 4571 913 4652 διαγινώσκοντας
934 4569 1056 4646 ἀφοσιοῦ-

281 4684 357 4738 σθαι·
374 4672 436 4752 περί
449 4662 486 4731 ῶν
501 4667 571 4727 κατὰ
589 4665 648 4733 τοθς
664 4664 773 4730 οἰκείους
793 4657 899 4739 καιρούς
912 4654 1058 4727 ποιήσομαι

280 4765 325 4825 τδν
342 4764 429 4841 λόγον.
477 4756 517 4819 θ’δι
538 4755 567 4816 δί
586 4754 648 4835 περὶ
669 4751 717 4821 τδις
732 4744 917 4827 ἐπικηρυκείας
939 4742 983 4801 ὑπ’
1006 4744 1057 4797 αὐ-

225 4872 254 4910 eo
278 4858 332 4914 τῶν
345 4850 487 4931 γινόμενα,
509 4845 613 4917 δεινήν
633 4842 745 4912 δόξασαν
760 4842 859 4899 ἀδικεῖν
874 4833 949 4894 πολιν
962 4829 1058 4891 αἰτοῖεν

280 4940 373 5006 δίκας·
389 4937 460 5006 ἄξιον
472 4935 525 5014 γδιρ
544 4933 612 5013 μηδὲ
638 4930 712 4993 ταῦτ’
738 4928 839 5006 οἰγνοεῖν
860 4920 930 4983 κατὰ
957 4916 1058 4989 πολλὴν

282 5026 408 5111 φροντίδα
429 5026 480 5082 τῶν
500 5023 579 5082 θσίων
600 5022 646 5081 καί
667 5017 773 5080 δικαίων
787 5013 926 5093 γινόμενα·
949 5012 1058 5067 τοιαῦτα

280 5114 442 5198 παρίλαόον.
478 5101 526 5177 Εἰς
538 5109 585 5187 μέν
598 5113 628 5171 ἐκ
636 5113 687 5168 τῶν
698 5106 881 5187 εἰρηνοδικῶν,
895 5101 922 5158 ὃν
937 5099 961 5155 οἰ
972 5095 1056 5156 λοιποὶ

279 5196 508 5289 προχειρίσαιντο,
521 5197 717 5277 κεκοσμημένος
733 5199 823 5266 ἐσθῆτι
838 5191 884 5250 καὶ
908 5187 1057 5268 φορήμασιν

1081 4376 1086 4427 1
1111 4364 1150 4415 ΒΝ

805 383 973 446 DIONYSll
996 383 1373 449 HALICARNASSENSIS

1110 543 1169 590 sunt
1183 540 1354 603 cuiuscunque
1365 537 1472 587 fortune
1483 534 1604 585 homines.
1638 530 1688 582 Sed
1701 529 1762 595 quid
1774 528 1846 594 plum
1858 527 1890 579 de

1109 633 1149 685 bis
1162 631 1238 683 rebus
1254 628 1383 681 scribenda
1398 626 1476 677 sunt?

1142 713 1238 761 Lxxll.
1247 712 1357 776 Septima
1369 724 1429 763 raro
1436 725 1493 776 pars
1507 725 1633 764 sacrarum
1642 713 1723 779 legum
1734 714 1836 780 cobeglo
1847 719 1891 767 Fe-

1110 807 1205 857 tialium
1217 807 1260 872 qui
1272 809 1517 859 rocantnrattributs
1527 813 1587 860 erat.
1601 810 1633 859 lli
1645 813 1729 861 nutem
1743 810 1831 861 Graeco
1841 822 1891 861 ser·

1111 916 1182 955 mone
1199 905 1342 969 εἰρηνοδίκαι
1353 903 1470 968 appellari
1482 907 1594 968 possunt.
1633 908 1694 954 Sunt
1704 908 1787 956 autem
1800 904 1848 955 riri
1859 918 1890 955 ex

1110 1003 1265 1055 nobitsstmis
1278 1001 1375 1053 familiis
1387 1002 1477 1053 delecti
1490 1006 1517 1054 et
1527 1017 1572 1066 per
1585 1005 1664 1053 totam
1678 1004 1755 1053 vitam
1772 1002 1891 1054 sacerdo·

1111 1100 1174 1150 tium
1198 1101 1355 1158 exercentes;
1383 1097 1451 1160 quood
1478 1096 1607 1160 collegium
1628 1110 1671 1146 rex
1697 1100 1778 1147 Numa
1795 1096 1893 1160 primus

1111 1198 1196 1246 Romae
1222 1194 1358 1243 constituit.
1392 1195 1482 1243 Utrum
1514 1194 1597 1242 autem
1627 1190 1658 1240 ab
1681 1189 1816 1254 AEquicolis
1845 1189 1891 1252 oui

1110 1294 1234 1344 vorantur
1249 1289 1390 1355 exemplum
1406 1288 1549 1352 sumpserit,
1563 1291 1593 1337 ut
1604 1285 1715 1336 nonnulli
1729 1284 1892 1348 arbitrantur,

1111 1403 1142 1440 an
1154 1389 1188 1440 ab
1197 1387 1352 1446 Ardeatibus,
1365 1389 1394 1436 ut
1404 1385 1490 1435 scribit
1505 1385 1611 1445 Gellius,
1636 1383 1758 1434 attirmare
1773 1397 1822 1434 non
1834 1397 1893 1447 pos-

1111 1502 1176 1539 sum.
1209 1486 1272 1537 illud
1286 1489 1384 1537 tantum
1395 1484 1519 1534 monuisse
1531 1483 1591 1534 mibi
1606 1481 1666 1532 satis
1675 1483 1722 1541 est,
1733 1483 1791 1532 aute
1801 1484 1892 1532 Numae

1111 1588 1213 1638 regnum
1236 1573 1366 1625 Fetialium
1391 1571 1521 1633 collegium
1549 1568 1659 1619 nondum
1688 1569 1773 1618 Rome
1802 1568 1890 1618 inisse.

1110 1674 1192 1721 Numa
1207 1668 1271 1719 enirn
1285 1668 1311 1717 id
1330 1665 1472 1727 constituit,
1485 1678 1541 1714 eum
1553 1666 1620 1714 esset
1632 1661 1722 1712 bellum
1733 1661 1895 1713 Fidenatibus

1111 1768 1235 1827 illaturus,
1253 1764 1297 1830 qui
1314 1764 1450 1814 latrociniis
1467 1766 1493 1812 et
1512 1760 1693 1812 incursionibus
1705 1773 1792 1822 agrurn
1806 1761 1894 1810 rasta·

1109 1869 1173 1924 rant,
1184 1865 1206 1914 si
1219 1876 1303 1915 secum
1316 1862 1368 1913 sino
1391 1860 1467 1911 armis
1480 1859 1614 1923 transigere
1636 1857 1752 1919 mallent3
1775 1856 1801 1906 id
1821 1857 1889 1920 quod

1111 1960 1260 2011 necessitate
1282 1957 1362 2008 coacti
1387 1957 1506 2006 lecerunt.
1539 1952 1649 2004 Arbitror
1663 1956 1762 2007 antem
1776 1950 1891 2014 quando-

1111 2059 1211 2121 quidem
1236 2053 1366 2118 collegium
1388 2052 1518 2102 Fetialium
1538 2049 1650 2099 moribus
1679 2050 1822 2100 Graecorum
1840 2060 1890 2096 non

1110 2156 1236 2216 receptum
1259 2154 1315 2209 est,
1340 2160 1440 2197 necesse
1462 2144 1524 2195 mibi
1547 2157 1603 2195 esse
1613 2143 1782 2193 demonstrare
1794 2144 1890 2204 quanta

1110 2250 1137 2298 et
1157 2245 1238 2309 qualis
1263 2244 1317 2294 eins
1342 2243 1452 2306 potestas
1469 2240 1501 2289 sit
1521 2245 1527 2278 ²
1550 2240 1579 2287 ut
1596 2238 1632 2287 eis
1652 2236 1743 2301 quibus
1766 2237 1888 2285 hactenus

1081 2345 1086 2362 ³
1110 2345 1193 2407 ignota
1221 2341 1269 2391 tuit
1293 2343 1456 2390 Romanorum
1487 2334 1581 2400 pietas,
1610 2334 1680 2401 cultis
1708 2337 1762 2383 tum
1784 2333 1886 2396 quidem

1111 2435 1182 2484 erant
1215 2428 1333 2490 studiosi,
1366 2426 1468 2477 minime
1497 2423 1642 2475 incredibile
1667 2423 1790 2483 uideatur,
1819 2435 1887 2472 sem·

1111 2538 1155 2589 per
1176 2523 1213 2574 eis
1247 2521 1328 2572 telices
1364 2520 1493 2582 contigisse
1516 2515 1636 2566 bellorum
1666 2514 1756 2565 exitus.
1801 2515 1891 2565 omnia

1111 2618 1176 2669 enim
1201 2615 1257 2667 illos
1285 2611 1429 2664 iustissimis
1457 2610 1488 2660 de
1528 2608 1623 2659 caussis
1659 2606 1800 2668 auspicatos
1831 2618 1888 2655 esse

1111 2706 1253 2773 apparebit;
1280 2707 1305 2754 et
1325 2705 1453 2767 propterea
1481 2698 1556 2750 etiam
1588 2695 1743 2759 potissimum
1766 2693 1791 2743 in
1819 2694 1887 2757 peri·

1111 2799 1174 2850 culis
1190 2798 1250 2849 deos
1269 2792 1389 2860 propitios
1418 2788 1546 2842 babuisse
1578 2787 1667 2838 Omnia
1698 2798 1757 2835 iero
1781 2797 1886 2834 munera

1110 2888 1240 2940 Fetialium
1248 2887 1347 2949 propter
1359 2894 1446 2932 eorum
1456 2875 1636 2930 multitudinem
1646 2888 1772 2926 recensere
1782 2887 1831 2924 nou
1843 2877 1883 2923 est

1111 2979 1196 3038 lacile;
1215 2975 1339 3041 praecipua
1355 2984 1430 3033 vero,
1443 2972 1534 3020 utrem
1546 2967 1687 3018 summatim
1706 2964 1826 3029 aperiam,
1836 2963 1895 3013 brec

1111 3074 1170 3122 sunt
1189 3088 1196 3120 ι
1220 3071 1250 3118 ut
1265 3068 1368 3116 careant
1384 3076 1414 3114 ue
1431 3060 1538 3126 populus
1559 3061 1685 3109 Romanus
1707 3056 1751 3106 ulii
1762 3055 1895 3106 foederatas

1110 3161 1206 3214 civitati
1228 3156 1320 3208 betium
1336 3154 1456 3204 iniustum
1479 3150 1578 3200 inierat.
1614 3146 1686 3205 Quod
1703 3146 1725 3196 si
1742 3144 1786 3196 alii
1804 3148 1895 3196 contm

1110 3254 1193 3318 ipsum
1215 3250 1310 3314 priores
1328 3245 1409 3295 ioedus
1428 3242 1560 3303 violarint,
1585 3240 1613 3290 rit
1636 3238 1781 3302 legationem
1800 3236 1896 3288 obeant

1111 3345 1136 3392 et
1160 3340 1201 3389 ius
1224 3337 1332 3402 primum
1360 3332 1443 3384 verbis
1473 3332 1586 3396 repetant
1615 3348 1623 3379 ε
1657 3326 1745 3377 deinde
1773 3339 1843 3386 vero,
1871 3326 1893 3377 si

1109 3432 1145 3483 illi
1163 3428 1294 3495 postuletis
1320 3440 1369 3476 nou
1389 3426 1505 3489 pareant,
1527 3420 1618 3471 bellum
1632 3419 1775 3469 decomant.
1791 3417 1889 3469 Simili-

1110 3530 1150 3576 ter
1167 3535 1275 3589 quoque‚
1292 3520 1313 3569 si
1325 3519 1368 3583 qui
1383 3515 1467 3581 populi
1484 3513 1596 3564 loederati
1611 3526 1638 3562 se
1657 3525 1672 3560 a
1694 3510 1809 3561 Romanis
1822 3510 1891 3561 iniu-

1110 3617 1173 3667 riam
1192 3626 1278 3678 passos
1302 3609 1414 3658 dicentes
1435 3604 1475 3654 ius
1495 3615 1568 3652 suum
1592 3602 1720 3664 repetant,
1747 3601 1775 3649 ut
1793 3595 1821 3646 bi
1843 3597 1894 3648 riri

1111 3705 1265 3768 cognoscant,
1287 3696 1383 3762 siquid
1397 3698 1483 3745 contra
1498 3692 1580 3742 indus
1599 3690 1664 3755 passi
1683 3688 1791 3753 tuerint,
1811 3690 1854 3749 et,
1870 3688 1892 3738 si

1111 3798 1177 3847 iusta
1188 3789 1305 3856 conqueri
1323 3786 1370 3837 risi
1381 3784 1487 3846 tuerint,
1497 3785 1579 3833 soritas
1597 3778 1786 3846 comprehensos
1802 3777 1892 3829 iniuria

1112 3885 1209 3939 attactis
1222 3882 1328 3942 dedant3
1343 3880 1420 3940 utque
1430 3873 1462 3925 de
1472 3872 1608 3938 legatomm
1623 3869 1719 3919 iniuriis
1732 3870 1889 3931 cognoscant,

1113 3983 1139 4032 at
1154 3976 1274 4030 foderum
1293 3967 1445 4022 conditiones
1455 3978 1485 4016 ac
1503 3963 1559 4014 iura
1579 3963 1690 4021 servent,
1710 3962 1736 4010 et
1750 3969 1837 4022 pacem
1853 3958 1890 4007 ta-

1112 4072 1194 4130 ciani,
1209 4070 1235 4118 et
1249 4065 1349 4122 lacum,
1364 4058 1453 4109 nisiex
1462 4054 1565 4106 sacratis
1580 4052 1675 4117 legibus
1688 4050 1752 4101 iacta
1763 4048 1890 4110 rideatur,

1111 4165 1208 4215 irritam
1218 4158 1317 4210 iaciant.
1349 4154 1483 4211 Praeterea,
1498 4148 1520 4197 si
1537 4144 1597 4210 quid
1608 4145 1767 4209 imperatores
1783 4139 1823 4190 rel
1834 4152 1891 4190 oon-

1111 4263 1151 4309 tra
1169 4249 1340 4305 iusiurandum
1352 4243 1392 4295 rel
1409 4241 1502 4292 toedera
1517 4237 1675 4296 admiserint,
1693 4234 1719 4284 id
1736 4244 1825 4284 caussa
1848 4245 1892 4282 oo-

1143 4349 1177 4398 ‘ta
1195 4341 1302 4407 explent.
1340 4331 1435 4391 Quibus
1465 4327 1581 4380 omnibus
1611 4323 1738 4376 derebus
1764 4336 1812 4373 suo
1835 4322 1892 4373 loco

1110 4441 1229 4491 dicemus.
1275 4433 1312 4481 De
1341 4428 1531 4479 caduceatorum
1565 4418 1658 4478 allicio,
1688 4427 1739 4478 quo
1768 4413 1804 4464 illi
1829 4414 1889 4463 iun·

1111 4538 1211 4601 guntur,
1233 4526 1330 4591 quotics
1349 4522 1464 4586 repetunt
1483 4529 1566 4581 ρωποι
1582 4528 1598 4563 a
1617 4514 1728 4570 civitate,
1754 4521 1811 4574 que
1823 4507 1891 4557 iniu-

1110 4631 1173 4682 riam
1182 4624 1268 4676 toaisse
1283 4619 1397 4669 rideatur
1408 4613 1479 4677 (hnc
1488 4610 1553 4660 enim
1567 4619 1665 4671 quoque
1676 4605 1750 4666 ιθμοε
1766 4603 1825 4652 sunt
1833 4613 1892 4663 que}

1111 4711 1398 4779 remandatumque
1413 4716 1470 4753 cum
1485 4712 1574 4763 magna
1587 4701 1613 4748 et
1628 4692 1729 4758 pietatis
1743 4692 1770 4741 et
1788 4687 1890 4738 iustitiis

1111 4808 1254 4873 curabant)
1266 4807 1320 4856 brec
1340 4797 1433 4862 accepi.
1466 4798 1534 4846 Unus
1554 4806 1584 4842 ox
1599 4788 1744 4847 latialibus,
1760 4796 1835 4848 quem
1847 4796 1891 4833 re·

1111 4905 1172 4970 liqui
1184 4897 1335 4965 delegerint,
1354 4892 1456 4943 ornatus
1473 4886 1587 4936 reste‘et
1608 4880 1684 4931 sacris
1700 4873 1844 4939 insignibus,
1860 4875 1890 4922 ut

1109 5003 1201 5067 praeter
1218 4997 1314 5046 ceteros
1327 4988 1393 5039 esset
1407 4981 1568 5046 conspicuus,
1587 4973 1620 5025 ad
1635 4972 1721 5023 urbem
1737 4979 1824 5019 comm
1845 4964 1889 5029 qui

1113 5092 1223 5145 lecerunt
1236 5084 1351 5137 iniuriam
1367 5077 1443 5136 venit,
1462 5077 1487 5125 et
1499 5073 1524 5122 in
1536 5068 1595 5133 ipsis
1608 5076 1692 5115 eorum
1705 5056 1793 5107 tubus
1808 5055 1891 5103 stans.

1112 5188 1174 5237 Jove
1184 5179 1322 5241 ceterisque
1339 5171 1387 5223 diis
1402 5164 1531 5224 invocatis,
1546 5158 1652 5210 testatur
1664 5165 1690 5203 se
1703 5147 1786 5199 νοοῖτο
1803 5148 1889 5209 utpro
