4034 5922
8 26 13 35 .
121 2 372 76 «ἦρι,
442 1 515 46 ar·

6 150 14 189 'r

6 116 10 125 .
115 117 180 167 Η,
209 71 443 189 ,μηκα-

688 408 982 482 Anntuurrnt'unt
1002 413 1148 476 HOMAN.
1171 418 1245 477 Llll.
1268 420 1291 482 l.
1748 434 1785 491 li

183 559 200 588 ι
223 557 273 607 μεν
295 538 408 616 ἂπορίορ,
426 542 491 605 θεοῖς
509 536 536 595 it
556 538 690 597 κελεύουσι
708 539 871 615 πειθόμενοι,
891 543 960 621 δεῦρ’
1016 574 1027 596 ι

183 648 199 674 ι
222 623 372 702 ἀφίγμεθα·
386 626 432 682 καί
445 631 525 701 ἡμῖν,
541 627 576 691 ὣς
587 625 621 683 τόι
639 625 754 705 θέσφατα
768 626 858 705 λέγει,
880 629 961 700 λιμὴν
1016 664 1027 686 a

183 716 271 779 «τῆς
292 712 394 782 πλάνης
418 711 462 781 ἥδ’
476 716 542 790 ἡγῆ
564 714 632 788 μόνη
647 713 778 776 λείπεται.
820 714 959 797 Ἐποριζό-
1016 758 1027 778 n

183 826 199 852 ι
224 804 294 875 peda
307 801 331 858 δ’
351 804 380 858 ἔκ
395 804 442 870 τῆς
458 799 547 880 χώρας
568 792 605 859 ὧν
622 805 688 878 ἡμῖν
703 803 742 860 δεῖ
756 803 960 881 δυστυχέστερον
1016 849 1028 871 ,,

1046 554 1090 603 lrac
1110 554 1290 619 habitabimus,
1302 559 1454 625 deorumque
1471 564 1592 616 mandatis
1606 573 1719 630 parentes
1738 572 1786 623 buc
1882 548 1885 553 Ι

1047 647 1200 707 pervenimus
1215 668 1222 697 ι
1240 648 1282 698 hio
1295 650 1361 700 enim
1375 652 1517 718 solusager,
1535 659 1563 705 ut
1579 659 1678 711 oracula
1690 662 1784 725 signiti-

1048 742 1149 799 curnnt,
1167 743 1304 790 nostrornm
1321 755 1432 793 errorum
1447 749 1533 807 portius
1547 747 1619 798 nobis
1632 752 1784 815 relinquitur.

1047 832 1093 878 lies
1114 843 1173 880 vero
1187 831 1257 881 nobis
1272 834 1422 883 necessarias
1435 848 1466 885 ex
1485 836 1532 887 boc
1550 852 1607 899 agro
1621 843 1785 906 parabamus,

143 906 157 944 s
184 915 198 940 ι
224 890 327 962 μᾶλλον
340 888 357 959 ἦ
373 889 595 967 εὐπρεπέστερον,
608 893 643 957 ὡς
656 889 753 961 ἥκιστα
765 890 832 959 τέως
849 891 874 969 γ’
889 892 962 951 ε’όου-

186 1004 200 1027 ι
223 974 338 1052 λόμεθα.
380 976 556 1056 Ἀρκεψόμεθα
566 978 589 1035 δ’
600 976 668 1036 αὖτδ
677 980 786 1044 πολλοῖς
797 980 842 1038 καὶ
854 982 963 1055 ἀγαθαῖς

186 1093 200 1115 ι
223 1063 308 1141 ἔργων
322 1061 462 1136 aporiata,
473 1063 633 1143 παρέχοντες
648 1068 709 1143 ύμῖν
724 1065 769 1125 καί
783 1066 896 1144 σώματα
915 1067 961 1129 καί

186 1181 201 1203 ι
222 1151 309 1232 ψυχάς
331 1140 360 1210 εὖ
380 1151 444 1231 πρὸς
464 1151 497 1209 τὰ
520 1152 592 1212 δεινδι
614 1153 827 1231 πεπαιδευμένας
848 1160 960 1233 χρῆσθαι

187 1268 200 1291 ι
223 1237 295 1304 διτως
321 1237 460 1317 βούλεσθε,
482 1238 530 1309 τήν
555 1239 684 1318 ὑμετέραν
706 1246 756 1318 γῆν
788 1242 960 1321 φυλάττοντες

188 1355 201 1377 ι
224 1326 360 1405 ἀδῄωτον,
378 1325 425 1396 τὴν
440 1324 468 1384 δὲ
491 1329 542 1384 τῶν
557 1325 691 1404 πολεμίων
710 1327 849 1408 προθύμως
864 1353 961 1408 συγκα-

189 1445 201 1466 ·
225 1415 401 1489 τακτόιμενοι.
444 1412 542 1471 Ἱκέται
564 1415 586 1471 δ’
602 1417 675 1490 ὑμῶν
698 1416 823 1493 γινόμεθα
845 1415 882 1492 μὴ
897 1417 961 1495 πρδς

188 1530 201 1555 ι
224 1501 304 1580 ὀργὴν
316 1502 348 1559 τί
365 1500 540 1581 πεπραγμένα
549 1502 712 1578 λαμόάνειν,
725 1504 914 1581 ἐνθυμηθέντας
926 1510 961 1573 ὡς

189 1618 202 1639 ι
224 1591 255 1646 οὐ
277 1586 324 1646 sira
339 1587 427 1665 δόρει,
443 1588 502 1645 ἀλλ’
517 1590 562 1647 ὑπ’
577 1588 693 1667 ἀνάγκης
706 1595 790 1649 ταῦτα
814 1592 961 1668 βιασθέντες

191 1705 204 1726 ι
226 1678 385 1750 ἐποιοῦμεν·
418 1674 488 1732 άπαν
521 1672 549 1732 δὲ
583 1675 737 1754 σύγγνωμον
769 1677 799 1735 τὸ
823 1678 960 1736 ἀκούσιον·

189 1791 202 1816 ι
224 1762 271 1821 καί
288 1765 327 1820 δεῖ
342 1767 410 1835 ὑμᾶς
423 1761 505 1838 μηδὲν
522 1763 637 1822 ίναντίον
657 1766 795 1840 βουλεῦσαι
808 1765 867 1843 περί
883 1770 960 1840 ἡμῶν

189 1880 202 1901 ·
223 1860 315 1932 χεῖρας
329 1848 527 1929 προεχομένων·
547 1852 568 1907 εἶ
584 1850 611 1908 δὲ
625 1849 679 1926 μὴ,
693 1849 763 1918 θεοὺς
778 1853 823 1909 καί
837 1852 961 1930 δαίμονας

186 1964 202 1988 ι
220 1937 246 1995 οἳ
260 1937 402 2015 κατέχουσι
414 1935 492 2007 τήνδε
505 1936 553 2009 τὴν
567 1942 616 2016 γῆν
629 1939 832 2017 παραιτούμενοι
845 1942 960 2017 συγγνώ·

187 2054 200 2077 ι
222 2048 304 2099 μονας
325 2031 391 2100 ἡμῖν
405 2023 525 2099 γενέσθαι
542 2025 608 2103 [καὶ]
627 2017 663 2083 ὧν
683 2028 876 2104 ἠναγκασμένοι
892 2029 959 2105 δρῶ-

187 2142 198 2163 ·
221 2136 287 2185 μεν,
304 2114 482 2189 πειρασόμεθα
496 2112 612 2186 πολέμου
628 2113 755 2194 ἄρχοντας
771 2118 839 2190 ὑμᾶς
860 2115 958 2191 ἀμύνε-

132 2220 158 2258 ar
186 2229 199 2253 ι
222 2208 295 2260 σθαι.
339 2204 380 2261 oc
411 2200 460 2280 γθρ
491 2200 521 2258 δν
544 2207 588 2261 νῦν
615 2201 720 2280 πρώτου
750 2203 808 2262 οὐδὲ
836 2204 958 2283 μεγίστου

185 2315 198 2341 τ
220 2289 339 2364 πολέμου
365 2287 433 2346 τοῦδ’
456 2286 665 2363 ἀπολαύσαιμεν.
687 2316 700 2340 ν
729 2288 775 2356 Ὡς
797 2288 825 2348 δὲ
848 2294 922 2348 ταῦθ’
945 2298 958 2351 ὁ

185 2384 300 2443 Λατῖνος
317 2375 448 2452 ἤκουσεν,
466 2376 634 2454 ἀποκρίνωσι
654 2376 717 2454 πρδς
740 2375 834 2435 αὐτόν·
859 2405 871 2429 κ
889 2376 958 2437 Ἀλλ’

183 2492 195 2513 ι
219 2463 299 2541 ἔγωγ’
314 2463 416 2522 εὔνοιάν
432 2485 462 2520 τε
485 2464 549 2540 πρδς
571 2462 642 2521 ἅπαν
660 2462 689 2522 τὸ
711 2461 866 2534 Ἑλληνικὸν
887 2464 959 2544 γίνος

181 2578 195 2603 ι
218 2551 292 2630 ἔχω,
312 2551 360 2609 καί
380 2550 524 2628 συμφοραῖς
544 2548 686 2628 ἀνθρώπων
712 2552 867 2630 ἀναγκαίαις
889 2552 958 2611 πάνυ

126 2657 153 2694 τε
182 2669 193 2690 ι
219 2640 352 2718 ἄχθομαι·
370 2637 497 2707 σώζεσθαί
517 2641 540 2696 θ’
554 2641 622 2713 ιὃμδς
635 2638 695 2717 περὶ
715 2641 812 2698 πολλοῦ
834 2638 865 2697 δν
880 2663 958 2711 ποιη-

183 2754 196 2781 τ
221 2728 340 2802 σαίμην,
356 2726 382 2784 εί
397 2749 443 2802 μοι
462 2726 535 2796 δῆλοι
557 2724 666 2803 γένοισθ’
690 2727 817 2797 οἰκήσεως
841 2727 958 2805 δεόμενοι

180 2844 194 2866 ι
217 2814 292 2884 ἥκειν
313 2816 341 2871 ir
355 2813 499 2891 ἀποχρώσῃ
516 2836 545 2871 τε
564 2815 612 2889 γῆς
627 2811 720 2891 μοίρᾳ,
734 2812 779 2872 καὶ
793 2815 857 2894 πρδς
870 2816 957 2896 φιλίαν

183 2931 196 2954 ι
218 2907 273 2961 τῶν
295 2900 476 2976 δοθησομένων
501 2899 662 2977 μεθέξοντες,
684 2901 744 2960 ἀλλ’
766 2905 795 2961 οὐ
816 2902 864 2974 τὴν
892 2905 958 2980 ἐμὴν

185 3020 198 3042 ι
223 2988 374 3047 δυναστείαν
397 2986 602 3069 ἀφαιρησόμενοι
616 2986 680 3066 πρδς
692 2989 761 3069 βίαν.
806 2992 840 3051 El
856 2989 880 3050 δ’
895 2995 958 3051 ἐπα-

123 3092 155 3130 εσ
188 3107 200 3130 ι
223 3075 357 3148 ληθεύεται
374 3080 436 3152 ύμῖν
452 3072 491 3133 ὅδ’
511 3078 525 3132 δ
547 3076 638 3151 λόγος,
654 3077 754 3142 πίστεις
774 3079 872 3137 τούτοιν
893 3080 958 3147 ἀξιῶ

184 3193 199 3217 ι
223 3165 311 3223 δοῦναι
321 3164 365 3222 καί
379 3161 487 3237 iaicis,
501 3160 530 3221 σί
543 3163 698 3243 φυλάξουσιν
713 3170 777 3239 ἡμῖν
792 3167 899 3232 ἀδόλους
914 3167 958 3231 εθις

181 3282 196 3308 ι
221 3253 371 3328 ὁμολογίας.

223 3342 300 3401 illl.
312 3339 416 3400 Αἰνείου
425 3337 447 3397 δ’
458 3336 679 3407 ίπαινέσαντοςεδι
691 3340 830 3417 λεγόμενα,
842 3340 958 3418 γίνονται

183 3432 316 3497 συνθῆκαι
328 3434 383 3493 τοῖς
396 3425 492 3485 ίθνεσιν
506 3427 546 3505 ίρ’
559 3426 653 3506 όρκίων
670 3426 781 3485 τοιαίδε·
797 3426 957 3509 Ἀόοριγῐνας

126 3525 155 3566 ὃ
185 3517 235 3596 μίν
247 3518 340 3595 Τρωσὶ
354 3516 441 3575 δοῦναι
452 3512 542 3594 χώραν
554 3512 618 3585 όοην
632 3512 735 3586 ἠξίουν,
748 3513 816 3594 ἀμφί
830 3515 889 3581 τοὺς
900 3538 957 3573 τετ-

182 3602 336 3684 ταράκοντα
350 3602 470 3667 σταδίους
486 3605 623 3679 πανταχοῦ
636 3601 819 3679 πορευομένοις
836 3602 889 3660 ἀπδ
912 3608 956 3661 τοῦ

183 3691 282 3773 λόφου·
295 3690 393 3767 Τρῶας
408 3690 431 3747 δ’
446 3688 586 3767 'stirpi-pict
600 3693 645 3746 τοῦ
660 3687 683 3746 τ’
703 3690 730 3746 έν
745 3688 821 3768 χερσί
840 3687 956 3765 πολέμου

182 3777 366 3839 συλλαθέσθαε
378 3777 424 3834 καὶ
433 3776 497 3834 όπου
509 3775 541 3835 ἂν
552 3776 619 3854 άλλη
629 3777 834 3852 παρακαλῶνται
846 3800 958 3855 συστρα·

182 3868 284 3926 τεύιιν·
294 3867 368 3943 κοινῇ
380 3864 402 3921 δ’
415 3862 575 3942 ἀμφοτέρους
585 3863 620 3920 τδι
632 3863 748 3943 κράτισθ’
758 3864 822 3941 ὑπὲρ
837 3864 957 3933 ἀλλήλων

127 3960 156 4000 ⁴⁰
182 3954 311 4033 πράττειν
323 3952 368 4010 καὶ
381 3951 450 4032 χειρί
464 3950 510 4008 καί
520 3948 625 4030 γνώμῃ.
667 3949 823 4027 Συνθέμενοι
833 3951 861 4009 δὲ
876 3957 959 4010 ταῦτα

183 4041 230 4100 καὶ
241 4039 341 4098 τέκνων
353 4038 488 4118 ὁμηρείαις
499 4037 545 4105 τθις
554 4037 654 4104 πίστεις
666 4037 857 4104 θεόαιιύσαντες
863 4084 874 4109 ,
885 4045 957 4119 κοινῇ

185 4124 375 4206 στρατεύουσιν
387 4123 430 4184 ίπλ
444 4123 491 4191 τθς
502 4125 591 4190 πόλεις
601 4127 653 4183 τῶν
667 4122 813 4186 Ῥοτόλων·
826 4122 859 4182 δι’
872 4125 958 4202 όλίγου

185 4214 214 4275 dl
233 4217 311 4273 sissi
326 4211 413 4271 πάντα
428 4212 620 4293 χειρωσάμενοι
633 4218 756 4292 παρῆσαν
777 4211 822 4272 inl
838 4212 868 4270 τδ
882 4212 958 4272 πόλι-

184 4326 243 4380 σμα
257 4303 287 4361 τὸ
301 4301 424 4381 Τρωϊκὸν
440 4300 563 4378 ἡμιτιλίς
583 4300 619 4363 ίτ’
637 4298 682 4372 όν,
697 4300 742 4359 καὶ
758 4308 807 4380 μιᾷ
825 4300 958 4380 προθυμία

130 4400 156 4438 ⁴⁵
184 4390 281 4456 πάντες
295 4389 458 4469 χρησάμενοι
471 4388 626 4468 τειχίζουσιν
638 4387 713 4447 αὐτό.
756 4382 863 4465 Ὀνομα
879 4389 907 4446 δὲ
920 4394 958 4466 τῷ

185 4476 311 4552 κτίσματι
331 4474 437 4543 Αἰνείας
459 4476 558 4535 τίθεται
582 4469 735 4535 Λαουίνιον·
756 4476 791 4542 ὡς
814 4474 861 4554 μέν
886 4476 959 4535 αὐτοὶ

185 4564 318 4641 Ῥωμαῖοι
327 4562 458 4641 λέγουσιν,
470 4562 522 4623 ἀπὸ
535 4567 581 4635 τῆς
590 4562 704 4622 Λατίνου
714 4562 846 4643 θυγατρὸς,
858 4555 876 4639 ’ᾗ
888 4568 958 4624 Λαῦ-

185 4677 234 4710 ναν
249 4645 316 4711 rival
330 4674 396 4732 φασι
408 4651 538 4729 τοῦνομα·
553 4655 588 4717 ὡς
603 4652 627 4708 δ’
648 4651 723 4709 άλλοι
741 4651 808 4717 τινὲς
822 4655 874 4709 τῶν
890 4649 959 4710 Ἓλ-

185 4743 300 4809 ληνικῶν
314 4740 486 4819 μυθογράφων
500 4738 604 4814 (λείαν,
619 4738 672 4797 άπὸ
685 4742 731 4810 τῆς
744 4737 827 4798 Ἀνίου
836 4743 884 4795 τοῦ
898 4743 964 4809 up,

131 4841 159 4880 so
185 4828 250 4888 λέων
265 4827 394 4906 βασιλέως
409 4826 550 4906 θυγατρός,
566 4825 672 4894 Λαύνας
685 4826 730 4884 καὶ
744 4824 817 4897 τῆσδ’
832 4828 956 4903 ὀνομαζο-

187 4915 284 4993 μένης,
301 4909 333 4986 ἧς
355 4914 532 4985 ἀποθανούσης
551 4915 619 4994 νόσιρ
633 4912 694 4993 περί
708 4912 752 4972 τδν
773 4913 891 4990 οἰκισμόν
911 4919 957 4985 τῆς

188 5003 288 5071 πόλεως
314 5003 420 5081 πρώτης
445 5003 490 5062 καλ
515 5006 542 5061 ίν
568 4992 591 5084 ᾧ
615 5003 697 5078 ἔκαμε
721 5001 811 5082 χωρίῳ
835 5003 959 5083 ταφείσης

188 5098 282 5169 μνῆμα
304 5090 425 5169 γενίσθαι
448 5090 495 5162 τὴν
514 5089 603 5150 πάλιν.
648 5092 820 5165 Συμπλεῦσαι
838 5088 861 5148 δ’
876 5090 958 5163 αὐτὴν

188 5189 241 5245 τοῖς
254 5180 347 5260 Τρωσὶ
365 5176 472 5257 λίγεται
484 5179 602 5237 δοθεῖσαν
621 5177 673 5236 tsi
685 5182 732 5235 τοῦ
752 5175 850 5257 πατρὸς
865 5180 956 5261 Αἰνεία

1016 941 1028 963 o
1046 922 1198 972 miseriarum
1220 928 1360 974 nostrarum
1379 926 1496 977 maiorem
1508 943 1583 992 quarn
1597 933 1731 985 honestatis
1755 951 1786 988 ae

1016 1029 1027 1053 s
1045 1012 1127 1063 decori
1141 1014 1261 1064 rationem
1273 1016 1391 1066 babentes
1410 1030 1417 1061 ι
1433 1017 1500 1081 quod
1514 1024 1581 1070 certe
1598 1021 1726 1088 bucusque
1740 1022 1805 1077 ne·'

1016 1125 1027 1147 n
1046 1118 1169 1168 quaquam
1184 1104 1286 1156 libenter
1302 1107 1413 1159 fecimus.
1447 1110 1495 1158 Sed
1514 1108 1559 1159 lras
1575 1111 1677 1164 iniurias
1694 1118 1782 1168 multis

1016 1216 1028 1241 ιι
1045 1195 1188 1260 magnisque
1199 1197 1325 1247 benellcils
1337 1201 1565 1264 compensabimus,
1583 1205 1723 1268 praebeutes
1740 1224 1785 1258 ro-

1016 1307 1028 1331 r
1046 1288 1121 1338 biset
1134 1302 1236 1351 corpora
1247 1294 1273 1339 et
1285 1289 1377 1339 animm
1389 1290 1450 1342 bene
1466 1292 1490 1341 in
1503 1294 1618 1358 perieulis
1630 1300 1786 1359 exercitatos,

1016 1400 1028 1422 α
1047 1384 1075 1429 ut
1093 1379 1154 1443 ipsis
1165 1394 1210 1443 pro
1225 1379 1327 1430 arbitrio
1339 1381 1440 1431 utamini
1455 1402 1462 1431 ι
1477 1396 1612 1448 agrumque
1625 1391 1735 1438 restrum
1747 1392 1785 1439 in·

1016 1490 1028 1515 n
1047 1474 1142 1521 tactum
1154 1471 1323 1533 servabimus,
1336 1474 1362 1522 et
1375 1473 1398 1523 in
1414 1471 1525 1524 hostium
1542 1490 1601 1538 agro
1618 1480 1725 1541 parando
1741 1495 1786 1530 vos

1016 1581 1028 1606 α
1046 1563 1160 1613 alacriter
1176 1563 1324 1614 iuvabimus.
1358 1566 1458 1627 vosque
1481 1566 1624 1630 suppliciter
1641 1583 1740 1621 oramus
1757 1586 1787 1622 ne

1017 1653 1079 1704 nob
1101 1657 1158 1704 unte
1171 1657 1226 1703 acta
1243 1654 1389 1733 irascamini,
1409 1659 1551 1719 reputantes
1570 1672 1619 1709 uon
1638 1661 1731 1711 iniuriae
1748 1663 1787 1712 ta-

1015 1768 1027 1790 «ι
1047 1747 1141 1799 ciendis
1151 1760 1240 1806 musa,
1251 1746 1296 1798 sed
1304 1747 1450 1797 necessitate
1462 1751 1563 1799 coactos
1572 1764 1617 1799 nos
1628 1751 1682 1801 nae
1691 1753 1786 1803 secisse.

1015 1859 1027 1883 a
1045 1840 1213 1888 omneautem
1222 1841 1351 1901 peccatum
1363 1851 1411 1887 uon
1420 1838 1586 1889 voluntarium
1596 1842 1666 1892 renis
1676 1842 1782 1905 diganum

1014 1950 1027 1973 «ι
1044 1933 1124 1992 Atque
1136 1929 1209 1980 decet
1219 1942 1263 1979 vos
1273 1928 1333 1978 nillil
1344 1928 1479 1993 graviusln
1489 1943 1534 1980 nos
1548 1934 1665 1994 statuere,
1680 1934 1723 1997 qui
1737 1949 1776 1985 ma

1014 2037 1027 2063 ι
1045 2031 1091 2067 nus
1102 2018 1223 2081 supplices
1236 2017 1305 2068 robis
1315 2016 1448 2069 tendimus.
1482 2020 1579 2084 alloqui
1589 2020 1648 2072 deos
1658 2036 1688 2072 ac
1701 2025 1786 2085 genios

1015 2129 1027 2152 ιι
1045 2110 1089 2172 qui
1106 2109 1171 2159 banc
1185 2110 1306 2172 regionem
1323 2112 1408 2159 tenent
1422 2110 1585 2173 precabimur,
1599 2115 1627 2163 ut
1639 2115 1711 2165 nobis
1727 2115 1785 2165 dent

1015 2219 1027 2243 ι
1044 2198 1140 2249 reniam
1164 2198 1301 2249 faunorum
1322 2210 1380 2261 quae
1397 2199 1478 2249 coacti
1506 2200 1624 2263 iacimus,
1643 2205 1718 2265 atque
1742 2217 1787 2254 ros

1014 2310 1027 2333 ι
1046 2289 1140 2339 tainum
1163 2288 1222 2341 belli
1245 2289 1361 2340 iacientes
1378 2290 1520 2354 propulsare
1540 2292 1694 2347 conabimur.
1733 2297 1785 2347 lloe

1014 2400 1026 2423 s
1045 2380 1109 2430 enirn
1130 2379 1221 2430 benum
1237 2393 1284 2431 nec
1302 2380 1408 2444 primum
1426 2394 1472 2433 nec
1493 2382 1628 2431 maximum
1640 2382 1687 2433 erit
1700 2398 1784 2435 eorum

1014 2488 1026 2511 ο
1043 2482 1099 2533 qua
1106 2470 1155 2520 iam
1165 2483 1252 2520 sumus
1267 2470 1368 2534 experti.
1384 2490 1397 2515 ν
1410 2473 1472 2529 Quae
1484 2485 1541 2521 curn
1551 2472 1651 2523 latinus
1661 2472 1783 2533 audisset,

1012 2557 1153 2619 rospondit:
1169 2576 1181 2601 s
1195 2558 1315 2620 Equidem
1336 2558 1459 2609 universa
1475 2559 1542 2622 genti
1559 2559 1703 2611 Graecorum
1722 2561 1783 2613 bene

1015 2663 1027 2687 ι
1044 2644 1100 2693 roto
1112 2647 1137 2693 et
1147 2643 1261 2694 sumtibus
1269 2644 1397 2695 bominum
1407 2644 1506 2695 casibus
1520 2645 1678 2696 vehementer
1689 2661 1765 2711 nugor
1778 2669 1785 2699 2

1013 2750 1025 2775 a
1041 2735 1198 2794 uestramque
1212 2732 1316 2782 salutun
1328 2733 1425 2796 plurimi
1443 2733 1546 2793 indam,
1562 2733 1584 2783 si
1597 2734 1657 2785 mihi
1670 2748 1783 2799 comper·

1013 2840 1025 2865 a
1042 2825 1095 2871 tum
1107 2821 1180 2871 tuerit
1193 2835 1238 2872 vos
1247 2821 1348 2872 sedibus
1362 2822 1387 2871 in
1405 2824 1457 2884 egri
1467 2824 1579 2885 portione
1591 2823 1721 2875 sufficienti
1735 2825 1785 2877 lore

1012 2928 1025 2953 a
1042 2909 1314 2969 contentos,etani1no
1327 2910 1408 2960 amico
1420 2913 1563 2973 accepturos
1581 2924 1639 2973 quae
1655 2911 1726 2962 οοθίε
1737 2913 1785 2962 do-

1013 3015 1026 3038 s
1042 2996 1140 3055 buntur,
1153 3008 1198 3045 nec
1209 3008 1292 3045 meum
1305 2995 1436 3059 imperium
1447 3009 1492 3059 per
1505 2996 1556 3045 rim
1566 3001 1703 3060 erepturus.
1737 2999 1785 3048 sed

1013 3103 1024 3126 ι
1042 3082 1063 3132 si
1076 3097 1132 3132 vera
1144 3087 1202 3132 sunt
1213 3095 1272 3146 ques
1291 3083 1380 3144 dicitis,
1401 3087 1458 3147 peto
1472 3087 1501 3133 ut
1516 3084 1612 3147 probis
1630 3084 1705 3135 rebus
1724 3085 1786 3136 tides

1013 3190 1025 3213 r
1042 3171 1109 3220 ultro
1119 3170 1229 3234 citroque
1237 3170 1310 3221 detur
1320 3174 1346 3221 et
1358 3170 1500 3233 accipiatur,
1513 3184 1570 3234 quas
1582 3171 1664 3222 ludus
1674 3174 1785 3223 nostrum

1013 3272 1025 3296 a
1045 3255 1097 3305 siue
1107 3254 1164 3305 doto
1177 3255 1242 3305 malo
1257 3255 1350 3306 lactum
1360 3255 1461 3307 sauciet.

1041 3344 1275 3394 meromontem
1289 3346 1377 3394 AEueas
1394 3343 1459 3394 dictu
1471 3344 1613 3408 probasset,
1627 3346 1708 3397 fredus
1720 3348 1786 3398 inter

1012 3445 1054 3481 cos
1067 3430 1226 3482 iureiurando
1237 3430 1361 3483 firmatum
1379 3431 1419 3481 his
1436 3433 1615 3485 conditionibus
1628 3435 1705 3486 letum
1722 3439 1782 3487 est:

1011 3521 1040 3567 ut
1051 3517 1192 3580 aborigines
1202 3522 1300 3568 tantum
1311 3519 1363 3582 agri
1371 3519 1480 3569 Troianis
1493 3519 1579 3570 darent
1588 3525 1708 3585 quantum
1717 3524 1785 3586 pete·

1011 3604 1084 3661 bant,
1098 3618 1114 3653 a
1130 3605 1191 3655 colle
1209 3618 1397 3669 quoquoversus
1412 3606 1527 3657 euntibus
1540 3608 1620 3658 stadia
1633 3610 1731 3661 circiter
1744 3624 1784 3661 κε.

1011 3694 1107 3743 Troiam
1118 3707 1177 3747 reru
1186 3698 1212 3744 et
1224 3695 1250 3743 in
1261 3694 1376 3759 praesenti
1385 3694 1451 3745 bello
1462 3696 1605 3760 Aborigines
1617 3697 1747 3758 iurarent,
1759 3702 1785 3747 et

1011 3795 1068 3831 cum
1085 3780 1145 3844 ipsis
1156 3780 1290 3831 militarent
1306 3794 1453 3846 quocunque
1470 3786 1633 3846 vocarentur3
1647 3788 1672 3834 et
1686 3785 1784 3847 utrique

1011 3868 1121 3919 vicissim
1139 3872 1191 3919 tam
1204 3881 1366 3930 nonunquam
1381 3870 1483 3919 consilio
1496 3871 1605 3920 tacerent
1622 3870 1738 3932 quioquid
1752 3871 1784 3920 ad

1010 3968 1166 4008 connmunem
1177 3955 1307 4007 utilitatem
1317 3956 1424 4006 maxirne
1437 3959 1568 4019 spectaret.
1611 3958 1672 4007 Ηωο
1684 3957 1749 4023 inter
1757 3972 1784 4009 sa

1011 4046 1092 4110 pacti,
1110 4046 1232 4108 idemque
1251 4058 1294 4109 per
1308 4043 1398 4093 liberos
1413 4043 1511 4093 obsides
1525 4043 1652 4095 firmantes
1671 4058 1783 4095 commn-

1014 4148 1070 4184 nem
1090 4133 1269 4199 expeditionem
1290 4135 1376 4182 contra
1402 4131 1547 4183 Rutulorum
1570 4132 1652 4201 urbest
1664 4133 1782 4185 lecerunt.

1014 4223 1076 4273 cnm
1097 4225 1181 4273 autem
1205 4221 1275 4271 brevi
1296 4220 1377 4269 omnia
1389 4220 1486 4269 illorum
1500 4219 1526 4271 iu
1545 4234 1616 4272 suam
1640 4224 1786 4285 potestatem

1011 4312 1176 4375 redegissent,
1188 4311 1221 4361 ad
1231 4310 1429 4373 semiperfectum
1441 4309 1601 4361 Troianorum
1618 4311 1735 4375 oppidum
1746 4323 1784 4362 re·

1011 4400 1126 4461 dierunt,
1147 4411 1280 4462 omnesque
1297 4397 1323 4446 id
1343 4397 1396 4462 pari
1412 4398 1538 4450 alacritate
1562 4399 1783 4451 communiverunt.

1013 4487 1077 4536 Huic
1085 4490 1168 4536 autern
1177 4485 1290 4535 absoluto
1301 4487 1389 4537 AEueas
1400 4500 1489 4537 nomen
1496 4485 1624 4538 Ιιενὶοἰιιοι
1636 4484 1743 4539 iudiditr
1756 4491 1784 4537 ut

1011 4574 1058 4638 ipsi
1082 4574 1181 4643 quidem
1198 4574 1302 4624 Romani
1317 4574 1418 4636 dicunt,
1437 4589 1452 4624 ιι
1471 4574 1551 4625 Latini
1564 4573 1629 4634 ntia,
1651 4587 1707 4637 quaa
1729 4594 1735 4622 ι
1755 4577 1784 4624 ut

1011 4662 1096 4725 aiunt)
1110 4662 1387 4722 annunciationis
1401 4663 1442 4712 alii
1460 4675 1520 4712 vero
1535 4661 1634 4725 quidam
1649 4662 1729 4712 Graeci
1744 4662 1783 4711 la·

1010 4750 1124 4802 bolarum
1137 4751 1271 4815 scriptores
1281 4750 1452 4810 tradiderunt,
1467 4750 1498 4799 ab
1511 4749 1567 4799 Anii
1581 4749 1705 4799 beliorum
1717 4750 1782 4811 regis

1011 4839 1076 4899 dis,
1096 4839 1136 4889 cul
1151 4842 1178 4889 et
1192 4838 1238 4902 ipsi
1251 4841 1341 4889 ῐαιιοω
1352 4852 1441 4889 nomen
1453 4839 1522 4897 erat;
1534 4836 1581 4886 bac
1591 4837 1679 4886 morbo
1694 4836 1783 4887 castiu-

1010 4928 1052 4976 ctn
1064 4925 1125 4975 dum
1146 4925 1213 4990 prior
1224 4924 1285 4976 urbs
1299 4925 1453 4982 conderetur,
1472 4927 1499 4973 et
1516 4923 1542 4972 in
1553 4935 1583 4972 εο
1598 4922 1652 4985 ipso
1671 4921 1725 4971 loco
1738 4936 1780 4973 se·

1010 5012 1078 5077 pulta
1090 5013 1114 5062 in
1131 5027 1181 5078 quo
1189 5013 1312 5064 laborarat
1321 5051 1327 5074 ,
1337 5025 1427 5062 nomeu
1437 5011 1462 5061 id
1473 5011 1498 5061 in
1507 4999 1649 5060 memorium
1658 5010 1711 5061 eius
1724 5009 1782 5059 urbi

1010 5112 1063 5150 esse
1079 5098 1228 5163 impositum.
1261 5102 1321 5148 Εοιιι
1335 5101 1419 5149 auum
1436 5110 1493 5147 cum
1512 5098 1622 5148 Troianis
1639 5098 1780 5160 naugasse,

1011 5191 1107 5252 epatre
1119 5188 1202 5250 daupu
1213 5188 1297 5236 AEneae
1311 5186 1421 5249 roganti,
1435 5186 1502 5251 quod
1515 5188 1584 5236 rates
1600 5189 1674 5248 atque
1685 5183 1781 5244 sapiens
