4068 5924
248 428 303 487 lli

244 557 433 638 πλησιοχώρων
457 560 535 616 ἐθνῶν
557 555 591 614 τδι
611 554 740 635 κράτιστα
761 558 943 635 παρακαλεῖν,
970 557 1016 615 καί

246 644 457 724 θιεπρεσύιύοντο
486 642 550 722 πρὸς
578 643 730 723 Τυρρηνούς
754 666 782 700 τε
811 644 857 702 καὶ
889 643 1020 712 Σαόίνους

246 734 393 810 αἰτούμενοι
409 732 579 810 συμμαχίαν.
638 730 748 791 Σαόῖνοι
762 729 809 807 μὲν
824 721 867 790 ούν
882 734 1019 812 θπίσχοντ’

247 823 349 894 αὐτοῖς,
364 819 469 878 tessilo
483 819 594 886 ἐκείνους
608 818 808 895 ἑμόεόληκότας
823 821 861 885 εἰς
878 820 926 893 τλν
946 821 1020 882 Ῥω-

206 920 219 958 i
247 907 332 985 μαίων
345 913 394 986 γῆν
419 906 584 981 ἀκούσωσιν,
612 904 787 973 ἀναλαόόντες
814 907 860 966 καὶ
887 907 962 967 αιίτοί
988 906 1021 967 cd

245 996 315 1056 όπλα
329 997 377 1069 τὴν
389 994 499 1067 πλησίον
516 998 601 1055 αὐτῶν
616 995 705 1077 χώραν
721 997 903 1069 λεηλατήσειν·
916 1003 1020 1078 Τυρρη·

246 1085 286 1144 sci
311 1084 338 1143 ei
364 1083 519 1163 συμμαχίαν
544 1082 715 1144 ἀποστέλλειν
741 1083 916 1161 ὡμολόγησαν
935 1077 966 1158 ἧς
989 1086 1020 1145 ἀν

247 1172 320 1231 αὐτοὶ
335 1172 472 1245 δεηθῶσιν,
486 1173 536 1252 οὐχ
550 1171 662 1238 ἅπαντας
677 1172 721 1232 ἐπί
736 1176 783 1244 τῆς
795 1174 874 1242 stiffi<
890 1174 1023 1250 γενόμενοι

247 1259 369 1339 γνώμης,
384 1260 453 1317 ἀλλά
465 1262 541 1323 πέντε
556 1260 644 1328 πόλεις
660 1259 756 1338 μόναι,
776 1260 916 1320 Κλουσῖνοί
935 1264 1022 1323 τεκαὶ

195 1358 220 1395 ¹⁰
247 1346 391 1425 Ἀρρητῖνοι
409 1347 454 1407 καί
469 1347 679 1428 Οὐολατερρανοὶ
694 1345 859 1407 Ῥουσιλανοί
873 1372 903 1408 τε
918 1349 964 1408 καὶ
985 1350 1024 1409 ἔτι

249 1434 311 1514 πρὸς
326 1435 425 1501 τούτοις
439 1437 665 1496 Οὐετυλωνιᾶται.

217 1514 221 1523 ’
287 1526 348 1586 ΙΛΙ.
365 1523 482 1591 Ταύταις
497 1524 651 1601 ἐπαρθέντες
664 1531 720 1591 ταῖς
739 1522 842 1581 ἐλπίσιν
856 1525 880 1581 ot
895 1527 1022 1599 Λατῖνοι,

246 1612 510 1691 παρασκευασάμενοι
534 1611 643 1689 δύναμιν
661 1609 758 1672 οἰκείαν
784 1610 884 1690 συχνὴν
908 1611 952 1669 καὶ
975 1613 1023 1686 τὴν

246 1699 319 1778 παρθι
333 1703 477 1780 Τυρρηνῶν
491 1696 686 1782 προσλαόόντες
699 1705 737 1768 είς
748 1700 795 1771 τὴν
817 1699 961 1776 Ῥωμαίων
975 1707 1024 1781 γῆν

197 1805 220 1841 ιο
247 1788 377 1847 ἑνίόαλον
392 1786 438 1845 καλ
452 1787 520 1847 κατὰ
535 1787 577 1848 τδν
591 1788 666 1847 αιἰτθν
689 1785 781 1867 χρόνον
792 1789 822 1847 ἑκ
841 1794 887 1849 τοῦ
902 1788 1024 1849 Σαόίνων

248 1872 334 1940 ἔθνους
348 1876 376 1932 αἱ
393 1879 439 1931 τοῦ
455 1874 572 1951 πολέμου
590 1875 758 1948 κοινωνήσειν
771 1876 858 1941 αύτοίς
873 1875 1025 1954 θποσχόμεμ

248 1985 292 2021 ναι
307 1962 395 2028 πόλεις
409 1962 460 2034 triv
474 1969 688 2043 προσυμοροῶσαν
703 1964 793 2032 αύταῖς
807 1962 897 2043 χώραν
919 1964 1021 2043 έδῄουν.

249 2049 284 2111 Ὁ
299 2050 326 2108 δὲ
340 2054 391 2109 τῶν
406 2050 547 2127 Ῥωμαίων
564 2050 686 2129 βασιλεὺς
698 2051 966 2133 παρασκευασάμενος
979 2053 1024 2111 καί

249 2139 326 2206 αὐτὸς
334 2142 359 2198 ἐν
374 2143 412 2220 τῷ
422 2139 520 2215 μεταξύ
530 2141 618 2220 χρόνῳ
630 2139 729 2212 πολλὴν
740 2141 786 2200 καὶ
796 2138 900 2219 ’ἀγαθὴν
915 2140 1024 2217 δύναμιν

196 2244 222 2282 ευ
249 2226 337 2305 ἐξῆγεν
361 2228 403 2287 teri
426 2228 485 2293 τούς
510 2231 654 2309 πολεμίους
677 2229 720 2287 διὰ
747 2228 860 2308 ταχέων.
902 2229 1026 2298 Σαόίνοις

250 2315 297 2393 μίν
312 2307 357 2376 οθν
372 2315 430 2393 ἅμα
447 2316 494 2376 καί
516 2319 639 2386 Λατίνοις
662 2318 789 2394 πολεμεῖν
801 2317 847 2378 καί
870 2318 975 2396 διαιρεῖν
992 2321 1027 2387 τίς

253 2404 298 2483 δύο
314 2404 381 2484 μέρη
396 2406 443 2477 τὴν
462 2405 570 2483 δύναμιν
592 2409 640 2465 οθκ
660 2404 775 2482 ἀσφαλὲς
791 2404 921 2464 ὕπίλαόεν
942 2397 1025 2480 εἶναι,

250 2496 357 2551 ἅπασαν
374 2492 402 2551 δέ
416 2493 462 2564 τὴν
479 2492 603 2573 στρατιάν
620 2493 663 2552 ε’πί
677 2493 804 2560 Λατίνους
818 2492 890 2570 ἀγειν
905 2491 1026 2553 licoisi-

251 2604 329 2639 σατο·
344 2581 390 2638 καί
405 2580 504 2639 τίθεται
519 2582 630 2652 πλησίον
645 2582 731 2640 αὐτῶν
748 2580 791 2639 τθν
804 2580 922 2660 χάρακα.
956 2582 1026 2643 Κατ’

197 2694 222 2731 επ
252 2668 337 2748 ἀρχάς
351 2668 398 2745 μὲν
413 2660 457 2728 οθν
481 2672 596 2749 ὀκνηρῶς
611 2661 681 2749 εἶχον
699 2670 818 2748 ἑκάτεροι
839 2667 937 2734 πάσαις
959 2674 1027 2730 ἀπο-

249 2758 413 2817 κινδυνεῦσαι
439 2765 497 2824 ταῖς
524 2759 664 2834 δυνάμεσι,
689 2758 799 2826 δεδιότες
826 2756 873 2824 τὰς
903 2759 1026 2831 ἀλλήλων

249 2845 434 2926 παρασκευὰς,
463 2836 670 2924 ἀκροόολισμοθς
698 2847 725 2905 δὲ
758 2845 891 2913 κατιόντες
917 2851 947 2907 ἐκ
975 2851 1026 2907 τῶν

252 2933 390 3012 θρυμαίτων
407 2938 431 2992 οἱ
447 2934 520 3015 ψιλοί
532 2937 596 3015 παρ’
607 2934 735 3014 ἑκατέρων
752 2935 866 3015 συνεχεῖς
881 2939 1024 3012 ίποιοῶντο,

251 3023 295 3082 καί
319 3014 386 3095 ἦσαν
403 3026 438 3090 ῶς
457 3022 491 3081 τά
512 3022 589 3082 πόλλ’
614 3022 748 3103 ἰσόμαχοι·
769 3025 864 3105 χρόνῳζ
882 3026 905 3083 δ’
920 3024 1027 3105 ύστερον

198 3140 224 3179 30
256 3110 420 3184 ἐμπεσούσης
443 3113 597 3192 ἀμφοτέροις
617 3115 647 3169 ἐκ
668 3116 720 3170 τῶν
734 3112 855 3170 τοιούτοιν
874 3114 1028 3194 ἁψιμαχιῶν

252 3198 423 3278 φιλονεικίας,
448 3205 644 3271 ἐπιὸοηθοῦντες
659 3204 777 3276 ἑκάτεροι
801 3204 855 3266 τοῖς
877 3204 1025 3280 σφετέροις,

252 3286 334 3364 θλίγοι
345 3310 393 3362 μεν
406 3286 436 3345 τὸ
449 3290 566 3365 πρῶτον,
582 3285 672 3346 ἔπειτα
688 3286 836 3363 σύμπαντες
858 3289 1026 3365 ἠναγκάσθη-

252 3395 300 3430 σαν
316 3374 346 3430 έκ
359 3376 410 3429 τῶν
426 3373 608 3453 στρατοπέδων
628 3375 773 3454 προελθεῖν.
816 3373 870 3434 Καί
881 3375 1014 3437 καταστάν
1024 3405 1036 3420 ·

162 3473 168 3483 ’
250 3482 292 3525 τες
305 3462 341 3526 εἷς
361 3457 450 3539 μάχην
469 3461 558 3540 ἄνδρες
578 3462 636 3521 οὔτε
656 3465 807 3538 πολεμικῶν
829 3462 936 3540 ἀγώνων
954 3466 1026 3545 ἀτρι·

197 3573 223 3612 as
254 3548 307 3613 όεῒς
319 3545 378 3606 οὔτε
392 3549 485 3619 πλήθει
505 3548 571 3609 πολθ
592 3549 746 3619 ἀποθέοντες
761 3550 896 3624 ἀλλήλων,
911 3550 985 3618 πεζοί
997 3574 1027 3609 τε

252 3636 296 3695 καὶ
315 3637 404 3701 ἱππεῖς
418 3638 551 3718 προθυμίᾳ
569 3639 591 3696 θ’
603 3636 756 3717 ὡρμημένοι
776 3637 840 3716 πρθς
854 3637 897 3696 τὸν
912 3639 1026 3716 πόλεμον

251 3725 338 3806 θμοίορ,
354 3724 399 3782 καί
411 3724 535 3784 κινδύνων
545 3727 589 3785 τθν
601 3726 712 3805 ἔσχατον
721 3732 890 3807 ἀναρριπτεῖν
904 3726 1028 3802 νομίσαν·

251 3832 309 3887 τες,
331 3812 495 3892 ἠγωνίσαντο
510 3812 556 3890 μὲν
571 3815 713 3894 ἀμφότεροι
731 3816 808 3892 λόγου
827 3814 914 3881 ἀξίως·
928 3814 1027 3893 διεκρί-

155 3932 157 3935 ’
252 3907 333 3974 θησαν
349 3902 371 3959 δ’
382 3901 502 3974 ἀλλῄλων
519 3901 645 3981 ἰσόμαχοι
659 3900 750 3968 νυκτὸς
766 3901 954 3973 ἑπιλαόούσης.
988 3900 1025 3959 Ἡ

197 4009 224 4049 ιο
253 3990 341 4068 μέντοι
362 3989 431 4065 μετθι
444 3991 488 4049 τὸν
512 3993 601 4067 ἀγῶνα
623 3988 716 4047 διάνοι’
740 3987 871 4067 ἑκατέρων
883 3989 932 4065 οὐχ
948 3986 1028 4063 ὁμοία

252 4076 379 4155 γενομένη
392 4074 517 4156 φανεροθς
531 4076 639 4149 ἐποίησε
655 4075 714 4142 τοὺς
727 4084 843 4154 κρεῖττον
860 4072 1028 4151 ἀγωνισαμὲ·

252 4190 310 4231 νους
333 4170 385 4223 τῶν
403 4164 506 4243 ἑτέρων·
533 4169 565 4243 τῇ
587 4165 639 4245 γὰρ
664 4164 722 4233 ἑξῆς
742 4164 829 4243 ἡμέρᾳ
848 4165 958 4223 Λατῖνοι
980 4163 1027 4238 μὲν

252 4253 339 4323 οθκὲτι
351 4252 483 4331 προῄεσαν
501 4256 531 4312 ἐκ
542 4258 585 4310 τοῦ
600 4253 732 4332 χάρακος,
748 4255 762 4308 ό
777 4251 803 4309 δέ
816 4253 867 4308 τῶν
882 4248 1027 4322 Ῥωμαίων

253 4339 375 4420 βασιλεύς
385 4337 517 4418 ἐξαγαγὼν
535 4339 583 4406 τάς
593 4342 716 4418 δυνάμεις
729 4341 766 4406 είς
779 4339 810 4397 τό
821 4338 908 4397 πεδίον
926 4337 1029 4414 ἕτοιμος

198 4449 224 4487 se
252 4423 283 4502 ἧν
299 4428 389 4509 ἑτέραν
402 4430 532 4485 ποιεῖσθαι
551 4429 655 4507 μάχην,
671 4427 805 4506 καὶμέχρι
819 4427 916 4486 πολλοῦ
939 4434 1024 4485 κατεῖ-

251 4543 299 4597 χεν
316 4522 341 4576 iv
356 4516 427 4584 τάξει
440 4514 486 4586 τὴν
501 4516 635 4595 φάλαγγα.
679 4516 728 4583 Ὡς
738 4518 761 4574 δ’
773 4519 819 4574 οὐκ
833 4513 1026 4591 ἀντεπεξῄεσαν

252 4611 276 4667 cl
292 4608 425 4683 πολέμιοι,
440 4605 585 4672 σκυλεύσας
605 4608 690 4664 αὐτῶν
710 4605 771 4671 τούς
785 4603 891 4684 νεκρούς
904 4602 950 4660 καί
967 4599 1027 4665 τοὺς

253 4697 331 4763 ἰδίους
356 4695 526 4769 ἀνελόμενος,
549 4693 596 4752 σθν
611 4696 701 4773 πολλῷ
714 4689 851 4772 αὐχήματι
873 4694 960 4767 ἀπῆγε
980 4687 1027 4761 τὴν

254 4782 377 4863 στρατιάν
394 4783 436 4842 ἐπὶ
451 4784 493 4843 τόν
509 4786 603 4841 ἑαυτοῦ
622 4782 741 4862 χάρακα.

200 4889 226 4925 ⁵⁰
293 4877 365 4936 Llll.
375 4878 442 4941 Ταῖς
451 4876 474 4933 δ’
487 4874 545 4945 ἑξῆς
555 4876 668 4956 ἡμέραις
678 4870 837 4954 ἀφικομένης
846 4878 897 4937 τοῖς
908 4867 1028 4937 Λατίνοις

255 4959 343 5036 ἑτέρας
374 4962 448 5039 παρά
473 4964 615 5040 Τυρρηνῶν
636 4959 790 5040 συμμαχίας
816 4958 934 5037 δεύτερος
957 4954 1027 5037 ἀγθιν

253 5046 350 5124 γίνεται
364 5048 430 5105 πολὺ
447 5048 541 5123 μείζων
555 5055 602 5108 τοῦ
616 5048 760 5127 προτίρου,
775 5047 802 5114 έξ
818 5038 848 5105 oi
856 5047 931 5120 νίκην
953 5048 1029 5102 ἀναι-

254 5142 336 5213 ρεῖται
352 5134 475 5212 βασιλεὺς
490 5136 634 5212 Ταρκύνιος
657 5136 884 5215 ἐπιφανεστάτην,
900 5127 932 5206 ῄς
949 5136 1026 5200 οὗτος

254 5223 334 5290 αἴτιος
361 5223 513 5299 όιμολογεῖθ
541 5224 591 5283 tei
615 5224 720 5282 πάντων
749 5227 913 5301 γεγενῆσθαι.
965 5225 1025 5282 Κα-

764 423 933 484 DIONYSll
955 425 1333 491 HALIGARNASSENSlS

1073 587 1170 623 morum
1182 572 1330 624 fortissimas
1344 588 1457 638 quasque
1471 575 1568 627 accire:
1584 592 1659 640 quare
1671 577 1765 642 legatos
1774 580 1848 631 πιίιιο-

1074 685 1132 732 runt
1149 681 1180 730 ed
1194 683 1311 731 Etruscos
1329 684 1403 745 atque
1424 682 1526 735 sabinos
1544 682 1637 733 auxilia
1655 687 1777 748 pelenus.
1814 688 1848 738 Ac

1073 786 1157 838 Sabim
1171 786 1270 849 quidem
1282 786 1385 850 polliciti
1393 789 1461 850 sunt,
1471 786 1619 850 simulatque
1627 788 1756 840 audissent
1765 803 1811 845 eos
1823 792 1850 841 in

1075 916 1161 966 agrum
1171 905 1309 952 Romanum
1322 902 1456 966 irrupisse,
1476 906 1656 969 resumpturos
1669 918 1740 956 erma
1749 909 1775 956 et
1783 906 1854 959 nolu

1074 1031 1143 1067 mum
1156 1030 1242 1066 eorum
1255 1030 1342 1081 agrum
1356 1017 1515 1082 populeturos
1529 1036 1535 1067 ι
1548 1019 1646 1070 Etrusci
1658 1032 1718 1070 vero
1731 1021 1847 1084 promise

1076 1126 1133 1174 runt
1150 1136 1176 1172 se
1190 1122 1309 1173 missuros
1322 1124 1428 1186 auxilie,
1444 1124 1535 1193 quibus
1550 1125 1599 1176 illis
1615 1141 1678 1193 opus
1691 1131 1758 1180 essct
1778 1129 1849 1180 iutu-

1077 1243 1148 1291 ιυιιις
1163 1204 1242 1291 neque
1255 1231 1338 1281 umen
1349 1244 1434 1282 omnes
1446 1230 1472 1281 in
1484 1230 1571 1284 eedem
1591 1233 1693 1286 inerunt
1710 1236 1849 1299 senentis,

1076 1335 1121 1386 sed
1131 1336 1241 1401 qriinque
1251 1341 1348 1388 tentum
1361 1339 1487 1402 civitates,
1502 1339 1615 1403 clusini,
1635 1340 1755 1403 amedei,
1773 1341 1850 1393 Vola·

1079 1441 1187 1502 terreni,
1207 1443 1341 1503 Rusellani,
1353 1446 1379 1495 et
1388 1446 1480 1511 preter
1491 1446 1537 1499 hos
1551 1442 1748 1499 Vetulonienses.

1110 1545 1160 1595 iil.
1174 1548 1227 1596 liae
1243 1560 1286 1610 spe
1298 1548 1356 1598 elati
1367 1532 1455 1609 Latini,
1466 1550 1557 1612 paretis
1570 1549 1709 1613 ingentibus
1718 1549 1796 1614 copiis
1807 1547 1851 1600 do-

1078 1652 1189 1703 mesticis
1203 1656 1229 1705 et
1249 1655 1312 1716 aliis,
1331 1670 1394 1720 quas
1411 1657 1509 1708 Etrusci
1523 1657 1641 1708 rnisersui
1658 1658 1802 1722 assumptis,
1824 1657 1851 1706 in

1078 1772 1164 1822 οςιυιιι
1171 1760 1309 1810 sommum
1318 1760 1471 1824 irruperunt3
1480 1766 1506 1811 ei
1514 1761 1602 1813 eodem
1610 1764 1722 1824 tempore
1735 1774 1768 1811 ex
1778 1764 1849 1826 gente

1078 1867 1167 1918 Sabina
1179 1870 1364 1934 civitatesque
1378 1882 1404 1920 se
1414 1869 1472 1920 beili
1480 1871 1560 1921 sodes
1568 1870 1666 1921 internas
1679 1871 1851 1934 promiserunt,

1078 1984 1166 2036 agnini
1176 1975 1306 2026 tinifimum
1314 1978 1452 2028 raserunt
1463 1979 1609 2028 iterantem
1620 1979 1785 2028 Romanorum
1799 1976 1853 2041 ipse

1078 2094 1303 2147 quoquemaguum
1315 2089 1341 2135 et
1357 2085 1469 2138 validum
1491 2084 1642 2147 uomitum,
1663 2099 1737 2149 quem
1758 2085 1853 2136 interes

1079 2193 1185 2252 parerat,
1200 2190 1311 2240 celeriter
1319 2191 1406 2242 eduxit
1418 2194 1445 2242 in
1457 2193 1550 2245 hostes.
1561 2195 1626 2244 (lum
1636 2190 1735 2245 Sabinis
1751 2204 1811 2241 vero
1827 2193 1854 2243 ct

1079 2299 1172 2349 istuis
1184 2301 1260 2352 simul
1274 2302 1366 2353 icium
1379 2316 1477 2368 gerere,
1492 2308 1519 2357 et
1530 2306 1668 2357 exercitum
1682 2306 1709 2356 in
1721 2305 1785 2357 dces
1795 2316 1854 2370 par·

1080 2414 1118 2460 tes
1138 2410 1262 2473 dividere,
1279 2426 1366 2476 parum
1385 2417 1467 2465 tutum
1489 2427 1543 2466 esse
1560 2415 1732 2468 arbitrabatur.
1768 2420 1854 2482 ltaque

1079 2535 1164 2574 omnes
1182 2523 1264 2587 copias
1275 2525 1299 2574 in
1316 2525 1416 2576 Lafinos
1433 2527 1524 2579 ducere
1536 2528 1662 2592 decrerit,
1680 2532 1705 2581 et
1718 2542 1793 2594 prope
1809 2541 1854 2581 eos

1079 2630 1160 2677 castre
1170 2629 1261 2691 posuit.
1279 2629 1402 2695 Principio
1410 2632 1484 2695 igitur
1496 2633 1595 2696 utrique
1602 2633 1781 2687 amoenantur
1794 2634 1854 2686 totis

1080 2736 1173 2787 virinus
1186 2738 1330 2801 perrenae,
1346 2740 1418 2790 nee
1432 2741 1566 2791 alermum
1582 2741 1646 2792 vires
1659 2722 1787 2803 emole,
1809 2743 1854 2794 ser

1080 2842 1142 2893 levis
1162 2848 1293 2895 armature
1310 2844 1400 2896 milites
1422 2860 1453 2897 ex
1473 2847 1649 2898 monitionibus
1664 2848 1789 2911 utrimque
1806 2849 1851 2899 de-

1080 2953 1226 3004 scendentes
1236 2957 1322 3006 crebro
1335 2954 1399 3006 levia
1407 2955 1541 3005 certamina
1553 2956 1747 3020 committebant,
1763 2960 1789 3007 et
1800 2958 1851 3021 ple·

1081 3073 1184 3125 rumque
1199 3074 1271 3124 aequo
1283 3060 1507 3112 merientebootur.
1541 3063 1630 3111 Postea
1645 3061 1745 3113 tandein
1754 3075 1811 3112 cum
1821 3076 1852 3113 ex

1080 3165 1220 3217 istiusmodi
1235 3165 1418 3219 velitationibus
1431 3165 1543 3219 certandi
1562 3166 1673 3218 studium
1689 3168 1755 3232 opud
1770 3172 1853 3219 utros·

1081 3287 1131 3336 quc
1145 3275 1200 3323 orta
1211 3276 1286 3333 esset,
1298 3272 1358 3322 dmn
1376 3272 1474 3337 utrique
1493 3274 1543 3325 suis
1553 3286 1626 3338 opero
1636 3275 1731 3337 ierunt,
1745 3276 1853 3340 primurn

1080 3377 1180 3441 quidem
1187 3378 1259 3442 pauci
1267 3416 1274 3441 ,
1282 3390 1409 3429 mouere
1421 3391 1506 3428 omnes
1515 3390 1546 3429 ex
1558 3378 1645 3430 cestris
1652 3378 1764 3443 progredi
1775 3378 1853 3428 coacti

1082 3487 1147 3534 sunt.
1180 3486 1260 3548 Atque
1273 3482 1394 3547 congressi
1404 3482 1452 3533 riri
1464 3482 1558 3533 bellicis
1570 3482 1743 3533 certaminibus
1754 3482 1851 3533 exerci-

1082 3589 1141 3652 tati,
1158 3593 1184 3639 ei
1197 3602 1300 3639 numero
1309 3590 1359 3638 lere
1372 3601 1459 3653 pares,
1471 3590 1498 3639 et
1507 3588 1561 3652 peri
1576 3587 1650 3637 animi
1662 3587 1788 3638 sine-ritate
1799 3587 1852 3637 sire

1081 3693 1175 3758 pedites
1186 3693 1238 3743 sire
1257 3693 1352 3756 equites
1370 3693 1400 3744 ad
1415 3693 1527 3757 proelium
1545 3691 1675 3754 concitati,
1691 3690 1852 3755 quodentre·

1081 3808 1149 3844 mum
1161 3795 1293 3846 discrimen
1310 3794 1372 3844 inire
1386 3808 1415 3845 se
1433 3794 1614 3858 existimarent,
1637 3792 1738 3857 utrique
1753 3797 1853 3845 strenue

1081 3904 1218 3966 pugnarunt
1233 3921 1239 3952 ι
1252 3901 1297 3951 sed
1307 3901 1386 3951 noctis
1398 3900 1538 3951 interventu
1555 3910 1627 3964 aequo
1641 3900 1719 3949 marte
1735 3896 1851 3959 dirempti

1081 4012 1147 4059 sunt.
1164 4012 1341 4059 Verumtamen
1355 4011 1410 4071 posi
1421 4020 1475 4058 eam
1492 4018 1596 4071 pugnam
1615 4006 1775 4067 utrorumque
1789 4015 1851 4053 con·

1081 4116 1134 4166 silio
1147 4114 1244 4166 diversa
1253 4115 1421 4179 patefecerunt
1431 4114 1530 4179 quinam
1544 4111 1628 4179 proelio
1646 4113 1783 4175 superiores
1795 4111 1854 4163 iuis·

1081 4227 1144 4273 sent.
1161 4226 1263 4274 Postero
1275 4221 1342 4273 enim
1352 4220 1392 4272 die
1406 4220 1486 4271 latini
1497 4233 1528 4270 ex
1543 4219 1630 4270 castris
1640 4232 1688 4269 non
1698 4217 1747 4268 inm
1760 4217 1853 4283 egressi

1081 4328 1140 4378 suot
1157 4345 1164 4377 ι
1182 4329 1209 4377 ot
1230 4332 1272 4377 rei
1294 4328 1459 4377 Romanorum
1480 4322 1556 4387 copiis
1575 4324 1601 4373 in
1621 4336 1736 4388 campum
1756 4321 1853 4373 eductis

1081 4437 1180 4498 paratus
1198 4436 1252 4483 erat
1276 4432 1308 4482 ad
1334 4431 1437 4481 alteram
1458 4442 1563 4495 pugnam
1587 4427 1800 4488 committendum,
1824 4430 1850 4478 et

1081 4539 1157 4589 eciem
1166 4538 1312 4587 instructam
1321 4536 1364 4587 diu
1373 4536 1459 4587 tenuit.
1470 4535 1517 4586 scd
1528 4548 1584 4584 cum
1592 4533 1677 4584 hostes
1687 4547 1736 4583 non
1745 4531 1848 4593 exirent,

1080 4657 1166 4696 eorum
1174 4640 1335 4693 cadaveribus
1345 4639 1455 4705 spoliatis
1466 4641 1492 4690 et
1510 4638 1562 4688 suis
1576 4636 1694 4697 sublatis,
1705 4635 1782 4686 modia
1794 4647 1851 4685 cnm

1080 4751 1197 4805 iocunde
1208 4749 1344 4801 exercitum
1357 4748 1382 4798 in
1394 4750 1475 4797 οεειευ
1486 4743 1591 4795 redusit.

1112 4878 1166 4927 Llll
1192 4873 1354 4938 sequentibus
1365 4875 1449 4922 autem
1462 4868 1557 4929 debus,
1570 4881 1628 4917 cum
1638 4865 1687 4917 alis
1699 4864 1790 4916 auxilia
1804 4866 1850 4914 is·

1080 4993 1139 5044 tinis
1147 4993 1178 5043 ab
1186 4992 1296 5043 Etruscis
1305 4991 1382 5041 missa
1389 4986 1526 5047 venissent,
1537 4984 1615 5034 altera
1628 4996 1710 5047 pugna
1721 4978 1851 5032 commissa

1000 5134 1007 5154 t
1081 5110 1119 5158 est
1129 5107 1199 5167 longe
1214 5106 1292 5169 priore
1305 5102 1425 5163 atrocior3
1440 5114 1469 5151 ex
1480 5115 1529 5165 qua
1540 5112 1584 5150 rex
1593 5095 1852 5161 Tarquiniuemsnime

1080 5225 1199 5288 insignem
1215 5223 1342 5275 victoriam
1356 5220 1501 5284 reportarit,
1528 5218 1598 5268 euius
1620 5218 1702 5282 ipsum
1726 5218 1853 5267 auctorem
