4088 5936
285 419 345 479 aaa

285 555 358 634 αὐτῷ
378 549 503 622 τελευτὴν
524 548 645 630 ἠράσατο
659 554 704 610 τοῦ
727 548 783 609 θίου
805 550 925 628 χενίσθαι
937 548 984 609 καί
1008 557 1062 616 τοῖς

285 648 365 704 αὑτοῦ
379 640 488 717 παισίν,
502 638 559 707 οίας
570 638 661 719 ἐτυχεν
675 644 691 710 ἡ
704 639 778 719 γυνή.

325 732 423 796 LXXI.
445 733 532 792 Ταῦτ’
544 730 624 788 εἰπὼν
636 729 723 788 ἐκάλει
737 729 782 787 καὶ
795 730 855 795 τούς
869 729 964 796 ἄλλους
979 727 1063 787 ἅπαν·

284 842 331 887 τας
345 819 389 879 ἐπὶ
401 818 445 877 τὸν
464 817 542 877 αὐτὸν
559 819 645 895 όρκον.
660 818 696 876 Οἱ
711 817 733 874 δ’
745 816 818 876 οὐδὲν
834 817 872 875 ἐτι
883 815 1063 881 ἐνδοιάσαντες

243 930 256 968 ε
284 908 440 975 άνίσταντο,
455 906 500 965 καί
512 904 542 964 rb
558 903 628 983 ξίφος
645 904 782 985 δεχόμενοι
796 906 859 985 παρ’
870 903 992 976 αλλήλων
1006 904 1064 972 ὦμ-

283 1018 351 1055 νυον.
373 994 525 1071 Γενομένων
540 992 567 1051 δέ
582 996 633 1051 τῶν
649 995 834 1072 ὁρκωμοσιῶν,
851 992 920 1068 μετθι
934 995 1006 1053 τοῦτ’
1021 1014 1062 1050 ευ·

284 1081 329 1151 θύς
353 1083 458 1154 ἐζήτουν
474 1080 512 1148 τίς
539 1083 649 1153 [αὐτοῖς]
675 1084 688 1139 δ
714 1086 761 1152 τῆς
778 1082 967 1161 ἐπιχειρήσεως
989 1079 1064 1140 ἔσται

284 1172 389 1252 τρόπος.
435 1170 518 1231 itali
542 1173 656 1248 Βροῦτος
666 1171 752 1237 αὐτοῖς
767 1172 917 1230 ὑποτίθεται
940 1174 1063 1228 τοιαῦτα·

286 1286 299 1312 ι
320 1262 430 1338 Πρῶτον
447 1257 495 1335 μὲν
512 1257 555 1317 διά
574 1259 693 1339 φυλακῆς
714 1258 760 1325 τθς
784 1259 869 1326 πύλας
883 1259 1003 1337 ἐχωμεν,
1020 1256 1064 1316 ἵνα

232 1364 258 1405 ιο
285 1374 298 1401 ιι
319 1348 400 1426 μηδέν
416 1353 468 1407 τῶν
481 1351 508 1408 ἐν
519 1352 552 1429 τῇ
564 1349 640 1407 πόλει
653 1347 800 1425 λεγομένων
814 1372 841 1406 τε
855 1349 899 1407 καὶ
913 1346 1063 1427 πραττομί·

285 1463 298 1488 ι
313 1459 364 1496 νων
380 1436 450 1497 κατά
463 1440 510 1507 τῆς
526 1435 674 1515 τυραννίδος
689 1435 812 1510 αἴσθηται
826 1435 987 1515 Ταρκύνιος,
1002 1434 1064 1517 πρὶν

285 1551 297 1575 ιι
312 1521 329 1595 ἢ
350 1524 384 1584 τθι
397 1526 460 1605 παρ’
470 1527 544 1602 ὐμῶν
554 1526 665 1604 εὐτρεπῆ
680 1524 811 1604 γενέσθαι.
854 1519 971 1584 Ἔπειτα
988 1523 1066 1601 κομί·

286 1642 299 1665 ι
314 1637 406 1683 σαντες
428 1614 458 1672 τὸ
479 1616 558 1690 σῶμα
584 1619 631 1685 τῆς
656 1613 794 1692 γυναικὸς,
822 1611 857 1681 ῶς
884 1615 954 1674 ἐστιν
970 1610 1064 1690 αίματι

286 1728 298 1757 ι
313 1703 496 1785 πεφυρμένον,
512 1706 547 1771 είς
559 1703 606 1774 τὴν
623 1706 720 1783 ἀγοράν
732 1703 777 1764 καὶ
791 1701 930 1786 προθέντες
945 1705 972 1763 ἐν
989 1725 1066 1784 φανε·

233 1816 258 1855 ιε
286 1821 298 1845 ιι
314 1796 351 1873 ρῷ
374 1795 547 1872 συγκαλῶμεν
568 1794 611 1851 τὸν
634 1793 716 1870 δῆμον
744 1794 780 1860 ιές
805 1791 958 1864 ἐκκλησίαν.
976 1788 1064 1853 Ὅταν

286 1907 299 1932 ι
318 1879 346 1938 δέ
372 1881 483 1960 συνελθῃ
511 1880 557 1939 καί
580 1880 731 1950 πλήθουσαν
758 1879 854 1955 ἴδωμεν
879 1879 926 1952 τὴν
949 1879 1064 1961 άγορθιν,

285 1995 299 2022 ιι
315 1966 450 2048 προελθδιν
464 1965 624 2046 Λουκρήτιός
637 1991 666 2027 τε
681 1967 726 2026 καί
739 1968 900 2035 Κολλατῖνος
914 1969 1065 2049 ἀποδυράσ-

287 2082 300 2108 ιι
317 2060 408 2135 θωσανι
419 2057 467 2125 τδς
478 2059 579 2116 ἑαυτῶν
590 2055 672 2136 τύχας
687 2055 793 2114 άπαντα
807 2054 842 2113 τά
856 2054 983 2133 γενόμενα
999 2057 1065 2136 φρά-

288 2170 300 2199 ι
318 2169 420 2215 σαντες.
463 2146 580 2207 Ἔπειτα
595 2149 647 2205 τῶν
662 2146 752 2206 ἄλλων
766 2145 874 2214 ἐκαστος
894 2146 998 2227 παριὼν
1018 2170 1066 2206 κα-

234 2261 262 2301 ao
288 2236 461 2317 ιτηγορείτω
472 2241 520 2309 τῆς
536 2235 685 2318 τυραννίδος
706 2242 752 2295 καί
766 2235 827 2305 τούς
836 2237 946 2303 πολίτας
960 2235 1066 2307 ἐπέτὴν
1099 2272 1101 2275 -

289 2327 464 2402 «ἐλευθερίαν
487 2326 686 2408 παρακαλείτω.
738 2322 838 2385 Ἔσται
855 2324 883 2384 δέ
904 2333 971 2384 πᾶσι
997 2324 1066 2386 Ῥω-

288 2441 301 2466 ·
319 2414 406 2491 μαίοις
417 2414 477 2473 κατ’
491 2416 582 2495 εὐχὴν,
597 2415 643 2473 ἐὰν
654 2413 745 2473 ἴδωσιν
756 2418 827 2492 ἡμᾶς
844 2413 904 2481 τούς
914 2413 1066 2494 πατρικίους

288 2531 302 2557 ιι
316 2504 445 2583 άρχοντας
457 2507 504 2576 τῆς
523 2504 682 2582 ἐλευθερίας·
697 2500 784 2562 πολλὰ
798 2503 849 2584 γὰρ
863 2501 909 2562 καί
925 2503 996 2561 δεινά
1018 2527 1066 2561 πε·

288 2591 442 2653 «πόνθασιν
464 2590 515 2650 ὑπὸ
534 2597 580 2652 τοῦ
599 2591 740 2671 τυράννου,
765 2591 809 2652 καὶ
829 2599 925 2671 μικράς
945 2593 1066 2671 ἀφορμῆς

234 2711 261 2752 25
288 2680 428 2743 «δέονται.
471 2680 557 2742 Ὅταν
572 2679 600 2739 δὲ
614 2678 738 2757 λάθωμεν
753 2681 784 2741 rb
797 2683 896 2750 πλῆθος
908 2679 1065 2759 ὡρμημένον

289 2796 302 2823 ι
318 2773 466 2829 καταλῦσαι
480 2769 529 2841 τὴν
544 2769 709 2849 μοναρχίαν,
725 2768 811 2851 ψῆφόν
826 2770 849 2828 τ’
863 2769 950 2836 αὐτοῖς
965 2768 1066 2827 άναδῶ-

285 2874 301 2907 “·
315 2880 363 2934 μεν
381 2856 446 2936 ύπέρ
461 2863 507 2918 τοῦ
524 2857 619 2934 μηκέτι
634 2856 777 2933 Ῥωμαίων
797 2859 822 2917 Τ
824 2855 945 2937 αρκύνιον
961 2854 1064 2937 άρξειν,

290 2945 362 3005 «καί
382 2946 411 3006 τδ
426 2948 486 3027 περί
506 2946 605 3005 τούτων
631 2945 716 3024 δόγμα
743 2943 808 3025 πρὸς
835 2944 895 3013 τούς
922 2943 965 3004 ίπέ
986 2967 1066 3025 στρα-

288 3063 301 3088 ιι
317 3035 427 3096 τοπίδου
440 3032 649 3115 διαπεμψώμεθα
669 3038 696 3093 ἐν
716 3035 803 3112 τάχει.
849 3032 902 3093 Καί
916 3032 968 3114 γάρ
991 3035 1015 3093 ct
1033 3031 1066 3091 τά

234 3154 262 3194 ω
289 3151 300 3176 ι
317 3124 387 3184 θπλα
404 3128 521 3204 ἔχοντες,
536 3127 559 3183 εέ
573 3122 679 3202 μάθοιεν
693 3122 734 3182 ότι
748 3123 782 3181 τδι
793 3123 820 3180 ἐν
836 3125 869 3199 τῇ
884 3121 960 3181 πόλει
978 3121 1065 3181 πάντα

289 3240 300 3266 ι
315 3214 369 3281 τοῖς
393 3214 526 3293 τυράννοις
547 3212 616 3272 ἐστὶν
633 3210 773 3291 ἀλλότρια,
794 3209 926 3290 πρόθυμοι
940 3209 1002 3288 περὶ
1017 3209 1066 3281 τὴν

290 3305 365 3374 «τῆς
384 3301 509 3381 πατρίδος
528 3301 675 3379 ἐλευθερίαν
688 3299 858 3379 γενήσονται,
880 3296 941 3357 οὐτε
955 3298 1066 3378 δωρεαῖς

291 3416 303 3442 ιι
319 3388 358 3448 ἐτι
371 3389 544 3470 κατεχόμενοι
557 3394 593 3458 ὡς
609 3388 749 3469 πρότερον,
768 3386 829 3469 ούτε
844 3387 890 3453 τέις
909 3386 996 3466 ὐύρεις
1013 3392 1065 3447 τῶν

290 3477 467 3557 «Ταρκυνίου
490 3477 591 3537 παίδων
612 3500 641 3536 τε
661 3475 707 3536 καί
731 3474 852 3535 κολάκων
873 3473 960 3555 φέρειν
988 3476 1067 3535 δυνά-

235 3592 263 3633 ςς
290 3594 303 3617 ι
320 3588 401 3641 μενοι.
417 3594 430 3617 ιι
450 3568 545 3625 Ταῦτα
575 3565 696 3635 λέξαντος
715 3566 809 3635 αὐτοῦ,
837 3563 1006 3644 παραλαύὼν
1021 3564 1066 3623 τὸν

290 3653 366 3733 λόγον
381 3655 541 3734 Οὐαλέριος·
556 3654 620 3714 «Ta
637 3651 685 3730 μέν
698 3653 778 3725 ἄλλα,
791 3650 901 3733 ἔφησεν,
916 3655 998 3732 ὀρθῶς
1011 3655 1068 3712 ἐπι-

289 3771 301 3796 a
316 3741 463 3820 λογίζεσθαί
475 3764 520 3818 μοι
532 3742 625 3813 δοκεῖς,
639 3740 743 3800 Ἰούνιε·
757 3740 816 3819 περί
826 3740 854 3798 δέ
866 3743 913 3811 τῆς
927 3741 1067 3811 ἐκκλησίας

289 3861 301 3885 ιι
318 3830 356 3890 ἔτι
382 3834 511 3910 βούλομαι
533 3834 642 3906 μαθεῖν,
657 3829 696 3896 τίς
716 3828 863 3888 δκαλέσων
886 3825 962 3885 ἐσται
985 3826 1067 3897 αὐτὴν

293 3921 392 3978 «κατὰ
414 3920 508 3995 νόμους
528 3917 573 3976 καί
588 3917 636 3989 τὴν
657 3918 743 3997 ψῆφον
767 3916 909 3975 ἀναδόντων
929 3914 986 3980 ταῖς
1001 3914 1068 3994 φρά-

235 4041 263 4081 40
292 4030 402 4086 ιτραις.
445 4005 568 4087 Ἄρχοντι
581 4005 632 4086 γάρ
649 4005 807 4064 ἀποδέδοται
831 4008 909 4064 τοῦτο
923 4002 1065 4083 πράττειν,

291 4122 302 4147 ιι
318 4097 394 4169 ἡμῶν
409 4094 432 4152 τ’
443 4097 524 4162 οὐδεὶς
535 4094 659 4171 οὐδεμίαν
676 4094 761 4174 ἀρχὴν
774 4092 841 4174 ἔχει.
859 4118 871 4145 n
916 4089 951 4153 ‘0
966 4091 988 4150 δ’
1005 4095 1069 4152 ύπο-

290 4180 391 4261 τυχών·
415 4209 427 4236 ιι
449 4182 539 4261 Ἐγὼ,
570 4173 708 4266 φησίν,ῶ
734 4185 873 4265 Οὐαλέριε.
930 4189 994 4247 Τῶν
1016 4185 1068 4265 γάρ

292 4299 304 4322 ιι
323 4269 453 4350 Κελερίων
473 4271 561 4351 ἄρχων
589 4270 657 4351 εἰμί·
678 4272 724 4332 καὶ
744 4273 899 4336 ἀποδέδοταί
929 4299 974 4355 μοι
998 4275 1068 4336 κατθ

292 4386 305 4411 ιι
321 4358 415 4437 νόμους
450 4361 590 4430 ἐκκλησίαν
625 4365 705 4421 δπότε
737 4363 879 4440 βουλοίμην
918 4368 1066 4444 συγκαλεῖν.

235 4468 262 4509 ts
291 4477 303 4503 τ
318 4449 423 4510 Ἔδωκε
438 4450 460 4507 δ’
476 4448 535 4524 ἐμοὶ
553 4450 602 4522 erla
616 4454 702 4533 α’ρχλν
715 4456 814 4529 ταύτην
831 4461 845 4516 δ
859 4455 999 4537 τύραννος,
1017 4480 1064 4534 με·

291 4541 408 4618 ιγίστην
430 4528 525 4605 οὐσαν,
539 4544 573 4606 ὡς
595 4543 702 4623 ἠλιθίῳ,
723 4543 768 4602 καί
796 4547 850 4604 οὐτ’
866 4545 993 4625 εἰσομένῳ
1016 4545 1065 4616 τὴν

290 4656 302 4678 ιι
317 4627 427 4704 δύναμιν
442 4629 523 4700 αὐτῆς
537 4626 602 4703 οὐτ’,
624 4633 647 4688 εἰ
665 4632 765 4711 γνοίην,
776 4631 943 4714 χρησομένῳ·
958 4632 1003 4691 καλ
1022 4634 1065 4690 τὸν

290 4743 302 4767 ι
318 4718 386 4775 κατδι
399 4722 445 4776 τοῦ
459 4717 587 4798 τυράννου
602 4719 679 4799 λόγον
691 4724 795 4801 πρῶτος
806 4721 858 4799 ἐγὼ
872 4720 1066 4795 διαθήσομαι.»

328 4806 445 4870 LXXII.
467 4807 514 4875 Ὡς
529 4808 556 4866 δὲ
581 4812 651 4871 τοῦτ’
673 4809 787 4882 ἤκουσαν
803 4809 916 4878 άπαντες
937 4809 1067 4889 ἐπῄνεσάν

236 4922 263 4961 w
289 4915 317 4950 τε
329 4894 374 4951 καὶ
382 4898 416 4961 ὡς
424 4895 478 4955 aab
484 4899 567 4968 καλῆς
579 4897 726 4965 ύποθέοεως
735 4898 880 4980 ἀρξάμενον
892 4897 936 4957 καί
946 4899 1067 4975 νομίμου,

289 4978 323 5037 τά
350 4981 431 5041 λοιπά
459 4983 546 5061 λίγιιν
578 4987 655 5045 αὐτὸν
683 4985 781 5058 ἠξίουν.
830 4989 954 5054 Κάαεῖνος
981 4978 1067 5046 εἶπεν·

293 5095 302 5119 ι
318 5065 428 5139 Ἐπειδὴ
453 5074 526 5133 ταῦθ’
544 5073 612 5133 ούτω
627 5075 752 5152 πράττειν
767 5075 828 5151 ὑμῖν
853 5078 939 5153 δοκεῖ,
961 5076 1067 5136 σκοπῶ-

290 5181 302 5207 ι
320 5159 386 5230 μεθα
399 5158 479 5218 πάλιν
490 5159 529 5228 τίς
548 5167 565 5233 ἡ
584 5159 632 5233 τλν
647 5163 724 5221 πόλιν
746 5164 970 5243 ἐπιτροπεύσουσα
997 5166 1067 5246 ἀρχὴ

290 5272 302 5295 ιι
317 5244 456 5322 γενήσεται
473 5248 541 5325 μετά
554 5250 603 5323 τὴν
624 5250 767 5311 καταλύων
783 5256 835 5311 τῶν
851 5253 997 5332 βασιλέων,
1020 5255 1066 5313 καί

809 415 974 478 DlONYSll
998 412 1377 476 Hatlcnurlnssuusm

1116 574 1172 621 nus,
1189 560 1262 624 quale
1287 557 1385 611 mulleri
1403 558 1439 610 illi
1453 558 1603 623 contigerat,
1621 558 1669 610 sibl
1691 557 1826 625 liberisque
1848 560 1899 611 suis

1117 653 1157 700 est
1165 649 1325 713 imprecatus.

1148 735 1233 785 thltl.
1250 732 1296 784 His
1311 732 1400 793 dictis,
1421 736 1520 784 ceterm
1534 745 1620 784 omncs
1641 733 1672 784 ad
1686 731 1756 783 idern
1771 732 1901 783 iusiuran-

1118 844 1178 895 dum
1190 844 1297 896 roeevit.
1332 843 1370 895 llll
1379 858 1439 896 vero
1449 858 1497 895 non
1508 843 1614 909 amplius
1626 845 1773 895 cunctantes
1786 856 1898 894 surrexe-

1038 993 1046 1014 ,
1120 961 1191 1017 runt,
1208 961 1234 1006 et
1248 956 1329 1008 cultro
1337 956 1381 1008 illo
1391 970 1435 1022 per
1444 970 1532 1008 manus
1547 955 1651 1008 subinde
1662 958 1765 1022 accepto
1776 956 1899 1009 iurarunt.
1945 947 1950 961 '

1118 1068 1182 1117 cnm
1196 1072 1280 1120 autem
1295 1070 1432 1131 iurarunt,
1443 1071 1673 1135 munerationem,
1689 1083 1741 1136 qua
1756 1082 1810 1127 rem
1822 1069 1902 1135 ipsam

1118 1179 1319 1244 aggrederentur,
1334 1193 1447 1245 querere
1462 1184 1590 1246 emperunt
1604 1200 1611 1231 ε
1626 1184 1651 1232 et
1669 1183 1760 1231 Brutus
1775 1179 1826 1229 boc
1841 1192 1902 1230 eoo·

1119 1292 1202 1344 ulium
1217 1292 1265 1343 illis
1278 1290 1368 1342 dedit:
1384 1312 1397 1336 ι
1421 1291 1531 1343 Primum
1543 1291 1613 1343 urbis
1629 1294 1714 1358 pertas
1731 1290 1902 1342 custodiamus

1119 1428 1132 1452 ιι
1146 1407 1252 1473 nequid
1274 1419 1376 1469 eorum,
1398 1419 1454 1470 qun
1476 1406 1503 1456 in
1514 1404 1575 1455 urbe
1592 1409 1638 1456 aut
1651 1404 1771 1456 dicuntur
1782 1407 1827 1455 aut
1840 1403 1903 1456 liunt

1120 1541 1132 1565 ι
1150 1524 1236 1573 annue
1250 1519 1404 1583 tyrannidem
1422 1517 1571 1583 Tarquinius
1591 1517 1696 1577 scebat,
1711 1519 1847 1580 antequem
1861 1530 1903 1571 res

1121 1652 1134 1676 ιι
1150 1635 1242 1682 νοείτω
1252 1630 1302 1681 alut
1311 1632 1412 1695 parata.
1428 1628 1522 1679 Deinde
1534 1629 1610 1678 allato
1624 1625 1734 1676 mulieris
1743 1626 1865 1677 cadavere
1877 1625 1902 1676 in

1122 1761 1134 1785 ιι
1151 1740 1248 1802 lorum,
1263 1745 1292 1792 ut
1304 1744 1343 1792 est
1357 1752 1446 1791 cruore
1457 1738 1590 1798 foedatum,
1614 1736 1744 1788 Lueretius
1756 1742 1783 1788 et
1799 1736 1901 1788 collati·

1122 1872 1134 1897 ιι
1152 1865 1199 1903 nus
1210 1852 1236 1902 in
1246 1850 1356 1902 medium
1367 1849 1500 1915 progressi,
1514 1862 1541 1901 re
1555 1848 1608 1899 totu
1619 1847 1707 1899 ordine
1723 1850 1831 1910 narratu
1844 1860 1903 1899 suas

1122 1986 1136 2011 ιι
1151 1965 1304 2018 calamitates
1318 1963 1453 2029 deplorent.
1498 1959 1595 2012 Deinde
1607 1960 1712 2011 aliorum
1730 1960 1903 2024 unnsquisque

1122 2087 1293 2141 «progressus
1315 2075 1340 2125 in
1356 2073 1478 2132 medium,
1503 2074 1528 2123 in
1542 2072 1698 2136 tyrannidem
1714 2071 1863 2134 invehatur,
1876 2074 1903 2122 et

1122 2209 1134 2232 ι
1150 2188 1217 2238 cives
1226 2185 1257 2237 ad
1270 2184 1411 2238 libertatem
1428 2184 1621 2246 recuperandam
1635 2186 1729 2234 evocet.
1747 2183 1903 2232 uocantem

1122 2321 1135 2344 ιι
1155 2299 1269 2350 omnibus
1282 2297 1399 2350 Romanis
1420 2296 1603 2362 optatissimum
1617 2295 1679 2358 erit,
1702 2293 1725 2346 si
1742 2307 1758 2344 a
1772 2293 1844 2344 uobis
1857 2305 1901 2358 pa·

1123 2432 1135 2456 ι
1152 2410 1230 2463 triciis
1246 2408 1368 2461 libertatis
1380 2408 1477 2459 initium
1499 2407 1554 2459 lieri
1575 2405 1684 2457 viderint
1702 2424 1709 2455 :
1728 2404 1821 2456 mulus
1836 2402 1902 2455 enirn

1122 2542 1135 2566 ι
1150 2526 1275 2587 etgraves
1288 2518 1416 2570 ἰοίιιιίεει
1429 2520 1534 2582 tyranno
1544 2518 1702 2581 acceperuut,
1715 2527 1840 2580 parvoque
1851 2513 1899 2564 im·

1122 2655 1135 2678 ιι
1150 2633 1223 2698 pulsu
1231 2645 1261 2682 ac
1272 2630 1321 2682 leri
1334 2628 1462 2680 occasione
1475 2641 1539 2692 opus
1548 2628 1595 2677 est.
1606 2625 1655 2676 uui
1668 2638 1729 2676 vero
1740 2622 1903 2677 ίιοίνιιοεὶοιιιε

1123 2767 1134 2790 ιι
1152 2742 1248 2811 plebem
1265 2741 1298 2793 ad
1314 2739 1468 2804 tyrannidem
1491 2736 1650 2789 erertendam
1670 2718 1827 2800 propensam.
1849 2733 1903 2785 eius

1123 2868 1136 2893 ιι
1152 2845 1275 2910 suffragiis
1292 2843 1424 2907 tarquinio
1442 2854 1543 2909 regnum
1564 2840 1725 2902 abrogemus,
1740 2842 1766 2889 et
1783 2838 1831 2888 boc
1849 2838 1903 2902 ple-

1122 2981 1134 3004 «
1153 2959 1269 3010 biscitum
1285 2956 1399 3008 celeriter
1419 2953 1451 3004 nd
1470 2967 1513 3005 eas
1531 2952 1577 3016 qui
1590 2953 1615 3002 in
1628 2951 1718 3003 caetris
1737 2954 1796 3002 sum
1817 2949 1902 3000 mitta·

1123 3093 1135 3117 ιι
1152 3084 1220 3122 mus.
1256 3073 1317 3122 llam
1337 3069 1359 3120 si
1378 3068 1468 3118 milites
1490 3070 1567 3118 totam
1584 3065 1672 3115 urbem
1693 3077 1708 3113 a
1732 3063 1843 3127 tyrannis
1858 3062 1902 3116 de·

1122 3204 1134 3228 a
1149 3181 1237 3234 iecisse
1258 3179 1433 3244 cognoverint,
1453 3176 1539 3242 patriae
1559 3176 1667 3227 libertati
1688 3175 1840 3238 studebunt,
1859 3188 1904 3225 nec

1122 3320 1135 3345 a
1151 3294 1319 3362 largitionibus
1337 3293 1443 3358 amplius
1461 3291 1674 3344 detinebuntur.»
1708 3292 1770 3341 Hace
1789 3303 1848 3341 eum
1864 3289 1904 3342 ille

1121 3409 1237 3470 dixisset,
1250 3406 1363 3458 Valerius
1377 3405 1434 3456 elus
1446 3404 1524 3455 rerba
1539 3403 1664 3468 excipiens
1679 3422 1685 3451 ι
1703 3422 1715 3447 ι
1730 3402 1834 3466 lleliqna
1846 3399 1903 3464 qui-

1123 3543 1135 3567 «
1150 3523 1216 3584 dem,
1228 3521 1316 3585 inquit,
1330 3519 1395 3581 Iuni,
1409 3523 1476 3568 recte
1487 3516 1549 3567 mibi
1558 3516 1648 3582 rideris
1664 3513 1850 3565 ratiocinatione
1861 3516 1904 3563 tua

1123 3656 1136 3680 a
1151 3635 1264 3698 colligere
1275 3653 1282 3683 ι
1292 3631 1325 3683 de
1333 3631 1439 3683 comitiis
1452 3643 1511 3679 vero
1520 3627 1581 3679 illud
1590 3641 1622 3679 ex
1631 3631 1657 3678 te
1668 3628 1732 3678 scire
1741 3627 1825 3689 aelim,
1834 3626 1901 3692 quis-

1123 3767 1136 3791 ιι
1151 3758 1208 3796 nam
1225 3742 1333 3808 legitime
1356 3754 1386 3793 ea
1404 3741 1512 3791 indicere
1529 3744 1556 3790 et
1575 3738 1695 3803 sulrragu
1721 3736 1798 3788 curiis
1819 3738 1902 3789 distri·

1123 3873 1135 3896 «
1151 3854 1226 3903 buere
1245 3850 1330 3915 possit.
1365 3849 1525 3913 Magistratus
1549 3850 1613 3899 enim
1636 3849 1684 3900 troc
1704 3854 1744 3900 est
1762 3848 1875 3899 officium
1896 3869 1902 3898 ι

1123 3985 1135 4009 ιι
1153 3978 1225 4016 nemo
1238 3976 1297 4014 vero
1310 3965 1422 4014 nostmm
1444 3962 1523 4013 ullum
1542 3961 1714 4025 magistratum
1729 3960 1800 4025 gerit.
1820 3980 1833 4006 ν
1866 3958 1906 4010 Διί

1122 4071 1176 4122 linae
1193 4070 1252 4121 ille:
1275 4088 1288 4116 ιι
1306 4073 1371 4135 Ego,
1393 4069 1488 4134 lnquit,
1512 4068 1599 4120 Valeri.
1634 4071 1693 4120 sum
1711 4069 1776 4120 enim
1789 4069 1903 4120 celerum

1123 4176 1279 4238 «tubanus,
1306 4177 1333 4226 et
1357 4173 1480 4225 concionis
1510 4172 1691 4235 convocando,
1709 4172 1904 4237 quotiescunque

1123 4307 1135 4330 ιι
1156 4287 1247 4351 eelim,
1272 4288 1382 4349 potestus
1401 4282 1462 4333 mibi
1475 4295 1519 4347 per
1538 4282 1606 4345 leges
1618 4282 1677 4333 data
1696 4285 1743 4333 est.
1776 4285 1904 4347 Tyrannus

1126 4411 1139 4435 ιι
1154 4390 1220 4441 enim
1244 4390 1378 4441 maumam
1398 4389 1464 4439 bunc
1494 4386 1664 4451 magistratum
1687 4386 1757 4438 dedit
1779 4386 1841 4438 mibi
1876 4389 1905 4438 nt

1123 4517 1135 4541 ιι
1151 4496 1243 4559 stulto,
1257 4500 1284 4547 et
1294 4499 1411 4560 unquam
1424 4494 1474 4545 rim
1488 4494 1542 4545 eiua
1556 4506 1585 4544 ac
1604 4494 1752 4558 potestatem
1761 4506 1812 4544 non
1820 4493 1901 4556 engul-

1123 4626 1135 4649 ιι
1153 4608 1218 4666 turo,
1234 4618 1313 4669 neque
1329 4604 1350 4653 si
1365 4615 1538 4668 cognoscerem
1556 4614 1586 4652 ca
1600 4614 1693 4652 usuro:
1707 4599 1844 4664 quinetiam
1859 4613 1904 4666 ego

1123 4734 1135 4759 ιι
1151 4715 1246 4781 primus
1262 4714 1287 4764 iu
1300 4716 1431 4777 tyrannum
1449 4723 1565 4777 perorare
1576 4712 1750 4775 sumparatus.
1764 4729 1778 4755 ιι

1153 4822 1249 4871 Lllltll.
1267 4822 1359 4872 omnes
1384 4818 1423 4871 lils
1441 4818 1535 4870 auditis
1561 4830 1619 4869 eum
1655 4816 1799 4878 laudarunt,
1830 4819 1857 4868 et
1874 4819 1902 4865 nt

1122 4910 1217 4961 bonesti
1238 4923 1267 4960 ac
1287 4909 1385 4975 legltlml
1407 4909 1503 4960 conallli
1525 4911 1669 4972 auctorem,
1687 4907 1782 4972 relique
1803 4919 1902 4971 quoque

1122 4998 1204 5051 dicere
1214 5000 1346 5052 iusserunt.
1366 4999 1409 5051 llle
1423 5004 1505 5051 antem
1524 5000 1650 5066 respondit
1668 5017 1699 5047 z«
1715 4998 1838 5057 Quoniam
1848 4995 1901 5045 bec

1124 5108 1136 5130 «
1150 5089 1263 5139 nobisita
1274 5089 1424 5154 fieriplacct,
1438 5090 1486 5141 hoc
1496 5089 1633 5149 videamus,
1648 5088 1760 5155 quisnam
1771 5087 1901 5150 ιιιιιςίείτε·

1125 5194 1137 5217 ιι
1155 5180 1196 5226 tus
1207 5181 1263 5240 post
1277 5191 1346 5242 reges
1354 5182 1454 5228 enectos
1465 5177 1534 5228 urbis
1547 5177 1677 5241 imperium
1690 5176 1822 5228 lraln'turus
1831 5176 1864 5227 sit
1876 5175 1901 5225 et

1127 5281 1138 5303 ιι
1154 5277 1169 5312 a
1184 5278 1235 5329 quo
1256 5267 1369 5327 crentus;
1380 5265 1431 5316 imo
1447 5265 1514 5330 prlus
1527 5265 1611 5327 etiam
1628 5278 1743 5329 quaenam
1767 5266 1801 5318 sit
1820 5265 1900 5316 lutura
