4068 5924
650 400 943 477 ANTIQUlTATUM
964 417 1110 485 ROMAN.
1135 427 1207 489 uta.
1233 434 1267 494 tl.

134 535 150 568 ε
169 514 268 573 ιδοῶσα
294 520 344 576 τῶν
372 528 483 596 σεαυτῆς
506 527 625 608 άδελφῶν
648 532 693 591 τδν
716 542 762 594 τοῦ
794 546 915 614 μνηστῆ-
973 548 988 608 ¹.

133 623 150 655 ε
170 624 218 680 ρος
235 605 387 675 ἀνακλαίεις
402 610 497 690 μόρον,
515 616 569 675 οὐδ’
586 618 635 677 ὐπὸ
656 626 702 678 τοῦ
722 622 830 692 σκότους
852 633 917 688 ἀπο-

133 712 149 744 s
169 692 305 769 φθαρεῖσά
326 718 376 755 που
390 700 460 758 κατὰ
474 705 566 781 μόνας,
589 707 646 765 ἀλλ’
670 711 697 767 ἐν
712 719 763 779 τοῖς
792 713 917 776 ἁπάντων

133 798 151 833 1
168 777 333 858 ὀφθαλμοῖς,
350 785 395 840 καί
409 808 455 862 μοι
468 788 515 861 τήν
528 793 622 871 ἀρετήν
643 797 760 865 καὶτοὺς
776 802 917 883 στεφάνους

131 886 150 919 ε
167 866 320 942 ὀνειδίζεις,
337 858 360 927 ῶ
374 875 566 955 Ιφευθοπαρθένε
579 882 625 939 καλ
637 885 781 967 μισάδελφε
795 891 840 949 καί
855 896 918 951 εἷνα-

130 974 150 1008 ι
168 953 215 1023 ξία
229 960 282 1014 τῶν
298 959 439 1038 προγόνων.
482 963 592 1040 Ἐπειδὴ
615 971 699 1032 τοίνυν
719 976 822 1044 αὐτοὺς
836 980 914 1039 εἰδελ-

130 1062 148 1097 ε
168 1042 237 1122 φαύς
251 1048 351 1121 ποθεῖς,
365 1049 435 1108 ἀλλά
447 1048 505 1118 τούς
523 1056 658 1137 εἰνεψιούς,
672 1062 717 1120 καὶ
734 1065 764 1124 τδ
778 1066 827 1139 μὲν
842 1069 913 1145 σῶμ’

129 1156 148 1187 ι
170 1135 201 1191 ἒν
214 1136 268 1203 τοῖς
283 1139 362 1205 ζῶσιν
377 1140 463 1219 ἔχεις,
477 1140 525 1213 τήν
539 1145 567 1204 δὲ
587 1149 674 1227 ψυχήν
684 1152 757 1231 παρὰ
773 1159 810 1235 τῷ
822 1162 915 1238 νεκρῷ,

129 1245 148 1276 α
165 1223 245 1282 άπιθι
263 1225 327 1307 πρὸς
340 1228 454 1301 ἐκεῖνον,
465 1228 494 1287 δν
511 1232 647 1314 ἀνακαλῇ,
661 1238 708 1297 καί
722 1240 791 1316 μήτε
803 1243 847 1302 τὸν
859 1270 915 1305 πα-

130 1331 147 1363 ε
167 1309 236 1387 τέρα
252 1312 318 1386 μήτε
332 1314 393 1382 τούς
407 1317 532 1398 ἀδελφοὺς
550 1323 722 1404 καταίσχυνε.
740 1355 752 1379 ν
775 1332 859 1391 Ταῦτ’
872 1337 913 1393 εί-

126 1395 191 1454 adn
219 1402 266 1456 οὐκ
290 1402 415 1482 ἐφύλαξεν
433 1408 460 1463 ἐν
484 1410 523 1487 τῷ
542 1413 712 1494 μισοπονήρῳ
736 1416 766 1475 sd
790 1422 909 1499 μέτριον,

126 1484 195 1541 ἀλλ’
211 1487 249 1550 ὡς
262 1478 332 1566 εἶχεν
351 1491 430 1569 ὐργης
450 1496 511 1553 ωθει
526 1496 568 1552 δια
583 1502 635 1557 τῶν
649 1503 770 1581 πλευρῶν
789 1507 870 1577 αὐτῆς
883 1509 913 1566 τὸ

127 1572 216 1653 ξίφος
235 1575 391 1644 ἀποκτείνας
406 1579 432 1638 δὲ
449 1581 496 1652 τὴν
511 1583 626 1664 ἀδελφὴν
649 1592 736 1669 παρῆν
752 1593 787 1657 ὡς
803 1591 846 1651 τὸν
861 1617 913 1652 πα-

125 1662 208 1740 τέρα.
252 1663 332 1723 Οὐτω
346 1666 369 1723 δ’
381 1665 432 1746 άρα
454 1671 619 1752 μισοπόνηρα
634 1676 680 1733 καὶ
693 1679 793 1752 αὐθάδη
814 1681 848 1739 τά
859 1686 911 1740 τῶν

125 1751 193 1808 τότε
215 1748 361 1829 Ῥωμαίων
388 1755 440 1830 ήθη
463 1760 508 1815 καί
534 1761 682 1841 φρονήματ’
696 1756 728 1836 ῆν
750 1767 809 1841 καί,
829 1770 855 1828 εἴ
875 1794 913 1837 τις

126 1839 200 1898 αὐτὰ
212 1840 334 1919 βούλοιτο
347 1844 421 1924 παρὰ
441 1844 476 1903 τθ
489 1853 534 1906 νῦν
553 1848 617 1931 ἔργα
631 1851 676 1909 καί
692 1852 750 1923 τούς
772 1859 811 1936 ἐφ’
831 1862 909 1932 ἡμῶν

126 1925 261 1997 ίξετάζειν
277 1929 366 2008 βίους,
383 1932 444 2009 ὠμά
460 1936 505 1993 καὶ
519 1939 623 2021 σκληρά
647 1942 692 2000 καί
706 1949 752 2015 τῆς
768 1945 911 2026 θηριώδους

125 2019 160 2075 οὐ
180 2019 249 2077 πολύ
272 2021 406 2100 ἀπέχοντα
430 2024 548 2103 φύσεως,
563 2028 629 2089 ὥστε
653 2034 733 2100 πάθος
747 2034 813 2094 οὕτω
828 2038 909 2097 δεινὸν

125 2110 142 2163 θ
157 2107 248 2183 πατήρ
263 2109 379 2177 ἀκούσας
398 2113 447 2192 οὐχ
461 2111 532 2182 ὅπως
552 2119 754 2196 ἠγανάκτησεν,
774 2124 842 2183 ἀλλὰ
856 2152 908 2187 κα-

125 2195 182 2260 λῶς
206 2218 253 2253 και
279 2199 464 2275 προσηκόντως
487 2204 604 2263 θπελαόε
630 2206 661 2265 τὸ
686 2211 804 2291 πραχθὲν
828 2212 908 2295 ἔχειν·

126 2286 157 2347 ὅς
176 2286 203 2359 γ’
219 2283 274 2342 οὔτ’
291 2287 327 2350 εἰς
343 2286 389 2355 τῆν
402 2290 486 2347 οίκίαν
506 2290 595 2351 είαοεν
614 2297 791 2377 εἰσενεχθῆναι
805 2301 849 2360 τὸν
864 2328 909 2362 νε-

126 2369 191 2447 κρὸν
205 2375 253 2439 τῆς
274 2373 416 2453 θυγατρὸς,
443 2375 499 2435 οὐτ’
521 2379 547 2436 ἐν
569 2388 622 2448 τοῖς
646 2386 777 2465 πατρῴοις
800 2394 907 2461 τεθῆναι

126 2459 267 2536 μνήμασιν
288 2463 451 2548 ἐπέτρεψεν,
477 2464 536 2526 οὐτε
562 2470 667 2539 κηδείας
691 2475 736 2533 καλ
751 2482 907 2555 περιστολῆς

125 2548 239 2607 καὶτῶν
253 2551 341 2609 ἄλλων
356 2550 476 2628 νομίμων
493 2556 664 2630 μεταλαθεῖν·
686 2562 746 2620 ἀλλ’
760 2565 784 2619 οἱ
796 2567 906 2642 παριόν-

123 2659 170 2703 τες
183 2636 264 2709 αὐτήν
284 2637 446 2719 ἐρριμμίνην
467 2643 493 2699 ἐν
510 2634 532 2722 ᾧ
550 2646 692 2724 διεχρήσθη
707 2650 797 2731 χωρίῳ
821 2656 907 2717 λίθους

125 2725 309 2806 άπιφορούντες
334 2728 381 2786 καὶ
405 2733 455 2806 γῆν
474 2731 616 2802 ἐκήδευσαν
637 2738 672 2802 ὡς
694 2742 782 2815 πτῶμ’
806 2738 903 2821 ἔρημον

124 2816 287 2892 κηδομένων.
341 2819 367 2877 Τ
369 2818 437 2879 αὐτά
456 2843 484 2879 τε
501 2820 532 2892 δή
547 2821 643 2904 στερρὰ
663 2830 707 2885 τοῦ
724 2826 833 2906 ἀνδρὸς,
857 2832 902 2891 καί

125 2908 166 2966 ἐτι
178 2910 243 2986 πρὸς
256 2908 371 2982 τούτοις,
386 2910 404 2969 ἃ
419 2909 508 2986 pllio
526 2913 622 2993 λέγειν·
637 2920 672 2984 ὡς
687 2918 738 3000 γάρ
752 2920 796 2980 ἐπί
815 2926 904 2993 καλοῖς

125 3018 156 3053 τε
169 2996 214 3056 καί
229 2997 365 3077 εὐτυχέσιν
379 2996 464 3078 ἔργοις
479 3003 626 3081 αὐθημερὸν
641 3003 757 3073 ἔθυετοῖς
771 3010 902 3092 πατρῴοις

71 3096 98 3135 to
124 3085 192 3149 θεοῖς
214 3083 245 3149 d<
259 3084 352 3152 εὔξατο
375 3086 481 3160 θυσίας,
503 3088 549 3147 καί
563 3090 623 3160 τούς
637 3099 768 3172 συγγενεῖς
787 3098 902 3158 ἑστιάσει

123 3172 238 3253 λαμπρᾷ
249 3173 298 3252 [τε
311 3173 379 3246 καί]
396 3175 515 3254 καθάπερ
529 3177 556 3234 tu
566 3178 624 3245 ταῖς
644 3180 780 3257 μεγίσταις
801 3188 902 3265 ἑορταῖς

125 3261 281 3339 ὑπεδέχετο.
298 3261 421 3329 ἐλάττους
444 3263 586 3340 ἡγούμενος
611 3267 657 3334 τίις
677 3269 743 3338 ἰδίας
765 3277 902 3355 συμφορὰς

124 3352 177 3407 τῶν
189 3354 280 3409 κοινῶν
300 3355 347 3421 τῆς
367 3350 490 3431 πατρίδος
505 3355 622 3430 ἀγαθῶν.
638 3358 724 3418 Τοῦτο
738 3363 762 3417 δ’
778 3363 807 3421 οὐ
823 3364 901 3439 μόνον

125 3440 141 3496 θ
158 3436 296 3517 Ὁράτιος,
309 3439 378 3498 itit
392 3439 438 3499 καί
453 3444 511 3517 μετ’
528 3444 625 3503 ἐκεῖνον
638 3445 713 3504 άλλοι
729 3449 821 3525 συχνοί
836 3450 902 3512 Ῥω·

70 3563 97 3601 3
125 3529 215 3609 μαίων
230 3532 436 3607 μνημονεύονται
458 3534 613 3606 ποιήσαντες
638 3536 728 3618 άνδρες
749 3542 898 3621 ἐπιφανεῖς,

123 3620 199 3695 λέγω
226 3617 253 3675 δέ
276 3621 306 3677 τό
324 3622 393 3679 θύειν
416 3619 463 3680 καί
487 3635 656 3703 στερηφορεῑν
688 3626 734 3685 καὶ
757 3629 900 3707 θριάμύους

122 3705 254 3780 κατάγειν
271 3705 365 3766 τέκνων
391 3710 477 3775 αὐτοῖς
498 3712 672 3771 ἀπολωλότων
694 3712 817 3795 ἔναγχος,
840 3718 900 3776 ὅταν

122 3790 263 3871 εὐωχήσῃ
286 3793 319 3850 δι’
334 3794 423 3863 αὐτοὺς
445 3796 475 3856 τὸ
500 3798 596 3856 κοινόν·
612 3801 677 3880 ὑπὲρ
699 3793 735 3860 ῶν
756 3804 825 3864 sart
840 3806 898 3874 τούς

123 3881 235 3949 υίκείσυς
246 3884 298 3961 ίρῶ
313 3896 428 3960 καιρούς.

71 4002 99 4037 ω
164 3970 258 4031 XXII.
273 3971 349 4029 Μετὰ
358 3971 386 4028 δέ
396 3971 442 4044 τήν
455 3971 545 4052 μάχην
560 3978 611 4032 τῶν
626 3977 756 4057 τριδύμων
769 3980 898 4058 Ῥωμαῖοι

125 4056 175 4133 μέν
187 4060 210 4116 οἱ
223 4057 276 4117 τότ’
287 4060 359 4124 ὄντες
373 4058 417 4118 ἐπί
440 4061 616 4138 στρατοπέδου
632 4068 714 4144 ταφθις
729 4070 900 4148 ποιησάμενοι

122 4148 247 4227 λαμπράς
261 4151 314 4207 τῶν
328 4147 512 4209 ἀποθανόντων
533 4153 560 4209 ἐν
571 4141 609 4218 οἷς
622 4153 714 4212 ἔπεσον
726 4160 840 4236 χωρίοις,
852 4161 897 4221 καί
898 4218 908 4245 ¹

123 4236 245 4301 θύσαντες
256 4238 393 4294 τάπινίκια
405 4245 457 4304 τοῖς
467 4241 570 4307 θεοῖςέν
584 4241 732 4310 εὐπαθείαις
744 4235 812 4316 ἦσαν
841 4246 899 4307 Ἀλ-

127 4320 202 4381 tanat
224 4325 246 4380 δ’
270 4324 410 4403 ἀχθόμενοι
426 4320 505 4407 [ἐπὶ]
526 4335 581 4392 τοῖς
594 4329 776 4405 συμύεύηκόσι
796 4333 897 4394 καὶτὸν

72 4438 96 4475 ις
123 4409 280 4488 ῆγεμόναδί
293 4411 379 4480 αἰτίας
393 4416 508 4492 ἔχοντες,
520 4417 553 4479 ῶς
567 4419 655 4483 κακῶς
667 4423 895 4499 εστρατηγηκότα,

124 4500 207 4558 ἄσιτοί
235 4499 258 4558 θ’
277 4504 301 4559 οῖ
321 4501 416 4561 πολλοὶ
443 4501 489 4561 καί
515 4504 685 4582 ἀθεράπευτοι
711 4507 760 4578 τὴν
786 4511 898 4591 ἑσπέραν

121 4588 224 4658 ἐκείνην
238 4589 397 4648 διετελεσαν.
449 4592 491 4668 Ἰῆ
507 4589 530 4647 δ’
543 4590 600 4661 ίξῆς
618 4592 706 4675 ήμίρφ
721 4596 834 4665 καλίσας
849 4603 897 4659 αὐ-

122 4673 203 4740 τούςύ
213 4680 265 4735 τῶν
275 4674 415 4752 Ῥωμαίων
429 4675 551 4756 βασιλεύς
562 4681 597 4745 είς
605 4681 746 4753 ἐκκλησίαν
757 4684 803 4744 καί
813 4689 897 4749 πολλὰ

122 4766 400 4845 παραμυθησάμενος,
415 4770 450 4834 ὡς
462 4766 517 4826 οὐτ’
532 4768 654 4846 άσχημον
668 4772 796 4839 ἐπιτάξων
811 4775 897 4843 αὐτοῖς

70 4880 97 4918 ην
122 4855 195 4913 οὐθὲν
210 4854 270 4914 οὐτε
291 4856 407 4933 χαλεπὸν
422 4854 476 4916 οὐθ’
493 4855 508 4914 θ
530 4855 567 4933 μὴ
582 4858 718 4934 συγγενέσι
737 4856 849 4934 πρέπει,
864 4863 897 4937 τῇ

123 4943 146 4999 δ’
162 4945 230 5017 αὐτῆ
241 4943 335 5024 γνώμη
349 4944 410 5024 περί
426 4944 583 5025 ἀμφοτέρων
603 4951 655 5006 τῶν
670 4947 771 5005 πολεων
782 4947 815 5003 τά
831 4944 893 5025 κρά·

122 5053 196 5097 τιστςι
211 5013 257 5090 καὶ
271 5030 465 5114 συμφορώτατα
479 5033 642 5112 βουλεύσων,
661 5033 707 5092 καὶ
721 5033 765 5092 τὸν
782 5033 896 5142 άρχογτά

121 5121 145 5177 τ’
160 5122 248 5178 αὐτῶν
262 5121 425 5198 Φουφίττιον
439 5120 483 5179 tut
498 5126 545 5192 τῆς
555 5124 635 5193 αὐτῆς
650 5127 733 5202 ἀρχῆς
745 5144 896 5199 κατασκευὴ

122 5208 187 5266 ἄλλο
211 5207 237 5266 τ’
261 5205 335 5267 otto
356 5212 407 5267 τῶν
428 5211 567 5268 πολιτικῶν
588 5211 819 5290 μεθαρμοσάμενος
838 5209 897 5268 οὐδὲ

223 5321 339 5359 nioman.

1695 456 1752 518 145

1005 572 1086 633 spousi
1107 583 1212 629 moriem
1230 583 1358 649 deploras,
1372 603 1451 656 neque
1469 594 1492 644 in
1515 596 1642 662 caliginem
1661 605 1687 652 te
1699 604 1753 657 solu

976 683 988 707 ιι
1005 666 1144 733 abscondis,
1157 675 1201 727 sed
1212 677 1260 727 hoc
1272 679 1412 733 inomuiurn
1423 689 1501 739 oculis
1512 690 1585 755 iacis;
1594 699 1620 745 et
1629 696 1691 750 milri
1699 700 1749 752 ior·

975 780 987 803 ι
1003 763 1133 819 titudinem
1154 774 1179 822 et
1196 787 1299 826 coronas
1312 782 1458 845 exprobras,
1478 799 1493 835 o
1510 787 1579 853 virgo
1594 796 1712 847 ementita
1724 801 1751 850 et

974 876 987 899 ιι
1006 858 1124 912 iratribus
1141 866 1224 931 iniqua
1247 876 1271 920 et
1291 875 1424 927 maioribus
1441 879 1548 943 indigna.
1582 889 1749 957 Quandoigi·

974 972 986 996 ι
1003 958 1044 1004 tur
1053 972 1102 1008 uon
1116 961 1187 1024 luges
1197 966 1286 1016 tratres
1298 971 1340 1020 sed
1360 974 1532 1035 consobrinos.
1549 987 1576 1032 et
1587 998 1677 1050 corpus
1690 990 1748 1052 qui·

974 1068 986 1091 α
1001 1050 1058 1102 dem
1068 1053 1132 1106 inter
1147 1059 1229 1123 uiros,
1241 1064 1348 1115 animam
1365 1084 1425 1121 vero
1442 1074 1508 1136 apud
1522 1082 1748 1155 mortuunrlirabes,

972 1166 984 1190 o
999 1150 1038 1201 abi
1056 1154 1160 1206 adeum
1181 1173 1254 1222 «quem
1274 1166 1346 1215 toties
1363 1182 1450 1233 uocas,
1463 1153 1542 1236 ucque
1561 1182 1655 1241 patrem
1668 1197 1748 1247 noque

974 1266 983 1283 ι
1003 1247 1090 1301 iratres
1109 1251 1239 1307 dedecora„
1255 1281 1267 1302 n
1282 1260 1325 1310 tiis
1345 1263 1416 1315 dictis
1432 1268 1555 1329 ignaviam
1570 1277 1662 1327 sororis
1678 1290 1746 1330 arer-

969 1347 1038 1394 satus
1067 1347 1168 1400 rrrcdum
1187 1365 1236 1403 uun
1255 1359 1381 1421 serravit;
1409 1364 1451 1413 sed
1475 1371 1502 1415 ut
1526 1373 1579 1420 erat
1604 1372 1682 1424 iratus
1702 1389 1747 1440 per

968 1439 1095 1494 latuseius
1106 1458 1188 1497 ensem
1200 1450 1282 1514 adegit
1295 1472 1301 1501 :
1314 1461 1339 1504 er
1347 1468 1503 1511 caesasorore
1514 1462 1545 1512 ad
1558 1468 1653 1526 patrem
1664 1481 1745 1520 acceo

969 1534 1011 1584 sit.
1046 1538 1113 1587 mteo
1142 1545 1224 1593 autem
1249 1560 1330 1598 mores
1353 1554 1379 1599 ct
1394 1552 1468 1603 animi
1493 1557 1655 1609 Romanorum
1687 1565 1747 1614 tunc

966 1630 1089 1694 Ignauiam
1108 1636 1291 1692 detestabantur
1309 1648 1335 1695 ot
1356 1648 1435 1698 severi
1455 1654 1535 1714 erant,
1557 1656 1583 1702 et
1606 1654 1684 1718 siquis
1700 1672 1745 1710 rc·

966 1732 995 1784 lit
1008 1746 1051 1784 cos
1064 1748 1122 1784 cum
1140 1741 1232 1788 nostra
1246 1743 1328 1792 astatis
1343 1744 1414 1796 iactis
1432 1752 1457 1797 et
1469 1748 1518 1798 vita
1534 1751 1645 1804 conterre
1654 1755 1744 1807 cruda·

965 1830 1002 1882 les
1017 1836 1042 1882 et
1058 1833 1129 1896 rigidi
1141 1839 1167 1886 et
1180 1837 1211 1886 ad
1228 1837 1331 1890 lerinam
1348 1845 1471 1904 quandam
1491 1847 1668 1902 humanitatem
1684 1867 1741 1917 pro·

964 1933 1020 1996 pius
1032 1935 1185 1999 accedentes,
1210 1914 1319 2002 ntpater
1333 1941 1388 1991 cius
1406 1947 1456 1995 tam
1478 1948 1554 1999 atrod
1574 1949 1683 2003 facinora
1697 1968 1745 2004 an-

964 2033 1016 2087 dito
1046 2051 1095 2089 non
1113 2039 1194 2089 solum
1210 2040 1238 2090 id
1248 2040 1333 2105 iniquo
1346 2045 1426 2095 animo
1436 2061 1485 2098 non
1499 2050 1598 2106 tulerit.
1615 2056 1745 2107 sedetiam

962 2134 1106 2196 praeclarum
1129 2139 1154 2185 et
1176 2135 1293 2188 decorum
1315 2140 1461 2193 existimarit
1481 2161 1487 2193 :
1510 2147 1634 2209 siquidem
1659 2165 1742 2215 nequo

962 2244 1052 2295 passus
1066 2237 1104 2282 est
1114 2232 1170 2282 illice
1187 2234 1294 2285 cadaver
1304 2236 1329 2285 in
1341 2236 1409 2288 aceles
1420 2239 1521 2305 ueterri,
1535 2258 1615 2310 neque
1630 2250 1744 2312 permisit

962 2334 990 2380 ut
998 2330 1024 2379 in
1035 2331 1121 2393 patriis
1138 2334 1304 2384 monumentis
1315 2335 1463 2388 conderetur
1475 2343 1518 2390 ant
1534 2343 1657 2408 particeps
1671 2346 1741 2399 tieret

961 2427 1134 2488 exsequianun
1155 2432 1181 2476 et
1206 2431 1405 2481 ornamentorum
1430 2433 1569 2486 funebrium
1605 2438 1743 2493 aliariunve

960 2538 992 2575 ex
1007 2537 1076 2574 more
1088 2538 1185 2586 rerum,
1204 2525 1247 2575 sed
1259 2527 1302 2590 qui
1315 2530 1473 2591 preteribant
1497 2547 1550 2583 eam
1568 2535 1691 2588 iacentem
1709 2539 1735 2589 in

960 2635 989 2672 eo
999 2623 1052 2686 ipso
1067 2624 1121 2674 Ιοω
1143 2623 1186 2674 uli
1198 2637 1264 2674 caesa
1286 2631 1338 2675 erat
1353 2630 1474 2692 congestis
1487 2630 1610 2696 lapidibus
1623 2638 1649 2685 et
1660 2638 1738 2698 terra,

959 2723 987 2771 ut
1002 2720 1106 2772 cadaver
1118 2721 1264 2773 destitutum
1274 2736 1334 2773 cura
1346 2724 1547 2790 domesticorum,
1563 2732 1736 2795 sepeliverunt.

958 2821 1038 2883 Atque
1051 2819 1106 2868 iaaac
1118 2819 1220 2882 quidem
1231 2821 1277 2871 riri
1287 2821 1404 2873 duritiem
1423 2823 1548 2886 indicant;
1562 2827 1605 2878 aad
1616 2833 1735 2892 preterea

957 2928 1047 2976 eaque
1057 2929 1113 2965 sum
1123 2916 1243 2967 dicturus.
1261 2918 1338 2981 Nam,
1350 2920 1454 2981 quasiro
1464 2922 1582 2984 praeclare
1591 2930 1617 2974 et
1630 2924 1733 2977 feliciter

956 3022 1033 3083 gesta,
1048 3033 1077 3070 ec
1089 3019 1142 3084 ipso
1153 3021 1194 3071 dic
1206 3022 1323 3073 mactavit
1339 3022 1387 3073 diis
1399 3024 1485 3087 patriis
1497 3039 1560 3088 quas
1574 3032 1678 3079 voverat
1687 3032 1736 3080 vic·

955 3117 1038 3179 timus,
1048 3121 1213 3183 cognatosque
1224 3120 1359 3186 splendidis
1370 3122 1459 3186 epulis,
1469 3127 1498 3172 ut
1506 3121 1531 3172 in
1543 3124 1611 3174 testis
1620 3124 1733 3175 anaximls

955 3228 1009 3266 mos
1020 3217 1067 3275 est,
1077 3215 1186 3279 excepit,
1201 3218 1355 3281 privatarum
1371 3218 1541 3271 calamitatum
1555 3234 1630 3283 quam
1648 3223 1730 3288 publi·

954 3317 1039 3354 corum
1052 3305 1138 3367 patrias
1152 3306 1271 3356 bonorum
1285 3307 1405 3358 rationem
1416 3308 1536 3358 minorem
1547 3308 1649 3361 habeus.
1678 3313 1732 3363 Hoc

953 3408 1037 3458 autem
1058 3422 1107 3457 uou
1126 3408 1178 3471 ipse
1192 3409 1260 3459 solus
1279 3409 1410 3471 Horatius,
1434 3409 1478 3459 sed
1495 3410 1568 3459 etiam
1589 3416 1645 3475 post
1664 3414 1733 3464 illum

954 3505 1025 3553 multi
1041 3504 1082 3554 aiii
1106 3503 1207 3553 Romani
1222 3502 1270 3551 uiri
1291 3502 1398 3554 illustres
1419 3505 1506 3554 secisse
1527 3505 1646 3557 dicuntur
1668 3524 1732 3561 ssa.

954 3595 1175 3647 cridcassescilicct
1186 3599 1211 3644 et
1219 3608 1323 3644 coronas
1334 3600 1443 3659 gestasse
1453 3603 1478 3647 et
1489 3598 1641 3664 triumphum
1652 3605 1730 3667 egisse

954 3707 1036 3757 liberis
1057 3702 1109 3753 suis
1137 3716 1222 3753 recens
1245 3703 1379 3763 defunctis,
1401 3705 1499 3767 quotics
1528 3708 1637 3770 ipsorum
1658 3724 1732 3774 opera

955 3806 1065 3855 faustum
1077 3800 1176 3866 aliquod
1190 3799 1330 3871 reipublice
1339 3801 1487 3864 contigisset.
1513 3805 1550 3854 De
1561 3804 1651 3867 quibus
1659 3810 1732 3857 retius

954 3917 999 3953 suo
1014 3907 1125 3964 tempore
1140 3899 1245 3949 dicetur.

985 4005 1061 4056 lllill.
1070 4005 1184 4053 Ceterum
1195 4003 1250 4064 post
1258 4013 1365 4066 pugnam
1371 3999 1556 4063 trigeminorum
1564 4003 1675 4066 Romani,
1687 4006 1730 4067 qui

952 4096 977 4145 in
991 4082 1080 4144 castris
1093 4095 1174 4142 orarit.
1192 4104 1248 4139 curn
1262 4087 1389 4152 splendide
1402 4088 1531 4139 defunctos
1541 4088 1685 4143 hurnaaaent
1705 4093 1730 4143 iu

952 4189 1001 4239 illis
1021 4187 1080 4251 ipsis
1102 4185 1162 4235 locis
1183 4184 1227 4233 ubi
1252 4183 1404 4242 ceciderant,
1425 4187 1451 4233 ct
1470 4182 1590 4233 sacrificia
1615 4180 1731 4238 iecissent

953 4285 982 4329 ut
990 4277 1022 4329 ob
1033 4280 1129 4342 partam
1146 4275 1276 4326 victoriam
1306 4273 1355 4324 diis
1369 4274 1460 4338 gratias
1472 4279 1589 4338 agerent,
1608 4278 1679 4340 genio
1690 4278 1727 4328 io·

952 4376 1089 4426 dulserunt.
1103 4370 1189 4422 Albani
1201 4383 1261 4421 uero
1270 4369 1353 4421 moesti
1361 4368 1395 4419 oli
1406 4367 1503 4419 tristam
1512 4383 1597 4420 casum
1607 4374 1632 4422 et
1640 4372 1728 4422 ducem

951 4474 980 4520 ut
1003 4467 1096 4518 malum
1119 4466 1292 4529 imperatorem
1311 4465 1471 4524 accusatos,
1497 4463 1607 4526 plerique
1629 4463 1727 4527 impasti

952 4560 1062 4626 neglecta
1081 4557 1148 4609 omui
1176 4553 1286 4619 corporis
1313 4567 1373 4604 cura
1398 4568 1428 4605 eo
1449 4568 1552 4618 vespere
1576 4561 1730 4605 manserunt.

952 4660 1053 4707 Postero
1066 4655 1106 4705 die
1125 4666 1167 4704 rex
1178 4655 1356 4712 Romanorum,
1371 4650 1407 4701 eis
1427 4651 1458 4700 ad
1471 4651 1614 4701 concionem
1634 4663 1730 4701 convo-

950 4747 1021 4801 catis,
1033 4745 1148 4796 simultis
1160 4743 1402 4803 verbisconsolatus,
1417 4745 1529 4805 promisit
1540 4756 1567 4793 se
1581 4741 1640 4791 nituit
1654 4744 1729 4807 turpe

950 4840 1009 4890 nihii
1019 4851 1092 4901 grave
1106 4835 1165 4885 nihil
1176 4834 1280 4897 denique
1295 4839 1381 4884 contra
1394 4833 1544 4897 cognationis
1554 4835 1608 4883 iura
1618 4834 1666 4884 iliis
1682 4835 1731 4885 im·

951 4933 1108 4995 peraturum,
1128 4927 1172 4977 scd
1190 4925 1277 4976 eodem
1288 4924 1370 4974 auimo
1387 4924 1517 4987 utriusque
1535 4924 1643 4974 civitatis
1659 4926 1725 4976 artili-

949 5023 994 5074 tati
1008 5025 1032 5071 et
1044 5018 1179 5070 commodis
1199 5018 1368 5067 consulturum
1392 5034 1399 5064 z
1421 5018 1494 5078 atque
1512 5016 1617 5065 Futietio
1637 5031 1722 5069 corum

949 5115 1094 5179 imperatore
1105 5110 1130 5161 in
1143 5110 1230 5161 eodem
1243 5110 1385 5175 magistratu
1397 5107 1484 5159 relicto
1494 5122 1573 5172 neque
1585 5109 1634 5160 ullo
1644 5111 1727 5175 reipu-

948 5212 1019 5262 blicae
1032 5209 1140 5273 ipsorum
1160 5205 1272 5257 instituto
1284 5205 1379 5255 mutato
1391 5206 1435 5254 aut
1443 5203 1559 5255 innovato
1569 5203 1669 5255 domum
1681 5218 1723 5253 co·

1609 5312 1636 5353 ru
