4048 5924
656 416 950 494 ANTIQUITATUM
970 416 1117 479 ROMAN.
1142 418 1215 479 LlB.
1239 419 1304 478 vit.

156 585 171 613 ιι
187 556 262 624 δίκας
273 555 343 616 κατὰ
353 554 397 614 εδν
411 552 526 631 νόμονάν
539 553 647 632 θμονοία
661 551 884 628 πολιτευσόμεθα,
905 555 930 611 εί

157 672 171 701 ιι
188 642 355 705 δίτάναντία
376 638 479 720 γνοίητε
493 638 540 698 καλ
552 639 690 719 ἀφόλοισθε
704 641 781 717 ἡμῶν
792 636 841 711 τλν
859 639 933 698 έλευ-

158 760 172 788 ιι
189 731 285 812 θερίαν·
299 728 445 809 ἐλευθερίαν
469 729 521 809 γδρ
541 727 718 808 ἀφαιρήσεσθε
740 724 816 798 δίκην
830 725 921 786 καθ’
892 748 933 786 νο

159 843 239 899 ιμον
259 817 455 899 ἀφαιρούμενοι·
474 815 623 884 στασιάζειν
638 820 711 892 ἡμᾶς
727 804 828 882 αυθις’
813 813 934 893 αναγκά-

1707 426 1764 483 tir

958 580 965 619 ε
989 579 1124 632 «quarum
1141 567 1250 631 cognitio
1267 565 1367 618 adeam
1385 567 1506 632 pertinet,
1520 567 1697 633 rempublicam
1713 568 1767 622 tore

989 653 1184 705 «concordemi
1198 654 1298 720 quod
1277 668 1300 706 sn
1312 655 1383 707 alitor
1399 656 1553 719 statueritis,
1567 659 1592 707 et
1604 656 1676 708 nobis
1694 656 1767 710 liber

990 758 1003 791 ιι
1016 745 1093 794 θείοιο
1104 743 1244 807 eripueritis
1261 745 1414 807 (libertatem
1430 747 1495 798 enim
1514 746 1635 810 eripiatis,
1652 747 1672 795 si
1687 747 1725 800 ius
1740 754 1768 805 et

990 826 1099 891 «legem
1111 829 1224 894 tollatis),
1243 844 1289 882 nos
1300 830 1389 881 iterum
1401 828 1536 881 dissidendi
1548 832 1574 881 et
1592 830 1683 880 bellum
1696 831 1768 882 vobis

116 937 130 975 ς
159 932 249 969 ιισετε
267 905 450 983 καλπολιμεῖν
464 908 545 982 ὑμῖν;
562 897 638 978 ἐξής
655 904 707 987 γδρ
722 903 753 962 ἀν
768 901 923 984 ἐξελαθῇ
889 925 936 961 τεο·
991 914 1137 966 ιιοῖοεοιιθι
1149 917 1321 968 necessitatem
1331 918 1403 968 nobis
1412 917 1662 983 imposrtnrosiitam
1674 930 1767 981 enque

159 1023 173 1051 ιι
188 997 320 1068 λεωςδικη
326 992 373 1053 καλ
382 990 471 1068 νόμος,
481 993 517 1058 είς
523 1015 623 1064 ταυτην
634 991 725 1059 στάσις
734 994 810 1052 steno
828 991 934 1051 ιόεσθαι
990 1018 1003 1051 ιι
1018 1001 1144 1054 civitate'
1138 1015 1193 1054 rura
1207 1006 1234 1055 et
1251 1003 1317 1068 leges
1330 1004 1517 1069 expelluntur,'
1510 1017 1535 1053 m
1550 1016 1604 1054 earn
1616 1002 1706 1053 seditio
1718 1003 1768 1054 bel-

159 1087 260 1167 ιιφιλεῖ
286 1083 331 1142 καὶ
356 1080 482 1158 πολεμος.
526 1081 581 1140 Καὶ
601 1079 782 1156 decepisses
803 1014 935 1153 ήλθονελς
990 1090 1121 1155 nlnmqne
1135 1091 1231 1154 ingredi
1246 1091 1319 1142 solet.
1351 1095 1383 1144 Et
1398 1093 1441 1157 qui
1465 1091 1691 1158 nunqnamexperti
1709 1097 1768 1143 sunt

160 1198 173 1224 ιι
190 1175 282 1252 πεῖραν
305 1167 436 1250 ἐμφυλίων
452 1172 608 1250 συμφορῶν,
625 1168 699 1228 οὐδὲν
721 1168 894 1245 θαυμαστὸν,
911 1169 934 1227 εί
990 1195 1003 1225 ι
1019 1177 1172 1230 calamitates
1192 1180 1313 1231 bellorum
1327 1182 1453 1243 civilium,
1466 1182 1555 1232 mirum
1569 1195 1619 1231 non
1635 1181 1721 1243 cst,si
1736 1182 1769 1235 ob

159 1285 173 1311 ιι
190 1261 222 1319 δι’
238 1258 360 1336 ἀπειρίαν
376 1260 428 1316 τῶν
443 1259 533 1315 κακῶν
553 1254 621 1333 μήτε
639 1256 765 1336 ἀχθονται
785 1267 839 1323 τοῖς
857 1278 934 1335 γεγο-

54 1380 58 1387 ·
104 1374 131 1412 ro
160 1347 246 1407 ιινόσι
266 1349 357 1414 δεινοῖς
378 1343 446 1423 μήτε
473 1343 616 1404 κωλόουσιν
640 1347 671 1405 ἐκ
695 1347 791 1405 πολλοῦ
811 1345 845 1404 τδι
870 1342 934 1422 μέλ·

160 1435 282 1494 ιλ.οντα
324 1429 406 1493 Ὅσοι
426 1428 488 1490 δὲ”
469 1454 543 1491 ωσπε
531 1455 560 1511 ,ρ
579 1432 692 1509 ὑμεῖς’
670 1454 706 1498 εις
727 1429 787 1497 τοὺς
809 1429 934 1511 ἐσχάτους

160 1523 321 1590 «κινδύνους
343 1518 521 1587 καταπόνοις
546 1522 691 1596 ἀγαπητῶς
714 1517 1001 1627 ἀπηλλάγησαν,ι

160 1612 223 1685 «ἣν
239 1616 254 1672 θ
271 1635 315 1671 και
318 1610 359 1691 δς
384 1608 480 1689 ἀπῄτει
500 1609 675 1688 ποιησάμενοι
697 1611 750 1668 τῶν
772 1610 861 1668 κονιῶν
886 1607 934 1668 λό·

159 1726 173 1754 ιι
190 1724 247 1773 σιν,
272 1699 311 1767 τίς
326 1701 376 1758 εὔπ
379 1697 458 1782 ρεπὴς
479 1696 497 1768 ἢ
525 1721 592 1805 μετρ
592 1698 619 1757 ία
576 1698 773 1811 ρπρόφασις
796 1696 935 1755 ἀπολείπε-

102 1812 124 1851 te
158 1815 172 1841 ιι
191 1811 236 1846 ται
265 1787 379 1862 τούτοις,
408 1786 453 1846 έδν
481 1785 521 1845 ἔτι
546 1790 604 1854 ταῖς
632 1787 722 1854 αὐταῖς
748 1784 933 1866 συμφέρωνται

158 1902 172 1929 ιι
189 1877 300 1956 τόχαιςς
324 1873 361 1942 τίς
377 1874 405 1933 δέ
430 1875 477 1932 οὐκ
502 1873 533 1932 ἀν
559 1876 632 1951 ὑμῶν
658 1871 804 1952 καταγνοίη
833 1872 933 1944 πολλὴν

990 1267 1164 1331 «imperitiam
1180 1269 1316 1330 malorum,
1338 1284 1384 1321 nec
1408 1270 1540 1335 preteritis
1564 1270 1768 1322 otlendantnrin·

990 1372 1003 1405 ιι
1019 1356 1167 1419 commodis,
1173 1356 1461 1409 nectutoramulioante
1471 1358 1625 1423 prohibeant.
1640 1359 1764 1419 Quinem,

989 1462 1002 1494 ιι
1016 1450 1046 1498 nt
1060 1461 1115 1509 ros,
1127 1448 1343 1513 ultimispericnlis
1355 1450 1452 1510 tentati,
1464 1448 1576 1508 libenter,
1589 1452 1663 1510 prout
1675 1452 1768 1513 tempo

989 1536 1051 1586 oris
1064 1538 1128 1588 ratio
1147 1537 1299 1602 postulabat,
1319 1552 1346 1590 se
1368 1537 1439 1588 malis
1461 1537 1613 1613 liberarant,
1636 1551 1768 1601 quamnam

990 1626 1147 1678 «honestam
1167 1633 1212 1680 aut
1229 1642 1326 1693 aequam
1347 1642 1461 1680 cansmm
1482 1629 1507 1679 bl
1530 1606 1646 1694 poterunt
1667 1628 1768 1694 alterne,

989 1714 1039 1765 nsi
1049 1714 1074 1764 in
1087 1716 1185 1766 easdem
1199 1717 1352 1769 calamitates
1364 1716 1454 1770 iterum
1469 1716 1615 1768 inciderint?
1633 1716 1695 1775 Quis
1709 1730 1768 1768 vero

990 1816 1004 1848 ι
1016 1814 1064 1850 nou
1077 1800 1231 1853 damnamrit
1243 1817 1287 1853 nos
1303 1818 1397 1869 magne
1411 1803 1684 1864 amantissimorum,
1698 1804 1766 1867 cogi·

991 1904 1003 1936 ι
1020 1889 1086 1948 tans,
1107 1901 1151 1939 ros
1165 1889 1245 1953 paullo
1262 1895 1332 1952 ante,
1347 1904 1378 1942 ne
1392 1890 1540 1942 dissiderent
1553 1889 1650 1941 anobis
1662 1888 1765 1954 plebeii,

157 1963 281 2023 ιάνοιαν
301 1962 347 2023 καί
366 1962 463 2039 μανίαν
483 1961 691 2040 ἐνθυμούμενος,
712 1960 752 2021 ότι
771 1983 852 2073 μικρ
825 1964 862 2039 ρῶ
885 1961 935 2039 μέν
991 1974 1375 2040 «multaprreteranimirestri
1390 1979 1537 2029 sententiam
1557 1978 1768 2043 tulisse,qnorum

158 2050 265 2131 ιρέμπ
266 2057 341 2112 οσθεν
360 2051 426 2131 θπίρ
445 2055 490 2110 τοῦ
514 2051 552 2128 μὴ
567 2051 678 2122 secede
679 2075 715 2110 ειν
741 2049 800 2118 τοὺς
813 2019 930 2128 δημότας

159 2167 171 2194 ιι
188 2139 276 2199 πολλά
305 2139 379 2217 παρά
402 2139 511 2218 γνώμην
533 2129 751 2216 θπιμείναεεβ
731 2164 768 2199 ων
794 2136 902 2197 ἔνια
873 2161 933 2198 ουει

159 2256 172 2283 ιι
190 2229 319 2289 κάλλιστα
334 2220 366 2301 ήν
380 2226 491 2292 iso<
461 2252 521 2289 ουτε
535 2227 752 2290 λυσιτελέστατα·
774 2232 818 2286 νῶν
831 2225 902 2285 δὲ
873 2250 932 2286 ουτε
947 2222 951 2229 ’

160 2343 173 2370 ι
191 2318 226 2384 εἰς
234 2319 363 2397 χρήματα
373 2316 537 2396 βλάπτεσθαι
547 2315 727 2394 μέλλοντες
698 2340 746 2377 ουτ
745 2316 804 2383 είς
812 2314 929 2383 εὐδοξίαν

161 2434 174 2460 ιι
191 2406 243 2467 οὔτ’
253 2410 289 2475 είς
303 2406 368 2466 ἀλλο
379 2410 430 2468 τῶν
440 2408 534 2466 κοινῶν
545 2406 603 2466 οὐδὲ
617 2409 716 2482 ὁτιοῦν,
732 2406 774 2465 ἵνα
789 2405 932 2485 χαρίζησθε

161 2502 244 2562 «τοῖς
269 2493 504 2571 μισοδημοτάτοις,
522 2494 553 2554 εδ
574 2497 588 2554 δ
588 2499 715 2573 μηοτικθν
731 2485 803 2562 αὖθις
826 2495 933 2553 ἐκπολε·

159 2610 172 2635 ιι
191 2583 308 2661 μώσετες
330 2582 392 2657 οθκ,
415 2583 460 2643 ίάν
482 2607 514 2663 γε
540 2607 701 2666 σωφρονητε
730 2583 830 2650 Ἡδέως
853 2581 875 2641 δ’
899 2581 932 2641 ἀν

159 2698 172 2723 ιι
191 2673 260 2748 ὑμᾶς
272 2669 393 2750 ἀροίμην,
407 2671 467 2732 τίνα
484 2669 592 2752 γνώμην
611 2672 779 2740 λαόόντις’
749 2694 808 2731 τοτε
821 2671 870 2779 τὴγ
884 2671 932 2729 κά·

159 2787 172 2813 ιι
190 2762 336 2837 θοδονήμῖν
350 2745 564 2841 συνεχωρήσατε,
579 2761 619 2841 ἐφ
633 2752 671 2829 οἷς
686 2762 816 2840 ἠςιουμεν·
832 2760 931 2841 πότεροι

157 2875 170 2900 ιι
189 2849 310 2930 λογισμῷ
327 2848 494 2928 προϊδόμενοι
514 2849 545 2910 εδ
567 2848 723 2930 κράτιστον,
739 2847 757 2919 ἢ
778 2872 811 2927 τῃ
794 2847 928 2928 ἀνάγκη

156 2962 170 2990 ιι
187 2935 352 3010 είξαντεςς*
327 2959 401 3016 ειπερ
415 2935 467 3016 γδιρ
479 2942 564 2996 ταῦτα
574 2936 777 3015 ὑπελαμόάνετι
793 2937 931 3017 ιθφελιμόε·

157 3050 170 3076 ι
188 3047 255 3083 τατα
280 3014 346 3084 εἶναι
368 3030 401 3106 τῇ
423 3028 515 3098 πολει,
541 3026 567 3086 τί
591 3029 620 3086 οὗ
643 3027 734 3103 μένετε
760 3026 806 3087 καί
836 3033 880 3087 ν’ὔν
902 3029 930 3086 όν

98 3132 128 3174 ao
158 3137 171 3164 ιι
190 3112 291 3185 αι’ποῖς,
307 3114 329 3171 εἰ
351 3112 379 3171 tl
400 3114 533 3192 ἀναγκαῖα
546 3111 591 3173 καὶ
609 3114 656 3173 οὐκ
670 3112 829 3195 ἐνδεχόμενα
845 3114 931 3185 ἄλλως

157 3227 171 3253 ιι
190 3200 326 3280 γενέσθαι,
345 3199 409 3277 [εἴτε
419 3199 489 3259 κατά
504 3201 632 3279 λογισμὸν
648 3199 739 3280 γέγονε
754 3206 839 3261 ταῦτα
852 3201 928 3281 όρθθν

157 3315 170 3341 ι
188 3287 277 3348 καὶτὸ
290 3287 423 3369 συμφέρον
439 3295 586 3350 σκοποῦντα
611 3292 659 3362 τῆς
669 3288 790 3371 πόλεως]
806 3288 928 3369 τίχαλε-

156 3404 170 3430 ιι
185 3376 292 3438 παίνετε
314 3377 477 3458 γενομένοιςς
497 3376 545 3449 τὴν
567 3376 652 3459 ἀρχὴν
666 3377 718 3457 γάρ
734 3377 796 3444 ἴσως
816 3376 869 3437 ἔδει
891 3378 929 3454 μὴ

157 3471 375 3549 «συγχωρῆσαι,
396 3467 418 3524 εί
434 3466 544 3541 δύναμις
561 3456 594 3537 ἦν
621 3469 692 3541 ὑμῖν
705 3463 930 3544 συγχωρήσαντας

110 3573 170 3614 aas
189 3556 217 3614 δέ
238 3577 332 3633 μηκετι
343 3578 396 3622 τοις
414 3551 608 3636 πεπραγμένοις
629 3553 758 3661 ἐγκαλεῖν.

197 3644 331 3705 XLIII-r
354 3643 433 3721 Ἐμοὶ
457 3640 568 3747 μίνγάρ
584 3643 703 3712 δοκεῖτε,
716 3665 739 3698 ω
720 3629 854 3718 βουλὴ,
870 3640 931 3719 περί

158 3730 241 3810 ιιμίν
260 3731 306 3799 τδις
327 3729 459 3798 διαλόσεις
483 3726 577 3808 γνώμη
603 3731 638 3808 τῇ
662 3725 786 3806 βελτίστη
812 3731 933 3831 κεχρῆσ-

157 3824 233 3879 ιθαι
248 3862 298 3882 ....
313 3809 351 3887 οἷς
366 3818 467 3895 ἀνάγκη
484 3814 607 3878 είκειν...
611 3837 675 3874 ,του
659 3811 783 3895 βίόεια
797 3816 886 3892 τηρεῖν
899 3814 932 3872 εδ

157 3909 359 3987 «συγκείμενα.
402 3906 486 3973 Θεοθς
509 3903 561 3985 γάρ
587 3908 650 3981 ἡμῖν
669 3903 798 3983 ἐγγυητάς
817 3901 933 3963 ἐδώκατε

98 4013 127 4053 to
156 4024 171 4052 ιι
188 4001 241 4057 τῶν
271 3999 416 4074 ὁμολογιῶν
449 3993 536 4054 πολλά
561 3993 607 4053 καλ
636 3991 707 4052 διινά
735 3992 934 4072 ἐπαρασάμενοι

156 4114 171 4140 ιι
187 4092 240 4153 τοῖς
261 4084 401 4165 παραθθσι
420 4082 467 4151 sd<
489 4079 633 4155 συνθήκας,
649 4079 737 4148 αὐτοῖς
751 4080 839 4139 τεκαλ
863 4080 934 4159 ίγγό·

157 4202 171 4228 ιι
188 4197 240 4241 νοις
256 4177 292 4240 είς
302 4175 347 4233 τὸν
365 4172 405 4231 ἀεὶ
416 4172 521 4252 χρόνον.
553 4169 623 4231 ’ἀλλ’
637 4168 677 4229 ότι
695 4170 743 4246 μίν
758 4168 790 4242 δὴ
804 4168 837 4229 τά
851 4194 879 4230 τε
893 4170 933 4229 δέ·

156 4289 172 4317 ιι
189 4286 254 4322 καια
282 4262 402 4337 ἀξιοῦμεν
430 4260 475 4318 καί
499 4264 533 4318 τὰ
561 4256 747 4338 συμφέροντα,
770 4258 816 4317 καλ
846 4260 932 4330 πολλοὶΙ

156 4376 171 4405 ε
188 4351 290 4429 ἀνάγκη
306 4356 393 4408 ποιεῖν
417 4350 485 4425 ὑμᾶς
500 4345 585 4406 ταῦτά
599 4348 656 4405 ἐστι
674 4345 857 4424 μεμνημένους
880 4351 933 4406 τῶν

96 4471 125 4510 te
156 4464 171 4493 ιι
189 4437 294 4517 δρκων,
309 4440 345 4504 ῶς
357 4437 422 4517 πρὸς
437 4435 537 4502 ιίδότας
553 4435 671 4503 ἅπαντας
686 4437 732 4495 οὒκ
747 4425 805 4496 οἶδα
824 4435 840 4494 ό
855 4460 880 4495 τι
894 4436 934 4494 δεῖ

157 4553 172 4582 ιι
189 4528 273 4588 πλείω
285 4525 396 4607 λέγοντα
409 4526 534 4604 ἐνοχλεῖν.
576 4523 626 4592 Ὡς
639 4525 667 4584 el
680 4526 708 4584 οὐ
723 4524 806 4606 μικρά
821 4525 855 4584 τά
867 4526 931 4585 δια-

157 4642 173 4670 ιι
191 4614 302 4695 φέροντα
317 4619 381 4691 ἡμῖν
406 4615 461 4673 tore
477 4614 551 4674 τόνδε
576 4613 614 4691 μὴ
629 4615 746 4673 ἐκλιπεῖν
765 4613 809 4672 τδν
827 4616 933 4693 ἀγῶνα,

156 4728 173 4756 ιι
191 4702 259 4776 μήτε
274 4702 318 4781 βία
333 4700 450 4771 είξαντας
463 4700 531 4776 μήτε
548 4699 639 4778 ἀπάτη
655 4698 850 4779 παραχθέντας,
864 4697 935 4759 ἀλλὰ

155 4789 259 4848 ιικατδι
278 4789 380 4861 πολλὴν
401 4789 518 4870 ἀνάγκην
538 4791 574 4856 είς
597 4787 676 4848 αθτδν
691 4786 842 4867 ἀφίγμεθα,
863 4785 935 4846 δεινά

93 4912 124 4949 ιι,
156 4879 233 4939 «sal
249 4878 318 4959 πέρα
333 4880 424 4938 δεινῶν
435 4876 593 4944 πεπονθότες
604 4877 655 4935 διεδ
668 4876 744 4935 τοῦδε
757 4881 803 4934 τοῦ
822 4875 933 4956 ἀνδρὸς,

155 4996 172 5024 ιι
189 4967 303 5044 μάθετε,
316 4957 422 5028 ῶπατέ
425 4990 482 5049 ρες,
507 4967 607 5043 μᾶλλον
627 4962 656 5023 δδ
671 4962 911 5039 ἀναμνήσθητε·
885 4987 932 5022 ου·

155 5084 172 5112 ιι
189 5056 233 5116 δέν
246 5052 298 5136 γάρ
312 5055 329 5116 δ
343 5079 370 5114 τε
390 5057 420 5115 ὠ
441 5054 505 5135 πρὸς
524 5052 626 5119 εἰδότας
647 5056 716 5129 ὑμᾶς
732 5048 853 5117 ἅπαντας
872 5053 933 5132 ἐρῶ·

156 5144 235 5204 «sel
259 5141 316 5221 ἀμα
334 5140 429 5221 γνόνμη
453 5140 588 5223 χρήσασθε
615 5139 699 5199 οἰκεία
721 5137 786 5219 πρδς
806 5136 841 5197 τά
856 5137 936 5217 λεγό-

156 5262 171 5287 ιι
193 5256 276 5312 μενα,
297 5231 500 5309 ἐνθυμηθέντες,
517 5230 596 5290 et
560 5252 613 5290 των
634 5231 757 5308 δημοτῶν
773 5232 850 5308 ἡμῶν
870 5231 935 5290 έπε-

250 5351 367 5390 mituli·

991 2062 1132 2112 nnonnulla
1149 2062 1254 2115 tortasse
1263 2078 1344 2129 neque
1361 2064 1527 2128 pulcherrima
1540 2077 1621 2128 neque
1636 2064 1768 2116 utilissima

991 2164 1004 2196 ι
1018 2152 1087 2199 eram
1102 2163 1187 2201 :nnnc
1202 2164 1277 2213 nero,
1290 2165 1348 2202 cum
1360 2151 1476 2216 usquein
1488 2151 1580 2202 restris
1595 2152 1769 2215 tarditatibus,

990 2251 1003 2281 ι
1018 2249 1097 2299 neque
1111 2236 1209 2288 inbono
1218 2237 1409 2299 existimatione,
1422 2239 1533 2302 nequein
1543 2238 1648 2289 ullaatio
1660 2252 1687 2290 re
1697 2253 1771 2290 com·

990 2340 1002 2371 ι
1019 2323 1088 2374 muni
1097 2324 1216 2375 damnum
1228 2328 1356 2390 accepturi
1373 2326 1440 2387 sitis,
1456 2327 1480 2376 in
1494 2327 1598 2391 gratiam
1612 2341 1713 2387 eornm,
1726 2326 1769 2392 qui

991 2425 1003 2456 ι
1017 2409 1125 2474 plebeios
1144 2411 1264 2474 oderant,
1278 2412 1377 2477 plebem
1392 2412 1525 2464 iterumad
1540 2412 1684 2465 seditionem
1698 2415 1767 2465 exci-

991 2513 1003 2543 ι
1020 2500 1089 2548 tare?
1107 2501 1283 2563 Nequaquam,
1300 2500 1321 2550 si
1333 2500 1434 2564 sapitis,
1447 2499 1496 2549 boc
1510 2499 1613 2552 iacietis.
1645 2500 1769 2552 Lubenter

992 2601 1004 2632 ι
1017 2587 1100 2636 summ
1113 2600 1144 2637 ονε
1156 2587 1228 2637 robis
1248 2600 1399 2651 quaterem,
1417 2587 1536 2652 quidnam
1552 2590 1611 2638 tunc
1617 2589 1768 2652 cogitaretis,

989 2689 1003 2720 ιι
1019 2687 1075 2725 cum
1084 2674 1275 2736 reditumnobis,
1284 2673 1501 2738 quibnsroluerim
1509 2673 1705 2733 conditionibus,
1715 2686 1769 2724 oon·

990 2756 1146 2808 coemistis:
1165 2760 1249 2808 utrum
1270 2756 1365 2807 ratione
1381 2755 1539 2821 praeferentes
1557 2756 1596 2819 id,
1616 2757 1684 2821 quod
1703 2758 1769 2822 opti·

990 2856 1087 2893 omum
1108 2846 1178 2905 erut,
1206 2857 1238 2893 an
1256 2842 1399 2894 necessitati
1419 2844 1548 2896 cedentes?
1581 2846 1606 2894 sl
1626 2844 1692 2895 enim
1714 2845 1769 2895 been

991 2945 1004 2977 ι
1020 2929 1126 2980 inarime
1146 2929 1303 2996 erepublica
1321 2944 1377 2981 csse
1391 2929 1544 2989 credebatis,
1556 2944 1602 2981 cur
1612 2944 1663 2981 non
1680 2930 1706 2980 in
1726 2943 1768 2980 ca·

990 3034 1003 3066 ι
1016 3016 1073 3069 dem
1082 3018 1203 3069 sententia
1217 3032 1284 3069 narnc
1296 3031 1395 3083 quoque
1405 3019 1528 3070 manetis?
1544 3020 1599 3070 εἰει
1612 3032 1672 3070 vero
1684 3032 1770 3070 neces·

991 3105 1093 3167 ιιιοεῖο,
1116 3109 1142 3157 et
1159 3119 1216 3171 quea
1234 3106 1306 3157 aliter
1326 3094 1377 3157 ficri
1400 3120 1449 3157 non
1471 3110 1585 3172 possent,
1605 3120 1652 3157 cnr
1669 3120 1719 3157 non
1740 3119 1769 3157 ea

991 3205 1091 3256 ecquo
1110 3191 1181 3244 tertis
1198 3192 1298 3243 animo?
1330 3190 1454 3257 Principio
1469 3192 1534 3243 enim
1555 3193 1659 3243 tortasse
1672 3192 1706 3254 (si
1724 3206 1768 3256 po·

990 3301 1002 3325 ιι
1020 3282 1119 3343 teretis)
1132 3296 1182 3331 non
1192 3284 1337 3346 oportuerat
1348 3296 1393 3332 ros
1408 3282 1464 3332 bne
1478 3282 1550 3334 nobie
1571 3282 1723 3335 concedere:
1743 3286 1770 3334 et

989 3389 1002 3412 ι
1014 3383 1073 3420 curu
1089 3369 1270 3432 concesseritis,
1289 3368 1389 3420 minime
1409 3368 1479 3420 robis
1495 3375 1551 3420 sunt
1566 3370 1768 3433 reprehendenda

990 3472 1003 3503 ι
1014 3468 1044 3506 ac
1054 3454 1223 3519 vituperanda.

1019 3656 1105 3706 libili.
1124 3676 1137 3700 ι
1150 3655 1213 3706 nihi
1226 3657 1293 3707 certe
1309 3655 1440 3717 ridemIni,
1454 3659 1538 3708 Patres
1554 3656 1702 3722 conscripti,
1714 3656 1769 3719 paci

991 3741 1121 3806 npublicre
1141 3742 1234 3807 optima
1252 3742 1348 3793 ratione
1370 3741 1521 3804 consilioque
1537 3742 1694 3807 prospexisse
1708 3775 1757 3790 .....

991 3829 1110 3896 «quibus
1130 3831 1267 3882 necessario
1283 3830 1353 3881 nobis
1374 3829 1512 3881 cedendum
1534 3836 1572 3880 est
1596 3832 1624 3880 ut
1646 3842 1690 3888 ea,
1711 3840 1769 3890 ques

991 3922 1142 3972 «internos
1162 3921 1230 3986 pacti
1249 3934 1348 3980 sumus,
1367 3918 1439 3969 drmo
1455 3921 1557 3981 rataque
1579 3915 1690 3967 servetis.
1703 3917 1769 3966 Deos

992 4030 1005 4054 ι
1020 4008 1084 4059 enim
1099 4009 1220 4060 tredernm
1233 4019 1365 4073 sponsores
1377 4006 1449 4056 nobis
1458 4003 1570 4065 dedistis,
1581 4002 1658 4053 multa
1667 4007 1693 4053 et
1704 4006 1769 4054 atro·

993 4098 1056 4150 «cia
1067 4099 1133 4149 mnia
1154 4097 1280 4162 imprecati
1295 4098 1338 4156 iis,
1361 4095 1403 4159 qai
1430 4093 1525 4144 tradere
1547 4091 1696 4157 violassent,
1713 4096 1768 4143 tom

992 4187 1094 4251 dipsis,
1115 4191 1169 4239 tum
1192 4188 1217 4237 in
1235 4185 1409 4250 sempiternum
1429 4194 1516 4232 eorum
1535 4178 1647 4244 posteris.
1679 4181 1770 4230 Nostra

992 4290 1005 4321 ι
1020 4272 1094 4337 igitur
1105 4273 1229 4338 postulata
1238 4273 1304 4323 iusta
1313 4274 1339 4321 et
1348 4268 1418 4321 utilia
1431 4281 1498 4328 csse,
1514 4280 1571 4331 quse
1582 4266 1657 4318 etism
1669 4266 1769 4317 omnino

991 4374 1118 4414 «neeesse
1136 4375 1205 4423 esse,
1226 4361 1365 4412 nonfacere
1385 4356 1544 4409 iurisiurandi
1567 4368 1703 4413 memores,
1720 4368 1769 4404 non

992 4449 1105 4511 enideo,
1121 4464 1167 4500 cur
1175 4453 1289 4515 oporteat
1302 4446 1421 4499 merobis
1431 4445 1545 4497 omnibns
1555 4444 1592 4495 rei
1602 4442 1684 4508 gnaris
1695 4454 1769 4490 aures

993 4557 1006 4581 ι
1020 4535 1133 4600 pluribus
1152 4534 1299 4586 obtundere.
1330 4536 1420 4586 Nostra
1432 4545 1492 4583 nero
1508 4543 1606 4595 qnoque
1622 4541 1671 4578 non
1681 4539 1768 4590 perum

993 4640 1006 4671 ι
1022 4623 1141 4673 interesse
1152 4622 1200 4672 troc
1212 4625 1337 4672 certamen
1352 4633 1401 4670 non
1411 4619 1534 4677 deserere,
1547 4618 1592 4667 ant
1602 4614 1628 4665 rt
1642 4611 1768 4677 depulsos,

992 4732 1004 4756 ι
1019 4715 1065 4763 aul
1084 4712 1171 4763 trande
1184 4712 1310 4775 deceptos,
1330 4712 1356 4761 et
1367 4723 1455 4773 magna
1469 4722 1515 4757 nos
1533 4702 1680 4756 rrecossitate
1695 4713 1767 4751 coac·

992 4802 1058 4848 utos
1073 4797 1099 4848 in
1114 4799 1163 4849 boc
1174 4796 1333 4849 descendisse
1347 4795 1472 4860 gravibus,
1486 4792 1536 4842 imo
1548 4803 1609 4840 vero
1619 4785 1771 4851 gmrissimis

991 4900 1003 4931 ιι
1010 4883 1118 4934 'iniuriis
1131 4885 1163 4935 ab
1176 4884 1223 4934 boc
1238 4881 1337 4933 bomine
1357 4880 1459 4930 allectos
1474 4876 1571 4954 audite,
1595 4875 1683 4925 Patres
1698 4885 1772 4923 cons·

991 4971 1101 5035 scripti,
1121 4971 1161 5022 vel
1175 4970 1257 5035 potius
1274 4969 1300 5020 in
1315 4966 1459 5018 memoriam
1481 4967 1595 5016 revocate
1619 4959 1694 5019 (nibil
1707 4959 1772 5012 enim

991 5073 1077 5111 «som
1094 5060 1220 5118 dicturus,
1241 5056 1309 5121 quod
1326 5068 1375 5106 non
1396 5055 1428 5105 sit
1445 5052 1517 5105 robis
1532 5049 1648 5102 omnibns
1668 5047 1771 5110 notum)

992 5147 1097 5197 «simul
1109 5147 1183 5197 etiam
1195 5145 1294 5210 tingite,
1309 5156 1375 5194 nunc
1386 5147 1494 5192 rostram
1506 5155 1558 5191 rcm
1571 5140 1621 5205 egi,
1639 5138 1688 5189 hoc
1703 5140 1772 5203 eogi-

991 5235 1115 5294 «tantes,
1133 5233 1154 5283 si
1169 5232 1226 5297 quis
1237 5232 1269 5284 de
1283 5237 1368 5282 nostro
1378 5229 1475 5295 plebeio
1489 5227 1576 5281 ordine
1591 5240 1668 5280 ansus
1683 5225 1772 5278 linisset

1641 5324 1671 5374 ²7
