4070 5926
244 415 307 476 bib

246 548 321 611 οὐδέν
333 545 372 606 έτι
381 550 465 606 ποιεῖν
478 532 511 614 ἦν
523 534 645 603 δυνατός·
659 530 763 599 οὐδενδς
778 530 831 611 γάρ
845 532 896 589 είσι
908 530 960 586 τῶν
978 524 1027 594 ἔξω

246 642 296 711 τῆς
308 634 408 699 πόλεως
424 633 448 691 οί
461 630 511 702 τὴν
524 623 701 706 ’δημαρχικὴν
724 621 829 703 ἔχοντες
843 617 961 688 ἐξουσίαν
975 612 1028 673 κύ-

249 749 317 809 ριοι·
332 714 611 801 περιγέγραπταιγάρ
633 715 719 772 αὐτῶν
740 709 771 770 τό
792 707 889 788 κράτος
902 711 958 770 τοῖς
971 699 1028 760 τεί-

248 837 324 897 χεσι,
336 813 381 872 καὶ
395 811 449 869 οὐδ’
462 807 658 876 ἀπαυλισθῆναι
668 805 715 875 τῆς
731 798 833 864 πόλεως
850 795 936 861 αὐτοῖς
946 792 1029 868 θέμις,

206 919 221 954 ⁶
249 904 290 965 ὅτι
304 899 343 980 μὴ
358 899 422 979 πρὸς
436 894 485 957 ἕνα
507 893 615 974 καιρὸν,
628 894 655 950 ἐν
671 881 694 971 ᾧ
715 897 801 948 πᾶσαι
819 887 846 944 al
860 889 908 956 τῆς
928 880 1030 944 πόλεως

250 991 335 1072 ἀρχαί
348 986 437 1059 κοινὴν
453 982 519 1063 ὑπὲρ
530 986 576 1041 τοῦ
589 978 710 1040 Λατίνων
726 976 811 1044 ἔθνους
827 976 865 1052 τῷ
879 964 923 1032 dd
939 967 1032 1028 θυσίαν

251 1082 296 1140 ἐπὶ
311 1079 342 1138 τδ
357 1075 489 1138 Ἀλύανῶν
500 1071 559 1152 όρος
574 1068 776 1128 ἀναύαίνουσαι.
806 1065 833 1123 Τ
834 1067 895 1120 οὖτα
912 1056 1031 1135 διαμένει

253 1170 333 1253 μέχρι
345 1170 398 1227 τῶν
419 1165 479 1224 καθ’
495 1167 566 1241 ἡμᾶς
580 1159 681 1241 χρόνων
696 1155 727 1216 τό
741 1155 810 1226 ἔθος,
826 1149 857 1210 τό
867 1147 979 1227 μηδενὸς
994 1135 1032 1204 τί·

252 1283 296 1320 ναι
314 1261 366 1317 τῶν
390 1254 440 1324 ἔξω
464 1255 511 1324 τῆς
534 1249 637 1315 πόλεως
652 1244 711 1313 τούς
735 1241 889 1322 δημάρχους
914 1235 1030 1317 κυρίους.

200 1372 225 1411 ιο
253 1349 309 1411 Καί
327 1346 359 1417 δὴ
372 1343 418 1404 καί
430 1341 474 1402 τὸν
490 1337 617 1420 ἐμφύλιον
633 1331 779 1410 Ῥωμαίων
794 1329 910 1405 πόλεμον
930 1323 974 1384 ἐπὶ
986 1327 1033 1395 τῆς

254 1439 319 1515 έμῆς
337 1432 456 1506 ἡλικίας,
471 1428 498 1496 δς
513 1428 635 1505 μέγιστος
655 1426 708 1482 τῶν
731 1420 784 1499 πρὸ
806 1420 886 1477 αὐτοῦ
909 1412 1033 1487 πολέμων

254 1522 370 1605 ἐγένετο,
393 1526 411 1592 ἡ
434 1517 566 1589 κινήσασα
587 1513 716 1595 πρόφασις
741 1508 785 1570 ἐπὶ
806 1505 918 1571 πολλαῖς
942 1501 1035 1569 ἄλλαις

255 1613 353 1682 δόξασα
380 1607 476 1686 μείζων
491 1595 558 1666 εἶναι
579 1602 624 1664 καί
649 1603 796 1682 ἀποχρῶσα
822 1598 963 1667 διαστῆσαι
987 1591 1034 1664 τὴν

255 1704 332 1762 πόλιν
346 1698 393 1770 ἥδε
408 1690 457 1772 ἦν,
479 1694 519 1754 ὅτι
543 1695 596 1752 τῶν
619 1689 763 1768 δημάρχων
779 1684 847 1752 τινές
862 1680 1035 1752 ἐξεληλάσθαι

203 1806 228 1850 ta
255 1796 303 1865 τῆς
321 1790 422 1854 πόλεως
447 1782 599 1861 αἰτιώμενοι
621 1779 667 1862 βίμ
686 1777 750 1860 πρὸς
765 1780 811 1835 τοῦ
832 1771 892 1832 τότε
910 1769 1037 1849 κατέχον-

255 1903 299 1945 τος
323 1877 358 1935 τδι
376 1872 445 1935 κατά
468 1870 516 1944 sla
539 1868 658 1931 Ἰταλίαν
684 1865 830 1944 ἡγεμόνος,
855 1858 900 1918 ἵνα
927 1857 1037 1935 μηδενός

258 1957 308 2026 είεν
322 1965 360 2026 ἔτι
374 1961 475 2043 κύριοι,
489 1958 533 2020 ἐπὶ
546 1957 591 2018 τὸν
607 1959 678 2037 ίντῇ
692 1952 813 2032 Γαλατίᾳ
824 1950 858 2009 τά
871 1946 1037 2028 στρατόπεδα

258 2054 421 2137 κατέχοντα,
438 2053 475 2117 ώς
502 2051 549 2108 οὐκ
564 2046 668 2127 έχοντες
685 2042 744 2101 ὅποι
765 2038 937 2120 τράπωνται,
960 2034 1038 2093 κατέ·

259 2169 350 2224 φυγον.
394 2140 428 2202 ‘0
444 2136 472 2200 δέ
487 2161 521 2217 τη
546 2132 676 2216 προφάσει
694 2129 780 2210 ταύτῃ
804 2124 988 2207 χρησάμενος,
1002 2126 1038 2192 ὡς

180 2270 183 2273 ·
205 2260 233 2298 uo
260 2237 330 2314 ἀρχῇ
353 2229 439 2306 δήμου
459 2232 574 2303 παναγεῖ
600 2221 632 2281 τδ
656 2219 751 2299 κράτος
773 2210 943 2296 ἀφαιρεθείσῃ
964 2211 1038 2294 παρά

260 2322 319 2389 τούς
334 2319 424 2398 ὅρκους
448 2319 500 2375 τῶν
519 2310 655 2393 προγόνων
669 2307 747 2373 ὁσίως
769 2305 815 2362 καί
837 2299 884 2362 σύν
899 2299 959 2377 δίκῃ
976 2303 1041 2378 βοη-

260 2413 328 2485 θῶν,
343 2408 419 2476 αὐτός
439 2430 467 2466 τε
491 2403 538 2466 σύν
564 2404 618 2469 τοῖς
641 2398 731 2464 ὅπλοις
750 2385 827 2467 ἦλθεν
847 2392 884 2458 εἰς
899 2389 948 2462 τὴν
962 2388 1039 2448 πόλιν

259 2496 306 2557 καί
319 2492 486 2575 ταύςάνδρας
500 2492 544 2552 ἐπί
558 2491 606 2564 τὴν
624 2489 658 2568 ἀρ
678 2486 710 2560 ὴν
730 2482 876 2560 κατήγαγε.

301 2585 491 2649 lxxxviii.
514 2580 582 2642 Τότε
596 2578 623 2637 δέ
641 2600 686 2636 ουν
699 2575 724 2634 ol
741 2569 856 2647 δημόται
873 2570 921 2640 τῆς
935 2566 1041 2645 δημαρ-

208 2692 234 2732 ‘lb
262 2679 341 2758 χικῆς
364 2674 481 2743 ἐξουσίας
505 2670 578 2730 οὐδέν
598 2664 774 2731 ἀπολαύοντες
789 2664 893 2740 ὑφεῖντο
910 2662 955 2717 τοῦ
976 2655 1041 2735 θρά·

264 2788 339 2838 σους,
369 2761 414 2822 καῖ
444 2762 595 2840 προσιόντες
624 2759 678 2824 τοῖς
704 2751 749 2812 ἀπὶ
775 2752 824 2821 τῆς
854 2743 1042 2825 στρατολογίας

264 2854 433 2931 τεταγμένοις
452 2850 496 2909 τόν
521 2848 591 2930 ίερὸν
617 2845 694 2929 ὅρκον
709 2844 835 2919 ὤμνυσαν
858 2836 903 2896 καί
924 2834 976 2894 ὐπδ
996 2832 1043 2902 τάς

265 2938 383 3016 σημαίας
404 2937 609 3015 κατεγράφοντο.
666 2931 743 2993 Ἐπεὶ
759 2928 787 2987 δέ
806 2926 836 2986 τδ
852 2924 969 2993 έλλειπὲς
990 2926 1042 2983 τῶν

265 3027 353 3119 λόχων
379 3021 566 3103 ἐξεπληρώθη,
594 3018 807 3098 διεκληρώσαντο
837 3014 883 3081 τάς
903 3010 1045 3091 ἡγεμονίας

212 3139 238 3177 atr
266 3121 319 3175 τῶν
334 3113 517 3195 στρατοπέδων
539 3113 563 3170 ol
585 3107 696 3168 ὐπατοι·
711 3104 786 3164 καίθ
808 3102 856 3177 μὲν
871 3101 976 3168 didisse
997 3098 1044 3171 τὴν

267 3204 312 3264 ἐπὶ
332 3207 365 3284 τῇ
388 3199 494 3281 βοηθείᾳ
506 3202 558 3258 τών
582 3196 732 3276 συμμάχων
748 3193 946 3252 ἀποσταλεῖσαν
966 3186 1044 3247 δύνα·

268 3315 314 3368 μιν
327 3288 547 3371 παρελάμόανεν,
562 3291 576 3346 ὁ
590 3285 618 3347 δὲ
636 3282 784 3364 Οὐαλέριος
805 3279 852 3352 τὴν
873 3281 899 3337 έν
913 3276 1047 3338 Οὐολούσ·

262 3404 324 3449 Ικοις
347 3375 605 3460 στρατοπεδεύουσαν
629 3374 701 3453 ἄγων
724 3370 784 3438 τούς
809 3366 903 3428 νεωστί
917 3388 1048 3446 καταγρα·

270 3468 376 3551 φέντας.
420 3470 541 3527 Metabo
560 3464 587 3525 δί
601 3463 649 3536 τὴν
664 3461 811 3543 παρουσίαν
832 3461 911 3518 αὐτοῦ
930 3458 984 3524 τοῖς
1001 3480 1048 3516 πο·

214 3593 241 3633 ας
271 3559 371 3638 λεμίοις
392 3555 476 3616 έδόκει
500 3553 626 3636 στρατιάν
648 3577 677 3611 τε
700 3550 791 3631 ἑτέραν
809 3547 1044 3626 μεταπέμπεσθαι,

270 3647 316 3708 καί
327 3651 353 3707 έν
365 3644 526 3727 ἰσχυροτέρῳ
536 3641 568 3700 τὸ
582 3641 758 3724 στρατόπεδον
768 3639 931 3711 ποιήσασθαι
944 3633 1047 3716 χωρίῳ,

270 3739 316 3799 καί
329 3734 412 3814 μηδὲν
435 3737 466 3793 ἐκ
479 3738 524 3793 τοῦ
552 3734 726 3813 καταφρονεῖν
751 3729 836 3787 αὐτῶν
863 3725 902 3783 ἔτι
921 3722 1049 3803 προπετές

270 3827 428 3903 κινδύνευμα
443 3826 479 3890 ὡς
490 3821 615 3901 πρότερον
628 3816 777 3897 ὑπομένειν.
821 3812 953 3893 Ἐγεγόνει
965 3817 1049 3871 ταῦτα

271 3913 314 3973 orl
328 3914 446 3995 ταχέων,
459 3908 617 3992 ἀμφοτέροις
631 3931 659 3965 τε
673 3905 794 3984 παρέστη
810 3912 862 3970 τοῖς
872 3899 984 3979 ἡγεμόσι
998 3905 1050 3960 τῶν

216 4022 244 4059 ιο
272 4000 408 4076 δυνάμεων
422 4000 502 4077 ὁμοία
515 3999 576 4079 περὶ
590 4001 634 4056 τοῦ
645 3994 761 4071 πολέμου
775 3990 886 4069 γνώμη,
901 3990 935 4048 τὰ
950 3992 1049 4049 ἑαυτῶν

272 4088 411 4171 φυλάττειν
426 4086 604 4170 ἔρύματα,έάν
615 4109 654 4151 τις
664 4081 735 4162 ἐπίῃ,
747 4087 800 4145 τοῖς
811 4077 839 4138 δέ
849 4082 902 4137 τῶν
917 4076 1050 4153 πολεμίων

273 4179 308 4242 ὡς
323 4175 368 4256 βίᾳ
386 4172 628 4255 κρατηθησομένοις
649 4171 687 4250 μί,
709 4172 864 4251 ἐπιχειρεῖν.
911 4168 964 4228 llal
979 4171 993 4226 ὁ
1007 4165 1051 4226 διά

275 4263 356 4343 μέσου
371 4264 465 4344 χρόνος
477 4265 524 4322 οὐκ
540 4262 625 4340 ὀλίγος
638 4259 740 4339 ἐγένετο
752 4260 779 4317 έν
796 4258 870 4341 φόύῳ
884 4260 936 4316 τῶν
953 4259 1053 4336 έπιχει-

275 4353 377 4437 φύσεων
390 4352 555 4432 τρεόόμενος·
568 4355 598 4412 οὐ
609 4350 698 4427 μέντοι
713 4349 758 4408 καί
772 4350 808 4416 εἷς
825 4346 899 4414 τέλος
912 4371 944 4425 γε
959 4345 1052 4423 διαμέ·

219 4467 246 4506 ιο
275 4468 327 4503 νειν
354 4444 380 4501 έν
403 4444 457 4509 τοῖς
489 4439 662 4520 ἐγνωσμένοις
690 4439 864 4510 ἐδυνήθησαν.
872 4433 969 4495 Ὁπότε
1000 4433 1053 4516 γάρ

275 4534 442 4609 ίπισιτισμοῖι
462 4530 556 4611 χάριν,
576 4528 593 4600 ’λ
616 4531 668 4589 τῶν
697 4528 783 4587 ἀλλων
810 4525 966 4597 ίπιτηδείων
985 4524 1053 4591 τινὸς

274 4612 312 4682 ὧν
328 4619 483 4703 ἀμφοτέροις
495 4616 562 4690 ἔδει,
578 4614 658 4697 μοῖρά
675 4640 713 4684 τις
726 4614 888 4685 ἀποσταλείη
909 4619 957 4683 τῆς
969 4635 1054 4694 στρα-

274 4718 351 4782 τιᾶς,
376 4707 509 4787 συμόολαί
529 4706 554 4766 τ’
567 4708 653 4766 αὐτῶν
675 4705 789 4785 ἐγίνοντο
812 4702 857 4763 καί
875 4702 994 4781 πληγαί,
1010 4699 1055 4759 καί

274 4799 306 4858 τό
321 4806 395 4857 νικᾶν
410 4801 457 4857 οὐκ
472 4794 513 4858 ἀεί
528 4796 602 4875 παρδι
614 4801 668 4861 τοῖς
681 4794 768 4862 αὐτοῖς
779 4791 871 4871 ἔμενε·
886 4789 1013 4856 πολλάκις
1027 4788 1055 4849 δέ

222 4906 249 4944 su
275 4886 499 4964 συμπλεκομένων
521 4884 645 4955 ἀλληλοις
664 4881 827 4955 ἀπέθνησκόν
851 4904 881 4939 τε
904 4877 1056 4955 οὐκόλίγοι

282 4975 329 5033 καὶ
351 4975 513 5055 τραυματίαι
534 4975 639 5041 πλείους
665 4972 789 5050 ε’γίνοντο.
853 4973 917 5037 Τοῖς
942 4970 991 5048 μέν
1012 4959 1056 5028 οὐν

276 5059 420 5137 Ῥωμαίοις
441 5064 471 5124 τδ
495 5061 707 5133 ἀπαναλωμένον
730 5064 777 5131 τῆς
800 5067 924 5138 στρατιᾶς
947 5056 1056 5135 οὐδεμία

277 5147 378 5207 οίκοθεν
395 5149 531 5230 ίπικουρία
544 5148 705 5228 ίξεπλιίρου’
719 5146 750 5205 τδ
764 5147 791 5206 δέ
810 5149 862 5205 τῶν
880 5145 1055 5206 Οὐολούσκων

278 5233 454 5315 στρατόπεδον
469 5238 557 5299 ἀλλων
571 5240 613 5297 ἐπ’
627 5237 716 5304 ἀλλοις
728 5235 847 5308 ἡκόντων
861 5234 962 5305 πολλὴν
976 5232 1057 5305 αὔξη·
1084 5231 1089 5248 ”

767 392 941 458 DlONYSll
964 379 1341 493 bntiunltilnssnusls

1081 524 1317 589 estcirenmscripta
1337 521 1435 571 :immo
1453 529 1484 567 ue
1502 516 1648 581 pernoctare
1668 509 1772 575 quidem
1790 510 1866 561 extra

1082 625 1169 676 urbem
1183 622 1244 688 ipsis
1259 620 1297 671 sas
1309 620 1361 682 est,
1376 615 1425 667 nisi
1437 613 1547 678 quodam
1563 613 1659 662 statuto
1670 612 1801 673 tempore,
1814 619 1867 671 quo

1082 736 1169 774 omnes
1182 720 1267 787 populi
1278 714 1382 769 Romani
1396 713 1556 778 magistratus
1572 711 1598 758 iu
1612 707 1706 758 Albano
1720 711 1806 756 monte
1819 719 1868 770 pro

1083 821 1225 872 Latinorum
1249 819 1322 880 genta
1346 813 1400 864 lovi
1427 821 1560 861 commune
1588 804 1739 857 sacrificium
1762 802 1865 854 sedunt.

1085 922 1168 984 arque
1183 917 1224 967 bic
1236 928 1291 966 mos
1305 911 1337 963 ad
1353 913 1464 962 nostram
1476 919 1556 970 usque
1567 906 1668 956 atatem
1681 906 1825 968 permanet,
1839 910 1869 954 ut

1086 1012 1270 1077 tribuniplebis
1288 1011 1313 1060 iu
1329 1022 1374 1070 ea,
1397 1018 1455 1070 qum
1471 1006 1532 1055 sunt
1553 1005 1623 1052 extra
1647 1001 1750 1062 urbem,
1771 998 1870 1049 nullum

1086 1112 1126 1163 lus
1139 1124 1169 1162 ao
1186 1108 1336 1173 potestatem
1354 1103 1472 1154 babeant.
1513 1100 1657 1159 Quinetiam
1677 1112 1784 1159 caussa,
1799 1110 1871 1161 quae,

1087 1212 1177 1275 prater
1200 1204 1291 1255 multas
1313 1201 1388 1263 alias,
1411 1198 1505 1251 bellum
1528 1198 1600 1248 ciuile
1622 1197 1791 1247 Romanorum
1813 1206 1873 1243 mea

1088 1310 1161 1359 atate
1179 1307 1278 1370 gestum
1290 1299 1372 1366 (quod
1389 1298 1438 1349 tuit
1450 1297 1560 1348 omnium
1573 1293 1730 1360 superiorum
1745 1291 1872 1343 bellorum

1088 1401 1242 1466 maximum)
1254 1399 1363 1451 maxime
1374 1396 1482 1448 movisse
1497 1399 1522 1447 ot
1539 1396 1581 1447 rel
1591 1395 1647 1445 sola
1662 1393 1792 1444 civitatem
1808 1390 1875 1442 divi·

1090 1504 1149 1555 dere
1160 1501 1272 1568 potuisse
1290 1497 1344 1547 visa
1355 1500 1405 1557 est,
1422 1474 1477 1545 hmo
1491 1491 1556 1555 suit;
1574 1492 1643 1556 quod
1663 1491 1758 1556 aliquot
1777 1489 1874 1540 tribuni

1090 1601 1185 1667 plebis,
1198 1597 1293 1663 quasti,
1312 1609 1341 1647 se
1354 1595 1387 1646 ab
1404 1607 1435 1645 oo
1448 1593 1612 1657 imperatore,
1626 1589 1671 1655 qui
1692 1592 1755 1639 tuno
1774 1586 1876 1637 ltaliam

1092 1699 1209 1761 tenebat,
1227 1696 1288 1747 urbe
1307 1708 1351 1759 per
1375 1693 1426 1742 vim
1443 1690 1544 1755 pulsos,
1559 1703 1591 1740 ue
1603 1702 1680 1752 quam
1699 1685 1807 1750 amplius
1828 1698 1877 1749 po-

1092 1799 1208 1847 testatem
1224 1793 1359 1853 baberent,
1371 1789 1405 1840 ad
1422 1789 1596 1853 imperatorem
1608 1786 1652 1849 qui
1666 1784 1692 1834 in
1706 1783 1786 1834 Gallia
1797 1795 1876 1831 exer·

1092 1896 1157 1946 citus
1170 1892 1289 1952 babebat,
1303 1888 1376 1953 quasi
1397 1899 1445 1936 nou
1460 1885 1594 1944 baberent,
1616 1896 1668 1946 quo
1683 1894 1711 1932 sc
1732 1882 1877 1937 verterent,

1092 1991 1261 2057 confugerant.
1295 1986 1341 2037 llla
1359 1998 1420 2036 vero
1438 1983 1490 2040 bac,
1505 1982 1634 2033 occasione
1655 1993 1732 2041 usus,
1755 1983 1878 2042 tanquam

1092 2087 1248 2155 magistratui
1270 2083 1350 2150 plebis
1374 2080 1559 2142 sacratissimo,
1582 2092 1628 2129 sua
1649 2080 1774 2142 potestate
1786 2080 1879 2126 contra

1094 2190 1217 2242 malorum
1229 2182 1401 2237 iusiurandum
1413 2182 1527 2245 privato,
1541 2178 1581 2243 pie
1592 2181 1619 2229 et
1636 2177 1701 2228 iuste
1715 2189 1878 2235 succurrens,

1094 2287 1187 2352 etipse
1206 2297 1263 2334 cum
1286 2279 1397 2332 exercitu
1417 2278 1443 2327 in
1462 2276 1552 2329 urbem
1570 2274 1655 2338 venit,
1678 2255 1832 2326 et'tribunos
1850 2273 1880 2324 in

1094 2384 1265 2450 magistratum
1277 2379 1355 2430 armis
1369 2376 1478 2428 reduxit.

1126 2575 1280 2627 cxxxviii.
1298 2573 1368 2623 Tunc
1379 2569 1457 2635 igitur
1466 2565 1554 2632 plebeii
1565 2564 1694 2626 homines,
1708 2578 1787 2630 quum
1799 2564 1880 2616 tritu.

1097 2676 1159 2728 nitia
1176 2675 1299 2742 potestate
1317 2671 1384 2723 nullo
1402 2667 1478 2721 modo
1497 2667 1657 2727 iuvarentur,
1678 2666 1711 2716 de
1723 2665 1830 2717 audacia
1844 2679 1884 2717 m·

1098 2779 1233 2839 miserunt;
1252 2779 1279 2827 et
1299 2776 1388 2825 euntes
1409 2770 1441 2821 ad
1465 2782 1522 2831 eos,
1538 2767 1583 2832 qui
1604 2767 1742 2819 delectibus
1760 2767 1885 2819 habendis

1100 2879 1237 2946 praeerant,
1255 2872 1355 2924 militari
1371 2872 1528 2922 sacramento
1545 2882 1574 2920 se
1585 2862 1777 2920 obstrinxerunt
1792 2872 1820 2919 et
1833 2867 1884 2918 sub

1100 2972 1285 3042 signianomina
1299 2969 1430 3021 dederunt.
1463 2968 1639 3032 Supplemento
1657 2969 1740 3017 autem
1756 2966 1883 3030 legionum

1100 3073 1254 3138 conscripto,
1266 3069 1379 3121 consules
1394 3067 1533 3132 pmrincias
1545 3065 1608 3117 inter
1620 3079 1648 3117 sc
1667 3064 1749 3116 sortiti
1761 3069 1822 3116 sunt
1836 3079 1885 3116 tac

1100 3172 1194 3224 Fabius
1212 3167 1312 3233 quidem
1332 3164 1486 3226 exercitum,
1506 3162 1580 3214 sociis
1601 3161 1694 3213 auxilio
1717 3163 1808 3213 missus
1819 3167 1884 3221 erat,

1101 3268 1215 3332 accepit,
1229 3263 1345 3313 Valerius
1356 3275 1416 3312 varo
1429 3275 1500 3323 eum,
1513 3262 1557 3324 qui
1568 3260 1594 3310 in
1604 3260 1703 3311 Volscis
1713 3262 1795 3312 rastra
1805 3261 1886 3310 baba·

1102 3368 1160 3427 bat,
1176 3376 1226 3414 una
1247 3373 1307 3411 oum
1331 3358 1502 3423 supplemento
1524 3358 1599 3408 modo
1621 3358 1772 3423 conscripto.
1801 3356 1886 3409 cuins

1103 3464 1210 3516 adventu
1223 3458 1321 3524 cognito
1333 3456 1448 3508 hostibus
1458 3455 1551 3522 placuit
1564 3469 1642 3506 noras
1654 3456 1740 3520 copias
1749 3468 1887 3517 accersere,

1103 3566 1130 3615 et
1143 3561 1169 3611 in
1181 3559 1237 3610 loco
1247 3555 1381 3608 munitiore
1399 3559 1482 3608 castra
1501 3554 1606 3617 metari,
1627 3556 1654 3606 et
1669 3568 1768 3616 carere,
1786 3568 1820 3606 nc
1836 3568 1890 3606 am·

1104 3665 1170 3730 plius
1187 3665 1220 3713 ob
1232 3673 1303 3711 suam
1313 3656 1422 3707 bostium
1436 3653 1645 3718 contemptionem
1656 3652 1683 3703 in
1692 3652 1793 3718 aliquod
1806 3656 1889 3706 terne·

1105 3762 1199 3812 narium
1209 3756 1363 3824 periculum,
1384 3755 1498 3815 utente,
1513 3748 1659 3814 inciderent.
1697 3750 1758 3799 Hac
1774 3748 1893 3801 celeriter

1106 3859 1256 3915 factasunt,
1269 3857 1296 3904 et
1309 3850 1440 3913 utriusque
1460 3848 1532 3899 ducis
1550 3847 1582 3899 de
1601 3842 1775 3911 belligerandi
1793 3848 1892 3899 ratione

1105 3959 1192 4011 eadam
1209 3956 1257 4006 init
1268 3950 1402 4013 sententia,
1424 3948 1538 3999 videlicet
1555 3950 1583 4000 ut
1598 3961 1658 3999 suas
1669 3948 1823 4000 munitiones
1834 3952 1893 4000 tue·

1106 4066 1199 4123 rentur,
1212 4060 1233 4109 si
1243 4057 1301 4123 quis
1309 4069 1352 4108 aas
1364 4050 1507 4111 invaderet,
1518 4046 1667 4099 aobostium
1674 4048 1849 4104 munitiones,
1863 4049 1894 4095 ut

1106 4173 1149 4212 eas
1160 4157 1265 4223 pervim
1280 4151 1464 4219 expugnarent,
1475 4146 1577 4197 minime
1596 4144 1799 4209 aggrederentur.
1835 4145 1896 4201 Quo

1107 4257 1201 4307 tactum
1220 4258 1260 4306 est
1282 4256 1327 4314 ut,
1340 4250 1402 4301 dum
1422 4249 1500 4300 alteri
1521 4245 1617 4296 alteros
1644 4242 1745 4308 aggredi
1760 4244 1893 4297 metuunt,

1108 4354 1202 4404 interea
1215 4366 1264 4402 non
1285 4363 1372 4415 parum
1390 4344 1510 4411 temporis
1524 4346 1657 4394 tereretur.
1690 4343 1808 4391 Attamen
1820 4338 1846 4389 in
1863 4352 1895 4389 aa

1108 4450 1229 4503 sententia
1243 4462 1322 4512 usque
1336 4446 1369 4498 ad
1390 4444 1449 4496 belli
1470 4443 1547 4494 linem
1569 4452 1714 4506 permanere
1734 4451 1783 4487 non
1806 4441 1897 4502 polue-

1108 4551 1175 4599 νυοί.
1209 4547 1314 4606 Quoties
1326 4545 1391 4596 enim
1403 4548 1448 4594 aut
1462 4540 1642 4592 frumentatum
1664 4540 1710 4588 aut
1727 4535 1760 4586 ad
1771 4535 1836 4587 alias
1852 4549 1898 4586 res

1109 4645 1243 4713 parandas,
1264 4657 1323 4708 qua
1346 4643 1459 4706 utrisque
1473 4636 1618 4690 neocesariae
1630 4634 1791 4696 viderentur,
1811 4633 1897 4697 aliqua

1111 4744 1238 4796 exercitus
1259 4755 1318 4806 pars
1338 4738 1496 4797 mittebatur,
1524 4735 1655 4787 condictus
1677 4736 1705 4784 ct
1730 4730 1836 4782 vulnera
1850 4744 1895 4781 se·

1111 4842 1261 4907 quebantur,
1283 4852 1329 4891 uec
1346 4836 1423 4888 iidem
1451 4848 1548 4899 semper
1566 4832 1698 4884 victoriam
1718 4829 1893 4895 reportabant;

1113 4947 1140 4994 et
1151 4956 1228 5006 quum
1240 4940 1332 5006 sapius
1345 4936 1563 5003 congrederentur,
1576 4947 1624 4984 non
1642 4933 1717 4998 pauci
1734 4930 1856 4982 cadebant
1868 4934 1895 4981 et

1112 5040 1195 5104 plures
1218 5038 1402 5091 sauciabantur.
1437 5033 1487 5086 sod
1505 5033 1609 5083 Romani
1631 5031 1704 5082 novis
1726 5030 1794 5096 oopii
1820 5028 1896 5079 darno

1112 5136 1195 5187 missis
1214 5149 1316 5186 suorum
1341 5133 1464 5183 iacturam
1488 5131 1602 5195 supplere
1624 5129 1693 5180 haud
1712 5131 1844 5193 poterant;
1869 5132 1897 5175 at

1113 5236 1261 5289 Volscorum
1280 5232 1403 5288 exercitus
1422 5231 1478 5283 allis
1497 5232 1556 5297 post
1569 5228 1632 5281 alios
1644 5226 1801 5281 venientibus
1820 5224 1898 5275 valde
