4068 5924
237 478 301 539 itu

235 612 269 669 αἱ
284 612 421 690 παρθένοι,
442 612 582 693 τεκμήριον
605 615 633 671 ού
651 613 743 693 μικρὸν
770 613 946 693 παρεχόμενοι
965 621 1010 675 τοῦ

238 700 316 778 λόγου
330 700 361 759 τθ
376 699 480 778 συμῦθν
499 701 559 781 περί
578 700 626 774 τὴν
641 700 771 778 έμπρησιν
795 705 840 761 τοῦ
854 706 923 780 ἱεροῦ
943 703 1011 761 κατὰ

236 788 281 846 τὸν
302 788 457 848 Φοινικικὸν
471 787 586 864 πόλεμον
606 788 651 847 τὸν
666 793 769 868 πρῶτον
796 792 929 850 συστάντα
944 793 1012 854 Ῥω·

237 876 323 951 Ιααίοις
337 874 401 955 πρὸς
419 877 616 955 Καρχηδονίους
628 876 688 958 περί
707 879 840 945 Σικελίας.
884 878 974 962 Ἐμπρ
995 916 1009 926 -

186 980 208 1018 s
236 963 339 1031 σθέντυς
361 964 413 1042 γδρ
434 969 480 1022 τοῦ
503 964 625 1040 τεμένους
648 968 693 1024 καί
715 969 766 1024 τῶν
785 968 920 1045 παρθένων
946 993 1010 1049 φευ-

240 1058 343 1129 γουσῶν
362 1054 392 1110 έκ
405 1058 451 1111 τοῦ
474 1054 563 1133 πυρὸς,
589 1056 641 1111 τῶν
661 1057 819 1135 ἱεροφαντῶν
842 1078 880 1121 τις
903 1058 1010 1123 Λεύκιος

235 1142 401 1215 Καικίλιοςὶι
425 1141 584 1215 καλούμενος
608 1144 755 1215 Μέτελλος,
778 1144 844 1221 ἀνὴρ
865 1144 1007 1218 ῦπατικθς,

233 1229 248 1283 θ
271 1226 313 1284 τθν
329 1226 447 1302 ἀοίδιμον
473 1232 501 1286 ἐκ
520 1230 642 1295 Σικελίας
663 1231 716 1288 άπὸ
743 1230 929 1310 Καρχηδονίων
946 1255 1009 1290 κατ·

234 1313 340 1393 αγαγὼν
360 1314 429 1373 ὀκτὼ
450 1315 495 1372 καί
517 1315 657 1394 τριάκοντα
683 1317 728 1377 καὶ
749 1320 842 1376 ἑκατὸν
864 1320 1008 1400 ἐλεφάντων

176 1416 207 1458 10
234 1402 377 1483 θρίαμῦον,
395 1402 524 1481 ὑπεριδὼν
548 1408 594 1474 τῆς
608 1405 675 1473 ἰδίας
698 1406 841 1486 ἀσφαλείας
866 1414 911 1467 τοῦ
936 1414 1009 1490 κοινῇ

233 1491 409 1572 συμφέροντος
432 1492 520 1563 ἕνεκα,
533 1494 764 1571 παρεκινδύνευσεν
783 1496 820 1563 εἰς
834 1493 867 1554 τδι
881 1496 1009 1574 καιόμενα

128 1584 132 1597 “
232 1580 377 1658 βιάσασθαι
397 1579 442 1638 καί
457 1578 491 1637 τθι
512 1582 719 1663 καταλειφθέντα
738 1582 789 1641 ὑπὸ
807 1589 860 1643 τῶν
874 1584 1008 1664 παρθένων

232 1669 356 1749 ἁρπάσας
369 1667 427 1747 ἱιρθι
449 1667 573 1728 διέσωσεν
591 1671 622 1728 έκ
646 1675 691 1730 τοῦ
716 1673 810 1748 πυράς·
829 1671 870 1753 ἐφ’
894 1664 1010 1753 ᾧτιμδς

232 1757 306 1837 παρά
318 1761 367 1827 τῆς
384 1755 483 1823 πολεως
498 1756 655 1835 ίξηνέγκατο
677 1758 804 1837 μεγάλας,
826 1763 861 1828 ῶς
878 1766 893 1832 ἡ
910 1765 956 1832 τῆς
971 1764 1007 1819 εἰ·

172 1860 203 1899 ss
232 1844 304 1911 κύνος
314 1847 391 1904 αὐτοῦ
405 1848 451 1914 τῆς
464 1846 490 1902 έν
502 1849 539 1925 τῷ
551 1847 712 1927 Καπιτωλίῳ
725 1848 866 1927 γενομένης
876 1850 1008 1929 ἐπιγραφὴ

231 1933 366 2014 μαρτυρεῖ.
398 1936 484 1993 Τοῦτο
498 1934 529 2004 θη
542 1934 666 2003 λαθόντες
680 1936 887 2016 ὁμολογούμενον
903 1940 1007 1998 ἐπισυν·

228 2021 355 2080 άπτουσιν
382 2020 455 2080 αὐτοὶ
475 2022 640 2101 στοχασμούς
666 2048 737 2091 τινας
753 2025 840 2096 ἰδίους,
860 2029 883 2083 οἱ
909 2025 956 2102 μὲν
979 2029 1009 2085 έκ

230 2113 282 2168 τῶν
305 2112 330 2168 έν
346 2107 511 2191 Σαμοθρᾴκῃ
527 2112 645 2188 λέγοντες
666 2114 743 2192 ἱερῶν
758 2122 851 2192 μοῖραν
866 2103 934 2173 εἰναί
947 2138 1006 2174 τινα

230 2197 427 2278 φυλαττομένην
449 2197 496 2269 τὴν
517 2200 628 2274 ἐνθάδε,
653 2200 790 2278 Δαρδάνου
822 2201 870 2276 μὲν
902 2204 937 2270 εἷς
959 2203 1006 2275 τὴν

169 2313 203 2351 :to
232 2288 274 2369 ὑφ’
289 2290 381 2346 ἑαυτοῦ
396 2292 546 2346 κτισθεῖσαν
565 2287 642 2346 πολιν
665 2290 694 2347 έκ
713 2292 759 2360 τῆς
784 2288 865 2360 νήσου
890 2289 924 2349 τά
949 2294 1007 2370 ἱερὰ

231 2377 464 2454 μετενεγκαμένου,
484 2377 587 2436 Αἰνείου
603 2375 626 2434 δ’
639 2375 678 2435 ὅτ’
690 2377 782 2457 ἔφυγεν
802 2379 833 2435 ἰκ
847 2382 893 2450 τῆς
906 2379 1005 2460 Τρωά-

229 2466 272 2530 δος
287 2462 343 2540 άμα
358 2472 411 2529 τοῖς
426 2465 514 2531 ἄλλοις
537 2464 581 2523 καὶ
600 2469 685 2523 ταῦτα
700 2463 856 2541 κομίσαντος
880 2468 916 2533 εἰς
937 2465 1006 2526 Ἰτα·

229 2553 308 2612 λίαν·
337 2555 360 2612 οἱ
394 2552 422 2611 δέ
446 2553 475 2612 τὸ
505 2552 620 2620 διοπετὲς
652 2554 796 2612 παλλάδιον
821 2554 1006 2634 ἀποφαίνοντες

228 2633 295 2701 εἶναι
314 2640 344 2701 τθ
358 2643 423 2722 παρ’
447 2640 554 2701 Ἰλιεῦσι
573 2642 721 2720 γενόμενον,
745 2644 780 2708 ῶς
802 2643 908 2702 Αἰνείου
929 2643 1003 2719 κομί·

167 2752 200 2790 25
229 2752 320 2795 οαντος
333 2729 396 2788 αὗτδ
410 2728 444 2787 δι’
459 2729 606 2808 ἐμπειρίαν,
626 2727 739 2808 Ἀχαιῶν
755 2728 783 2786 δὲ
796 2728 825 2786 τθ
842 2728 942 2804 μίμημ’
958 2731 1005 2786 αὖ·

227 2823 272 2876 τοῦ
284 2815 419 2877 λαθόντων
433 2817 530 2895 κλοπῇ,
545 2815 607 2896 περὶ
624 2807 653 2876 οῦ
669 2815 763 2876 πολλοί
782 2816 873 2897 σφόδρ’
890 2815 1005 2894 εἴρηνται

227 2912 349 2978 ποιηταῖς
373 2926 402 2963 τε
428 2903 473 2962 καί
494 2909 672 2984 συγγραφεῦσι
691 2905 776 2982 λόγοι.
821 2902 894 2982 Ἐγὼ
919 2903 946 2961 δέ
975 2903 1005 2963 τὸ

229 2993 276 3068 μέν
295 2982 363 3052 αἰναί
383 3016 442 3051 τινα
457 3000 509 3058 τοῖς
530 2994 636 3059 πολλοῖς
656 2992 734 3064 ἄδηλ’
748 2992 807 3071 ἱερδι
830 2994 1004 3072 φυλαττόμεν’

228 3082 280 3142 ὑπὸ
293 3084 345 3141 τῶν
365 3080 501 3162 παρθένων
508 3078 560 3140 Ικαὶ
581 3083 610 3139 ού
633 3081 664 3140 τὸ
677 3085 729 3159 πῦρ
751 3079 828 3156 μόνον
849 3082 880 3137 ἐκ
899 3081 1004 3141 πολλῶν

66 3170 67 3174 ’
166 3184 200 3224 ³0
228 3170 297 3229 πάνυ
310 3168 566 3248 καταλαμῦάνομαι·
579 3169 637 3228 τίνα
654 3169 679 3228 δέ
694 3170 769 3227 ταῦτ’
791 3168 865 3227 ἐστὶν
879 3172 926 3229 οὐκ
941 3169 1004 3237 ἀξιῶ

227 3259 458 3340 πολυπραγμονεῖν
473 3257 529 3317 οὔτ’
549 3258 662 3333 ἐμαυτὸν
677 3257 732 3315 οὔτ’
748 3257 826 3316 ἄλλον
845 3258 936 3316 οὐδένα
951 3261 1002 3315 τῶν

228 3348 392 3424 βουλομένων
406 3346 440 3405 τδι
454 3347 517 3426 πρὸς
531 3344 603 3412 θεοὺς
616 3344 676 3406 ὅσια
691 3350 790 3425 τηρεῖν.

266 3437 380 3497 valt.
399 3438 433 3494 Αἱ
445 3436 472 3493 δὲ
485 3435 673 3515 θεραπεύουσαι
685 3435 733 3506 τὴν
745 3435 801 3494 θεδν
814 3434 936 3514 παρθένοι
946 3434 1003 3493 τέτ-

228 3546 304 3602 ταρες
314 3521 361 3598 μέν
376 3515 442 3594 ἦσαν
453 3525 513 3581 κατ’
521 3524 613 3603 ἀρχάς,
622 3526 674 3582 τῶν
685 3525 814 3602 βασιλέοιν
824 3522 905 3588 αῦτδις
917 3526 1003 3604 αἱρου-

172 3625 199 3665 ³⁵
228 3611 314 3687 μένων
327 3614 367 3693 ἐφ’
381 3601 417 3678 οἷς
431 3612 611 3681 κατεστήσατο
627 3611 761 3678 δικαὶοιςδ
778 3612 886 3686 Νόμας·
896 3609 1002 3690 ἱίστιρον

227 3699 310 3761 δέδιθι
324 3704 423 3772 πλῆθος
436 3703 487 3758 τῶν
499 3702 649 3780 ἱερουργιῶν
664 3699 694 3766 d<
712 3701 875 3758 ἐπιτελοῦσιν
888 3698 914 3766 ἓξ
928 3701 1001 3774 γενό·

228 3813 304 3865 μενοι
315 3789 394 3870 μέχρι
405 3793 451 3849 τοῦ
462 3790 522 3847 καθ’
534 3792 604 3862 ἡμᾶς
613 3787 766 3865 διαμένουσι
777 3787 886 3866 χρόνου,
899 3788 1001 3845 δίαιταν

227 3874 415 3956 ἔχουσαιπαρδι
427 3880 459 3955 τῇ
470 3878 531 3956 θεῷ,
539 3875 600 3934 ἔνθα
611 3877 644 3933 δι’
653 3875 752 3954 ἡμέρας
763 3875 809 3951 μέν
821 3874 902 3941 οὐδεὶς
913 3874 1003 3955 ἀπείρ-

227 3986 301 4040 γεται
324 3968 375 4022 τῶν
402 3965 567 4042 βουλομένων
593 3963 717 4035 εἰσιέναι,
741 3963 844 4040 νύκτωρ
867 3964 891 4019 δ’
917 3962 1000 4021 ούδενλ

168 4071 200 4116 ao
227 4053 279 4109 τῶν
291 4052 404 4130 άρρένων
419 4049 694 4126 έναυλίσαοθαιθέμις.
737 4052 837 4129 Χρόνον
848 4048 875 4108 δέ
886 4072 1002 4128 τριακον-

227 4143 308 4208 ταετῆ
324 4139 409 4215 μένειν
432 4139 513 4207 αύτθις
528 4142 669 4216 οἰναγκαῖον
687 4139 770 4215 ἁγνὰς
791 4138 884 4215 γάμων
899 4142 1001 4212 θυηπο-

227 4228 325 4295 λούσας
339 4252 368 4287 τε
397 4228 442 4286 καί
461 4221 546 4288 τᾶλλα
567 4227 760 4309 θρησκευούσας
776 4226 847 4287 κατὰ
865 4226 959 4304 νόμον·
974 4230 1000 4287 έν

227 4307 250 4400 ᾧ
265 4317 328 4377 δέκα
350 4315 397 4393 μέν
422 4317 468 4389 ἔτη
485 4312 623 4392 μανθάνειν
639 4315 719 4384 αὐτὰς
734 4314 797 4384 ἔδει,
825 4317 888 4376 δέκα
902 4316 927 4374 δ’
941 4318 1001 4376 lnt-

226 4408 310 4466 τελεῖν
326 4405 358 4464 τθι
372 4405 444 4484 ἱερθι,
460 4405 492 4465 τδι
515 4405 541 4463 δὲ
563 4403 644 4466 λοιπθ
666 4405 729 4463 δέκα
752 4402 882 4462 διδάσκειν
900 4402 999 4483 ἐτέρας.

187 4516 199 4553 τι
226 4495 460 4577 Ἐκπληρωθείσης
478 4491 506 4554 δὲ
530 4498 576 4563 τῆς
597 4491 808 4573 τριακονταετίας
830 4491 903 4551 οὗδίν
921 4484 953 4564 ἦν
972 4491 1002 4550 τὸ

229 4588 346 4643 κωλῦσον
361 4583 407 4652 τδς
424 4581 584 4664 βουλομένας
601 4580 742 4650 ἀποθείσας
755 4580 788 4640 τδι
803 4580 944 4656 στέμματα
956 4578 1001 4638 καί

227 4670 259 4728 τδ
274 4671 353 4730 λοιπθι
370 4672 518 4751 παράσημα
531 4672 578 4741 τῆς
596 4668 740 4749 ἱερωσύνης
753 4671 905 4746 γαμεῖσθαι.
949 4666 1001 4726 Καί

228 4760 354 4823 ἐποίησάν
369 4785 435 4827 τινες
452 4766 527 4819 τοῦτο
546 4756 616 4818 πάνυ
634 4757 736 4835 ὀλίγαι,
758 4749 798 4825 αἱς
823 4757 914 4827 άζηλοι
928 4754 1002 4813 συνέ-

229 4846 314 4917 άησαν
339 4852 366 4908 αἱ
378 4851 497 4909 τελευταὶ
512 4853 564 4909 τῶν
586 4847 651 4927 βίων
671 4847 716 4907 καί
733 4848 761 4905 οὗ
777 4845 846 4905 πάνυ
869 4847 1001 4924 εὐτυχεῖς,

170 4946 201 4985 ⁸⁰
228 4933 296 4992 ὥστε
313 4936 347 4992 δι’
360 4941 451 4997 οἰωνοῦ
472 4938 656 5013 λαμθάνουσαι
676 4935 723 5004 τὰς
747 4934 851 4993 έκεὶνων
867 4931 1003 5014 συμφοράς

229 5025 257 5081 αἱ
271 5024 360 5082 λοιπαί
381 5025 504 5103 παρθένοι
520 5024 627 5099 μένουσι
641 5025 714 5102 παρδι
737 5027 770 5103 τῇ
786 5026 836 5103 θεῷ
862 5024 942 5103 μέχρι
956 5026 1003 5079 θα·

228 5111 320 5171 νάτου·
333 5101 393 5169 τθε
412 5113 435 5170 δ’
451 5115 486 5180 εἰς
508 5114 551 5170 τὸν
566 5117 612 5183 τῆς
632 5111 789 5181 έκλιπούσης
804 5110 911 5190 θριθμδν
926 5109 1002 5188 ἑτέρα

230 5200 310 5260 πάλιν
326 5198 376 5261 ὑπὸ
390 5202 441 5258 τῶν
456 5201 617 5278 ἱεροφαντῶν
632 5198 827 5259 ἀποδείκνυται.
876 5198 962 5273 Τιμαί
978 5198 1002 5254 δ’

228 5289 320 5358 αυταῖς
348 5287 518 5347 ἀποδέδονται
544 5283 617 5367 παρδ
646 5290 691 5358 τῆς
715 5284 815 5354 πολέως
840 5285 937 5346 πολλαί
954 5284 1000 5343 καὶ

757 479 923 541 ntuNYstt
949 481 1330 548 flALtcuttNAssnttsts

1068 627 1159 676 occidit
1173 628 1198 677 iu
1221 627 1332 679 incendio
1356 628 1420 679 illim
1444 630 1541 693 tempti,
1562 633 1671 695 tempore
1690 629 1763 695 primi
1786 626 1843 683 beiti

1065 727 1167 788 Punici,
1181 728 1248 791 quod
1264 728 1328 780 inter
1341 731 1464 780 Romanos
1476 731 1503 779 et
1519 729 1730 792 carthaginienses
1743 734 1843 794 propter

1063 822 1169 877 Siciliam
1187 832 1267 880 ortum
1280 834 1326 881 est.
1355 834 1458 881 lucense
1474 831 1539 880 euim
1561 832 1654 895 tempto
1668 835 1693 882 et
1706 831 1842 895 virgbribua

1069 942 1099 978 ex
1116 930 1171 992 igue
1181 930 1340 996 fugientibus,
1354 933 1454 997 quidam
1473 932 1504 983 de
1522 947 1624 983 numero
1638 933 1782 997 prontiiieum
1792 936 1842 984 Lu·

1063 1028 1116 1080 cius
1135 1031 1248 1082 Caecilius
1273 1032 1395 1090 Meteilus.
1411 1034 1451 1083 vir
1474 1033 1624 1094 consularis,
1648 1035 1693 1098 qui
1712 1034 1843 1100 Garttragr-

1063 1127 1189 1180 nieusibus
1216 1130 1240 1180 in
1264 1131 1347 1182 Sicilia
1373 1132 1478 1184 deuictis
1499 1132 1524 1183 iu
1549 1134 1591 1184 iiio
1606 1132 1696 1184 celabri
1720 1133 1845 1199 triurnpbo

1063 1245 1174 1284 cunum
1187 1233 1331 1298 elephantos
1343 1234 1502 1296 traduxerat,
1524 1235 1634 1298 neglecta
1653 1236 1751 1299 propria
1764 1236 1844 1289 sainte

1063 1352 1114 1403 prm
1127 1340 1233 1391 utilitate
1256 1341 1367 1405 publica,
1386 1355 1482 1393 summo
1502 1356 1559 1394 cnm
1580 1341 1687 1407 periculo
1711 1349 1749 1392 est
1768 1356 1844 1393 ausus

1066 1439 1092 1490 in
1108 1440 1197 1491 ardeus
1216 1440 1343 1504 penetrate
1362 1442 1513 1506 irrumpere,
1534 1445 1559 1492 et
1578 1455 1648 1492 sacra
1673 1457 1688 1492 ο
1710 1442 1844 1506 virginibus

1062 1539 1160 1590 deserta
1174 1552 1204 1590 ex
1213 1538 1267 1603 ipso
1278 1540 1390 1591 incendio
1403 1541 1506 1605 eripuit3
1518 1540 1550 1590 ob
1565 1541 1632 1604 qnod
1644 1541 1789 1605 preclarum
1805 1543 1844 1593 ia·

1063 1639 1134 1689 ciuus
1150 1638 1233 1703 magui
1251 1640 1356 1690 bonores
1375 1653 1390 1690 a
1414 1640 1515 1691 civitate
1530 1639 1554 1692 ei
1570 1640 1646 1692 delati
1664 1646 1738 1703 suut,
1757 1648 1785 1694 ut
1804 1644 1843 1708 ip·

1063 1753 1120 1789 sum
1134 1739 1239 1802 elogium
1256 1743 1346 1790 statum
1362 1740 1417 1791 eius
1435 1740 1462 1791 in
1479 1740 1601 1804 capitolio
1618 1744 1711 1792 orertm
1728 1746 1843 1795 testatur,

1063 1840 1132 1888 Hanc
1143 1838 1217 1903 igitur
1240 1852 1293 1889 rem
1305 1852 1349 1904 pro
1369 1838 1623 1898 couiessuaumcntes,
1649 1841 1681 1890 de
1695 1855 1743 1892 suo
1768 1855 1844 1905 quus·

1062 1944 1120 1994 dam
1139 1944 1294 1995 coniecturas
1313 1946 1415 1996 addunt.
1455 1945 1569 2004 ⁴Quidam
1589 1948 1654 1997 euim
1672 1947 1757 1999 dicunt
1773 1963 1843 2001 secra

1062 2048 1163 2112 quesibi
1176 2052 1305 2100 servantur
1319 2062 1373 2100 esse
1393 2053 1488 2114 partem
1506 2062 1591 2099 eorum
1604 2063 1660 2112 que
1682 2051 1798 2102 translata
1812 2065 1844 2103 ex

1062 2151 1231 2201 samothracia
1255 2156 1347 2202 esseut.
1390 2150 1519 2201 Dardanus
1539 2151 1603 2200 enim
1627 2165 1658 2202 ex
1689 2152 1768 2203 insuia
1790 2156 1842 2203 ista

1063 2250 1086 2299 in
1101 2250 1188 2301 urbem
1205 2264 1261 2302 asc
1273 2250 1396 2301 conditum
1409 2265 1438 2300 co
1454 2253 1642 2314 transportaret,
1660 2256 1737 2316 atque
1754 2256 1843 2303 AEocas

1061 2367 1092 2403 ex
1104 2365 1163 2414 agro
1172 2353 1276 2402 Troiano
1294 2351 1411 2414 profugus
1431 2363 1489 2400 curn
1503 2349 1603 2414 reliquis
1625 2350 1679 2400 lirae
1696 2365 1795 2415 quoque
1818 2353 1842 2402 io

1061 2453 1154 2502 ltaliam
1165 2452 1315 2515 deporturat.
1348 2450 1396 2504 atii
1409 2453 1492 2500 autern
1509 2454 1623 2500 asserunt
1639 2464 1694 2501 csse
1708 2452 1841 2502 Paltadirnu

1059 2556 1124 2606 emto
1142 2555 1282 2619 delapsum,
1306 2553 1374 2618 quod
1396 2551 1462 2617 alind
1483 2552 1585 2603 liicnses
1610 2553 1704 2614 tuerat,
1725 2556 1842 2619 qrrodque

1059 2658 1147 2706 AEneus
1162 2657 1197 2706 rai
1206 2669 1296 2720 guerus
1312 2668 1396 2706 secum
1412 2658 1534 2719 portarat,
1547 2654 1652 2705 Achivos
1667 2669 1726 2706 vcro
1739 2659 1840 2709 simuta-

1059 2769 1131 2805 crum
1158 2755 1189 2805 ad
1211 2755 1263 2806 cius
1286 2754 1472 2806 stmiiitudinem
1495 2755 1589 2804 iactum
1611 2756 1760 2820 surripuisse
1781 2781 1786 2809 :
1809 2760 1840 2809 de

1059 2868 1107 2917 quo
1129 2855 1206 2906 irruite
1224 2871 1240 2905 a
1256 2856 1336 2920 poetis
1354 2857 1380 2905 et
1399 2854 1524 2905 historicis
1542 2855 1634 2920 scripta
1647 2860 1713 2908 snut.
1747 2864 1778 2909 ut
1796 2874 1841 2923 ego

1059 2977 1113 3014 esse
1127 2963 1239 3028 quaedom
1252 2977 1322 3014 sacru
1336 2962 1410 3027 rutgo
1424 2962 1560 3027 incognita,
1572 2978 1653 3028 neque
1665 2965 1743 3029 ignem
1760 2968 1840 3018 solum

1059 3080 1116 3132 quaa
1134 3066 1300 3129 auirginibus
1311 3068 1442 3116 serventur
1453 3078 1484 3116 ex
1499 3065 1612 3129 piurimis
1632 3067 1728 3119 iudiciis
1743 3069 1839 3134 colligo.

1058 3166 1105 3216 Sed
1118 3178 1232 3229 quasnam
1249 3164 1313 3222 sint,
1327 3176 1432 3225 nequeo
1451 3177 1505 3222 me,
1520 3177 1599 3227 neque
1616 3166 1648 3215 nb
1664 3167 1713 3216 ctio
1724 3167 1840 3231 quopiam

1059 3267 1196 3329 eommqui
1216 3265 1316 3330 pietatis
1335 3265 1359 3313 in
1376 3263 1436 3314 deos
1454 3263 1557 3313 studiosi
1578 3269 1651 3325 sunt,
1667 3266 1787 3317 curiosius
1799 3266 1839 3316 in·

1060 3365 1207 3429 quirendum
1228 3375 1324 3413 censeo.
1380 3380 1384 3389 ·

1088 3462 1183 3510 lustu.
1212 3458 1323 3522 virgines
1341 3459 1437 3517 autem,
1459 3469 1516 3519 qum
1529 3456 1582 3508 dem
1600 3458 1675 3509 sacris
1695 3462 1837 3523 operantur,

1056 3545 1125 3595 initio
1139 3549 1256 3609 quattuor
1274 3543 1345 3594 erunt
1368 3561 1375 3591 :
1395 3554 1501 3605 quarum
1521 3544 1686 3607 optandarum
1704 3546 1744 3596 ins
1762 3559 1838 3611 perros

1056 3632 1123 3695 ipsos
1144 3646 1215 3694 reges
1234 3636 1302 3693 erat,
1316 3643 1346 3681 ex
1369 3627 1465 3691 legibus
1485 3643 1548 3692 quas
1567 3633 1647 3683 Numa
1666 3632 1808 3685 instituerat
1830 3653 1837 3686 ε

1056 3721 1142 3785 postea
1163 3723 1257 3778 tumen,
1281 3720 1313 3770 ob
1332 3722 1514 3773 multitudinem
1532 3732 1658 3770 sacrorum
1683 3732 1742 3784 qum
1765 3734 1839 3784 pem·

1056 3809 1131 3871 gunt,
1159 3804 1191 3856 ad
1213 3807 1335 3857 senorium
1354 3822 1482 3859 nnmerum
1505 3809 1599 3865 uuctre,
1625 3805 1650 3853 in
1674 3805 1761 3855 codem
1790 3819 1837 3855 nu·

1056 3910 1124 3947 mero
1142 3895 1173 3945 ad
1191 3897 1275 3945 nostra
1294 3908 1373 3961 usqne
1389 3900 1500 3960 tempora
1518 3897 1675 3958 penmanent,
1693 3895 1719 3942 et
1739 3892 1762 3940 in
1782 3892 1836 3943 dem

1059 3985 1114 4033 iano
1137 3983 1243 4047 degunt,
1264 3981 1330 4033 uude
1357 3981 1465 4032 interdiu
1489 3979 1571 4030 nntius
1594 3980 1637 4041 qui
1661 3976 1754 4041 ingredi
1775 3977 1837 4028 vetit

1055 4077 1171 4121 arcetur:
1182 4070 1225 4120 sed
1235 4069 1296 4119 nulii
1305 4071 1402 4134 generis
1411 4069 1514 4118 masculi
1522 4068 1572 4117 iilic
1583 4070 1723 4130 pernoctare
1736 4066 1774 4114 ins
1786 4068 1834 4116 est.

1055 4156 1837 4219 Necesseautemestiiiasanuptiisperrxnanuospurasmanere

1055 4258 1125 4296 sacra
1138 4244 1254 4295 iacientes
1265 4248 1289 4294 ct
1305 4243 1413 4307 reliquas
1425 4240 1579 4293 coerimonias
1590 4240 1621 4289 de
1634 4250 1702 4288 more
1714 4249 1834 4300 peragun-

1055 4337 1093 4382 tes
1103 4350 1110 4381 ι
1120 4332 1192 4381 euius
1206 4330 1322 4394 temporis
1330 4329 1418 4394 primis
1428 4328 1513 4379 decem
1523 4326 1592 4377 anuis
1604 4338 1645 4375 eas
1657 4324 1753 4373 discere
1762 4335 1836 4385 opor-

1055 4419 1135 4481 tebat,
1161 4416 1321 4482 sequentibus
1341 4417 1428 4467 decem
1448 4428 1518 4464 sarm
1539 4414 1636 4470 tacere,
1655 4409 1757 4472 reliquis
1776 4423 1837 4460 uero

1056 4504 1297 4556 anuisatiasdoccrc.
1330 4499 1763 4568 Expletaautemtrigiutannuorum
1772 4503 1836 4548 tem·

1055 4608 1126 4659 pore,
1150 4589 1209 4640 nnut
1223 4591 1258 4640 eis
1273 4603 1329 4653 qum
1348 4589 1438 4639 retient
1459 4587 1633 4651 impedimento
1654 4590 1721 4647 erat,
1736 4584 1837 4648 qrronri·

1056 4697 1103 4732 uus
1127 4678 1211 4730 intutis
1232 4679 1258 4728 et
1279 4675 1380 4739 retiquis
1410 4673 1541 4725 sacerdotii
1560 4672 1696 4735 insignibus
1717 4671 1836 4735 depositis

1056 4770 1183 4820 nuberent.
1242 4765 1272 4815 tu
1301 4768 1384 4815 autem
1417 4776 1546 4828 perpaucae
1571 4761 1707 4822 iaciebant;
1741 4760 1835 4822 quibus

1055 4859 1113 4908 rim
1136 4855 1192 4905 finis
1214 4834 1262 4904 uon
1286 4850 1406 4916 optandus
1438 4863 1517 4914 neque
1546 4849 1680 4899 admodum
1706 4847 1765 4898 felix
1776 4860 1836 4898 con-

1056 4948 1128 5007 tigit:
1155 4945 1239 5007 itaque
1263 4941 1364 5005 reliqum
1385 4940 1482 4989 ittarum
1501 4952 1586 4988 casum
1608 4950 1651 5001 pro
1681 4937 1762 4986 omine
1791 4949 1835 4987 ac-

1056 5033 1173 5096 cipientes
1191 5030 1296 5094 virgines
1323 5040 1402 5092 usqua
1427 5027 1459 5077 ad
1480 5030 1584 5077 mortem
1607 5025 1673 5088 opud
1689 5024 1761 5074 deam
1778 5036 1835 5074 ma·

1056 5120 1122 5169 nent.
1155 5121 1218 5167 tum
1234 5128 1294 5165 vero
1319 5115 1344 5164 in
1374 5114 1456 5163 locum
1479 5111 1559 5172 iilius,
1578 5125 1634 5176 qnae
1655 5112 1773 5174 decessit,
1786 5112 1836 5163 alia

1056 5216 1071 5252 a
1084 5201 1239 5267 pontificibus
1252 5199 1419 5250 substituitur.
1452 5200 1564 5249 Honores
1583 5197 1727 5248 autemillis
1744 5207 1760 5246 a
1775 5197 1836 5247 ciri-

1056 5289 1105 5340 bus
1122 5287 1197 5339 delati
1218 5290 1279 5337 sunt
1299 5286 1371 5337 multi
1389 5287 1418 5335 et
1437 5284 1558 5348 insignes,
1579 5296 1685 5348 quorum
1698 5281 1776 5349 gratia
1787 5295 1834 5335 ne·
