4088 5936
579 390 583 397 “
618 404 913 479 launomarum
935 403 1084 465 norrun.
1107 402 1181 463 uua
1204 402 1254 463 ιν.
1313 448 1322 469 .
1704 405 1763 463 arr

150 561 198 620 φεν
215 535 271 597 olba
295 525 363 595 εἶναι
384 536 536 617 Ταρκυνίου
558 534 602 594 τόν
627 535 767 616 Ἀρρόντα·
792 536 861 596 etit
883 536 930 595 καί
986 543 1111 607 sepultum
1134 556 1190 593 esse
1209 543 1260 601 ait,
1285 555 1343 605 quaa
1363 541 1413 592 illis
1429 540 1583 606 temporibus
1601 542 1669 592 nullo
1691 543 1766 596 morlo

150 627 211 686 καθ’
225 625 331 703 ἕτερον,
346 625 388 685 ότι
405 624 485 707 φησίν
507 623 675 685 ἀποθανόντα
690 626 740 683 ὑπὸ
763 629 809 697 τῆς
833 624 933 704 μητρός
985 651 1178 713 summense
1191 647 1281 712 potuit,
1316 647 1344 695 tn
1358 645 1555 711 principioenlm
1569 645 1765 700 uamomuarum

152 714 352 781 Τανακυλλίδος
363 713 505 794 τεθάφθαι,
516 712 550 787 ἣν
565 715 705 794 ἀμήχανον
720 705 752 787 ἦν
765 714 802 772 ἔτι
815 714 860 772 καὶ
872 716 932 772 κατ’

152 802 265 868 ἐκείνους
286 800 418 882 περιεῖναι
440 799 502 869 τοὺς
518 800 638 882 χρόνους.
682 800 810 881 Ἐδείχθη
827 800 879 877 γάρ
903 802 930 859 ἐν

113 918 127 957 ς
151 892 247 971 άρχαῖς
259 888 454 966 ἑόδομηκοατὸν
470 887 570 970 ἔχουσα
582 891 627 949 καλ
640 889 763 968 ’πέμπτον
778 887 835 955 ἐτος
847 892 864 958 ἡ
876 892 933 949 Tu·

151 980 292 1054 νακυλλίς,
308 976 352 1037 ότι
369 978 492 1059 βασιλεύς
505 980 654 1058 Ταρκύνιος
666 977 803 1039 ἐτελεύτα·
820 1000 932 1055 προστε-

151 1067 249 1127 θίντων
261 1068 293 1138 δὴ
307 1078 367 1142 τοῖς,
382 1064 565 1144 ἑόθομήκοντα
580 1071 625 1126 καὶ
640 1068 717 1126 πέντε
734 1066 819 1125 ἔτεσιν
835 1065 931 1145 ἑτέρων
985 1071 1050 1121 enirn
1071 1070 1257 1134 quadragesimo
1274 1085 1339 1120 anuo
1361 1072 1429 1134 regni
1448 1071 1522 1122 Tullii
1537 1076 1656 1123 hruutem
1675 1072 1767 1125 obiisse

152 1155 353 1235 τετταράκοντα
376 1157 459 1214 ἐτῶν·
474 1159 500 1214 ἐν
512 1151 564 1235 γάρ
577 1157 636 1221 ταῖς
656 1154 792 1221 ἐνιαυσίοις
813 1160 931 1233 ἀναγρα·

151 1253 214 1326 pori<
228 1243 298 1303 κατὰ
316 1243 361 1304 τὸν
382 1245 591 1323 τετταρακοστὸν
613 1244 732 1303 ἐνιαυτόν
752 1248 800 1315 τῆς
814 1241 929 1303 Τυλλίου

99 1358 124 1398 ¹⁰
150 1336 237 1414 ἀρχῆς
256 1334 301 1392 τὸν
329 1332 454 1414 Ἀρρόντα
479 1332 688 1405 τετελευτηκότα
711 1332 931 1439 παρειλήιφαμεί.
987 1386 1019 1438 ad
1040 1402 1072 1438 ex
1091 1387 1218 1438 ulreudam
1236 1403 1330 1441 -rerum
1356 1392 1486 1444 raritatem
1518 1392 1552 1443 im
1585 1393 1637 1444 urlit
1679 1396 1713 1444 Po
1727 1397 1768 1446 tea

149 1426 249 1494 ἐτῶνή
274 1422 441 1491 Τανακυλλίς
469 1422 545 1483 ἐσται
575 1422 765 1482 πεντεκαίδεκα
790 1444 854 1502 προς
879 1443 933 1487 τοις
1073 1402 1088 1452 q
1553 1407 1584 1457 ΡΒ
1640 1432 1645 1443 ’
1715 1410 1727 1444 ⁸

150 1513 256 1572 ἑκατόν·
278 1512 360 1579 οὕτως
381 1509 469 1590 ὀλίγον
483 1513 552 1573 ἐστὶν
580 1514 607 1571 ἐν
627 1519 685 1579 ταῖς
704 1512 832 1590 ἱστορίαις
853 1511 932 1570 αύτού
986 1494 1135 1560 Tarquiniffl
1161 1497 1227 1548 ”⁸¹¹⁸
1250 1498 1355 1563 θῙῘῙΡῙῙι18
1378 1499 1522 1564 interim
1550 1513 1621 1550 ¹¹¹⁰s³
1646 1500 1766 1562 Tuniim}

149 1602 180 1663 τὸ
203 1603 266 1683 περὶ
284 1603 333 1674 τὴν
361 1600 477 1670 ἐξέτασιν
502 1605 550 1673 τῆς
580 1600 704 1674 ἀληθείας
732 1599 930 1679 ἀταλαίπωροι.
986 1614 1067 1664 ueque
1090 1604 1160 1665 patre
1175 1603 1272 1667 nuptias
1284 1605 1339 1654 eius
1358 1604 1520 1656 continuante
1542 1619 1622 1668 neque
1634 1607 1712 1656 matre
1725 1619 1768 1657 eas

149 1690 229 1751 Μίτᾶ
242 1696 319 1747 τοῦτο
332 1690 362 1749 τὸ
383 1689 458 1770 ἔργον
476 1691 550 1749 Οὖθθν
574 1689 613 1748 ἷτῑ
627 1688 833 1766 δεθμῑθθθσαςὸ
858 1691 934 1768 Tite·
986 1709 1265 1777 approbaute,sedlpsa
1284 1712 1336 1762 aola
1350 1711 1573 1774 volantqurorem
1591 1711 1672 1762 duxit.
1704 1713 1769 1764 Cum

99 1810 122 1848 ις
149 1779 238 1845 κόνιος
255 1778 382 1856 ἐπάγεται
396 1787 509 1859 γυναῖκα
522 1779 570 1848 τὴν
588 1777 726 1852 Τυλλίαν,
742 1775 801 1838 οὔτε
820 1781 866 1836 τοῦ
882 1800 933 1835 πα·

148 1865 212 1946 τρθς
233 1867 312 1936 αὐτῆς
331 1865 498 1945 βεόαιοῦντος
515 1867 560 1926 τὸν
574 1867 672 1946 γάμον,
695 1866 754 1927 οὔτε
769 1872 816 1941 τῆς
835 1867 933 1947 μητρὸς

149 1954 370 2026 συνευδοκούσης,
403 1957 462 2013 ἀλλ’
490 1955 572 2026 αὐτὴν
607 1959 674 2036 παρ’
706 1959 800 2024 ἑαυτῆς
828 1954 930 2016 λαόών.

146 2030 205 2112 Ὧς
231 2042 258 2101 δὲ
284 2044 511 2123 συνεκεράσθησαν
535 2046 562 2103 nl
589 2043 690 2104 ἀνόσιοι
704 2045 750 2103 καὶ
778 2045 931 2124 ἀνδροφόνοι

149 2133 254 2213 φύσεις,
289 2133 411 2192 ἐκόαλεῖν
436 2136 467 2192 ἐκ
492 2137 539 2205 τῆς
566 2134 701 2214 βασιλείας
727 2135 771 2193 τὀν
803 2133 933 2206 Τύλλιον,

97 2249 123 2288 20
148 2220 228 2299 εἰμὴ
254 2220 374 2299 βούλοιτο
392 2218 459 2280 ἑκὼν
481 2223 648 2302 παραδοῦναι
674 2220 723 2296 τὴν
743 2222 846 2304 ἀρχὴν,
863 2224 932 2299 ἐμη-

148 2313 288 2390 χανῶντο,
314 2309 431 2385 ἑταιρίας
461 2334 490 2369 τε
520 2317 677 2390 συνάγοντες
709 2311 754 2370 καί
790 2314 844 2370 τῶν
876 2334 933 2370 πα-

147 2396 257 2476 τρικίων
278 2397 339 2465 τοὺς
364 2397 509 2479 ἀλλοτρίως
536 2399 645 2479 ἔχοντας
668 2400 733 2479 πρὸς
748 2400 792 2460 τὀν
819 2399 932 2480 βασιλέα

147 2488 192 2547 καὶ
218 2486 253 2546 τὰ
277 2486 408 2563 δημοτικά
439 2487 621 2564 πολιτεύματα
650 2492 880 2568 παρακαλοῦντες,
901 2486 932 2547 ἐκ

147 2580 245 2635 τετοῦ
272 2576 415 2651 δημοτικοῦ
441 2573 555 2646 πλήθους
587 2576 646 2644 τούς
673 2577 872 2656 ἀπορωτάτους,
895 2567 933 2643 οἷς

96 2675 123 2716 ²⁵
148 2663 253 2731 ούδενθς
266 2668 318 2723 τῶν
332 2663 440 2723 δικαίων
465 2665 569 2744 φροντὶς
589 2655 639 2738 ἦν,
660 2664 796 2745 χρήμασιν
822 2663 933 2734 ἐξωνού-

149 2772 241 2828 μενοι,
256 2749 301 2810 καλ
316 2749 375 2809 aiei
394 2751 501 2831 ἀφανῶς
515 2749 617 2811 ἐκαστα
639 2752 737 2812 τούτων
761 2751 930 2832 πράττοντες.

147 2844 235 2898 ταῦτα
248 2838 271 2898 δ’
284 2841 351 2920 ὁρῶν
365 2843 380 2899 ό
393 2841 509 2907 Τύλλιος
525 2840 623 2921 ἤχθετο
638 2840 686 2917 pia
700 2841 820 2921 καὶπερὶ
837 2845 931 2901 ἑαυτοῦ

148 2925 240 2994 δεδιὼς
255 2928 280 2987 εί
292 2951 318 2988 τι
341 2927 462 2988 πείσεται
476 2928 717 3010 προκαταληφθείς·
732 2929 875 3010 ἠγανάκτει
895 2928 923 2988 δὲ

148 3019 202 3096 ούχ
217 3017 328 3092 ἥκιστα,
341 3020 364 3076 εί
386 3018 495 3098 θυγατρὶ
509 3020 555 3079 καὶ
577 3017 692 3099 γαμόρῷ
706 3019 830 3095 πολεμεῖν
848 3022 929 3097 ἀναγ-

95 3113 121 3154 ⁸⁰
148 3104 317 3175 καυθήσεται
329 3106 375 3164 καὶ
389 3105 518 3186 τιμωρίας
532 3109 568 3175 ὡς
581 3109 645 3188 παρ’
659 3109 760 3186 ἐχθρῶν
773 3107 931 3184 λαμθάνειν,

146 3192 278 3258 πολλάκις
301 3194 368 3269 μετὰ
383 3197 436 3253 τῶν
451 3194 533 3276 φίλων
550 3195 763 3276 προκαλούμενος
778 3198 815 3263 είς
841 3196 933 3275 λόγους
987 3204 1073 3266 sabat,
1091 3204 1164 3255 morlo
1174 3204 1304 3265 monebat,
1322 3202 1397 3254 modo
1410 3202 1486 3253 etiarn
1501 3199 1650 3252 hortabatur
1663 3213 1693 3250 ne
1709 3198 1770 3265 quid

145 3282 192 3340 τὸν
206 3281 363 3361 Ταρκῦνῑθνι
379 3282 425 3343 καί
439 3281 474 3343 τὰ
498 3283 547 3361 pla
561 3286 694 3362 ίῖκαλῶν,
711 3284 744 3343 τί(
759 3286 787 3344 δὲ
805 3289 932 3345 νουθετῶν
987 3307 1093 3372 amplius
1109 3307 1133 3357 in
1147 3321 1175 3358 ae
1184 3307 1339 3370 delinqueret
1358 3327 1365 3355 :
1380 3305 1490 3356 sedeunt
1504 3303 1544 3355 itle
1556 3304 1610 3354 eius
1625 3301 1708 3353 verbis
1720 3315 1771 3353 nou

986 756 1036 813 est,
1050 752 1210 816 Tanaquilem
1227 750 1310 802 aetatis
1326 764 1417 801 annum
1435 750 1648 813 auxiliabatur,
1667 755 1766 818 quaudo

986 872 1030 909 rex
1044 858 1192 924 Tarquinius
1204 857 1266 908 obiit
1284 875 1291 906 ε
1311 855 1403 908 additia
1419 870 1478 907 aero
1492 855 1524 906 ad
1537 855 1592 906 iilos
1612 858 1766 922 septuaginta

985 967 1011 1013 et
1031 964 1140 1028 quinque
1160 977 1237 1012 anuos
1254 926 1309 1012 aliis¹
1320 961 1482 1026 quadraginta
1500 963 1571 1014 aunis
1585 964 1621 1025 tiu
1636 963 1767 1015 annalibus

986 1174 1133 1240 accepturus)
1146 1178 1265 1241 Tanaquil
1282 1180 1371 1231 luisset
1390 1194 1511 1232 annorum
1535 1185 1636 1232 centum
1652 1185 1679 1232 et
1693 1180 1768 1245 quiu-

985 1282 1075 1332 «lecim.
1109 1282 1177 1333 Adeo
1188 1297 1275 1347 parum
1283 1284 1376 1337 laboris
1388 1287 1430 1337 hic
1442 1287 1582 1353 scriptoria
1592 1286 1704 1339 historiis
1715 1287 1767 1337 suis

986 1823 1071 1871 autam
1092 1818 1147 1871 baeo
1165 1819 1215 1868 duo
1231 1817 1328 1881 ingenia
1347 1818 1440 1869 uetaria
1455 1822 1482 1870 et
1502 1823 1606 1871 cruenta
1626 1820 1710 1871 iuncta
1724 1834 1767 1871 es·

987 1927 1055 1986 sent,
1077 1937 1153 1989 reguo
1168 1922 1276 1973 Tullium
1295 1923 1431 1987 expellere,
1449 1923 1497 1975 uisi
1509 1929 1596 1989 sponte
1610 1925 1712 1990 irnperio
1727 1937 1770 1976 ee·

987 2027 1070 2087 deret,
1095 2026 1255 2087 conabantur,
1286 2025 1405 2077 sodahoia
1430 2026 1617 2088 contrahentes,
1641 2030 1667 2078 et
1694 2026 1770 2091 patri·

988 2132 1081 2183 ciorum
1112 2148 1169 2194 eos,
1195 2134 1238 2198 qui
1259 2134 1365 2184 alienum
1389 2133 1500 2185 animum
1519 2148 1535 2184 a
1556 2146 1613 2196 rege
1645 2133 1770 2184 habebant

987 2241 1014 2290 et
1027 2242 1122 2292 statum
1141 2240 1284 2306 popularem
1305 2240 1595 2303 pharmaceuticum,
1612 2245 1638 2291 et
1651 2240 1683 2292 rte
1699 2241 1770 2306 plebe

988 2346 1159 2411 egentimimos
1175 2362 1296 2412 quosque,
1317 2349 1363 2413 qui
1384 2347 1505 2399 iustitiam
1524 2348 1593 2399 nullo
1611 2347 1685 2399 modo
1698 2362 1769 2399 cura·

987 2452 1058 2513 baut,
1073 2455 1185 2519 pecuniis
1204 2459 1327 2516 ementes,
1348 2457 1423 2520 atque
1442 2454 1506 2505 adeo
1523 2454 1584 2505 nilul
1598 2455 1689 2506 horum
1706 2457 1770 2507 ctam

988 2558 1113 2611 iacientes.
1146 2560 1242 2611 Tullius
1254 2575 1313 2612 vero
1325 2561 1380 2612 brac
1391 2575 1494 2612 corneus
1507 2563 1610 2612 moleste
1622 2562 1722 2627 quitiam
1734 2564 1770 2614 ta·

987 2666 1121 2718 rebutcum
1130 2667 1178 2718 sibi
1187 2668 1286 2729 timens,
1298 2682 1330 2719 na
1341 2668 1400 2732 quio
1414 2667 1471 2718 mali
1479 2671 1768 2733 praeuentuspateretur:

988 2776 1041 2824 turn
1055 2786 1110 2825 eam
1120 2774 1155 2827 ob
1165 2789 1218 2825 rem
1231 2775 1389 2841 potissimum
1401 2779 1521 2837 maestus,
1533 2776 1601 2840 quod
1612 2791 1669 2828 cum
1681 2778 1732 2829 tilia
1744 2780 1771 2830 at

987 2891 1076 2941 genero
1098 2878 1190 2931 bellum
1210 2893 1295 2945 gerere
1306 2885 1332 2931 et
1346 2881 1379 2932 ab
1391 2880 1427 2931 eis
1439 2894 1528 2946 poenas
1540 2885 1659 2945 tanquam
1677 2883 1709 2932 ab
1723 2883 1769 2935 bo·

988 2983 1066 3032 stibus
1076 2986 1186 3048 repetere
1198 2989 1335 3049 cogeretur.
1369 2986 1401 3034 Et
1410 2984 1502 3049 sepius
1509 2984 1673 3050 praesentibus
1684 2986 1770 3036 amicis

988 3095 1149 3160 Tarquinium
1164 3097 1191 3147 ira
1201 3098 1350 3162 colloquium
1368 3098 1478 3159 roravit,
1488 3112 1595 3162 eumque
1609 3097 1683 3148 morlo
1699 3099 1770 3148 iucu-

145 3370 179 3428 τά
198 3369 226 3431 δέ
238 3371 347 3449 πείθων,
363 3369 446 3449 μηδέν
460 3374 497 3440 είς
514 3373 606 3432 ἑαυτὸν
621 3372 825 3453 ἐξαμαρτάνειν.
841 3372 891 3440 Ὦς
905 3373 933 3433 δέ

146 3463 175 3518 ού
195 3468 336 3541 προσεῖχεν
352 3462 424 3540 αύτῷ
447 3460 495 3534 τήν
512 3462 646 3531 διάνοιαν,
664 3463 724 3521 ἀλλ’
741 3462 785 3522 ἐπὶ
812 3468 857 3535 τῆς
872 3467 933 3542 βου-

95 3567 122 3609 ta
146 3549 195 3620 λῆς
210 3548 260 3628 ἐφη
273 3549 308 3608 τίς
331 3550 421 3609 δίκαια
437 3550 501 3631 πρὸς
516 3551 596 3611 αὐτὸν
611 3553 696 3633 ἐρεῖν,
722 3548 887 3629 συγκαλίσας
903 3552 933 3611 τὸ

147 3635 299 3715 συνίδριον·
326 3665 339 3690 ι
362 3634 484 3721 Ἄνδρες,
506 3638 571 3720 ἐφη,
602 3639 760 3720 βουλευταί,
786 3636 933 3720 Ταρκύνιος

149 3753 161 3777 ι
182 3725 299 3802 ἑταιρίας
313 3727 354 3784 ἐπ’
368 3727 415 3804 ἐμί
439 3727 573 3808 συνάγων,
588 3730 635 3789 καὶ
656 3727 871 3810 προθυμούμενος
890 3729 932 3786 ἐκ·

147 3840 162 3867 «
177 3812 270 3873 όαλεῖν
284 3837 319 3891 με
329 3818 375 3887 τῆς
388 3818 484 3897 ἀρχῆς,
506 3819 661 3900 καταφανὴς
674 3817 764 3900 γε’γονί
779 3842 836 3896 μοι.
860 3817 931 3879 Βού-

986 3412 1097 3462 obediret
1110 3447 1118 3471 ,
1131 3411 1176 3461 seri
1190 3410 1285 3461 diceret
1298 3424 1325 3460 se
1339 3410 1364 3459 in
1378 3411 1466 3460 senatu
1485 3421 1598 3458 caussam
1609 3421 1680 3458 auam
1697 3411 1769 3458 actu·

988 3527 1052 3572 rum,
1064 3513 1159 3563 Tullius
1169 3516 1255 3562 coacto
1267 3514 1355 3587 senatu
1368 3529 1375 3560 z
1395 3531 1407 3555 κ
1423 3513 1517 3569 Patren,
1526 3509 1614 3573 iuquit,
1626 3510 1768 3574 conscripti,

989 3642 1001 3666 ν
1019 3622 1150 3673 manileato
1164 3622 1271 3686 comperi
1297 3621 1465 3686 Tarquinium
1489 3622 1606 3673 sodalicia
1624 3623 1770 3673 contrahere

989 3746 1001 3769 ν
1018 3729 1105 3777 ooutra
1119 3738 1174 3786 me,
1196 3728 1222 3776 et
1234 3724 1318 3775 conari
1336 3736 1460 3790 meregno
1473 3725 1571 3789 pellere.
1606 3727 1669 3777 Volo
1690 3725 1769 3790 igitur

988 3850 1002 3874 ιι
1018 3828 1183 3896 praesentibus
1197 3828 1269 3880 robis
1291 3827 1408 3880 omnibus
1425 3827 1489 3879 scire
1507 3829 1540 3878 ob
1562 3841 1638 3890 quam
1654 3827 1770 3878 iniuriam

150 3927 164 3955 ι
181 3902 265 3978 λομαι
276 3901 305 3961 δὲ
320 3903 427 3964 πάντων
442 3908 516 3981 ὑμῶν
534 3907 672 3987 παρόντων
688 3912 779 3983 μαθεῖν
796 3905 861 3987 παρ’
880 3907 930 3964 ab·

97 4006 123 4046 ιο
148 4016 162 4040 ι
178 3995 243 4063 τού,
258 3990 285 4049 τί
298 3995 434 4061 πεπονθὼς
452 3993 506 4076 ίδίερ
521 3996 618 4068 κακὸν,
634 3996 652 4068 ἢ
666 3995 693 4055 τί
708 3996 756 4069 τὴν
772 3997 848 4055 πολιν
863 3999 930 4075 δρῶν

149 4106 162 4130 ι
181 4079 357 4157 άθικουμίνην
379 4085 423 4142 ὑπ’
438 4084 519 4160 ipah,
535 4087 608 4143 ταῦτ’
623 4084 665 4143 ἐπ’
689 4084 747 4161 ἐμοὶ
763 4093 927 4163 μηχανᾶται.

150 4196 161 4219 τ
180 4167 334 4251 Ἀπόκριναι
349 4170 399 4244 δὴ,
423 4170 573 4254 Ταρκύνιε,
594 4172 676 4251 μηδέν
692 4173 930 4255 ἀποκρυψάμενος,

149 4284 162 4309 ι
178 4257 207 4316 τί
234 4281 285 4332 μου
311 4264 470 4340 κατηγορεῖν
497 4261 581 4342 ίχεες,
609 4262 700 4337 ἐπειδὴ
716 4262 822 4331 τούτους
846 4261 932 4334 ἠξίους

149 4372 162 4398 ι
180 4347 306 4408 ἀκοῦσαι.
326 4374 340 4402 ι

99 4458 123 4498 ts
188 4437 299 4499 XXXI.
323 4438 403 4518 Λόγοι
416 4437 482 4520 πρὸς
496 4438 574 4499 αθτθν
593 4438 780 4520 θΤαρκύνεος·
799 4469 813 4493 ι
826 4436 933 4521 Βραχύς

152 4528 256 4585 «ἐστιν
275 4529 369 4606 όπαρ’
391 4530 458 4606 ἐμοῦ
482 4519 608 4607 >topace-‘r
629 4529 738 4600 Τύλλιε,
756 4531 803 4590 καί
823 4529 931 4600 δίκαιος,

148 4638 163 4665 ι
179 4612 227 4670 καί
242 4611 284 4673 θεά
304 4620 382 4675 τοῦτο
403 4616 565 4697 προειλόμην
581 4618 658 4678 αὐτὸν
676 4620 714 4684 εἰς
734 4617 841 4684 τούτους
855 4616 933 4697 ἐκφέ·

149 4725 164 4752 ·
179 4720 246 4774 pitv-
287 4703 433 4784 Ταρκύνιος
457 4705 519 4782 ἐμὸς
546 4703 583 4765 ὣν
608 4706 715 4773 πάππος
738 4704 868 4776 ἐκτήσατο
882 4702 931 4776 τὴν

152 4813 166 4839 ι
184 4789 238 4846 τῶν
254 4787 395 4868 Ῥωμαίων
411 4790 510 4876 ἀρχὴν,
529 4791 642 4861 πολλούς
656 4793 702 4852 καί
713 4791 843 4868 μεγάλους
858 4792 931 4867 ἀγῶ-

99 4892 124 4932 ⁸⁹
149 4903 162 4930 ¹
178 4900 226 4944 νας
243 4879 309 4961 ὺπέρ
323 4883 404 4955 αὐτῆς
419 4882 562 4964 ἐράμενος.
581 4882 700 4944 Ἐκείνου
715 4881 930 4954 τελευτήσαντος,

151 4969 235 5043 «ἐγὼ
263 4967 384 5049 διάδοχός
411 4972 467 5049 εἰμι
495 4970 564 5029 κατὰ
588 4970 648 5039 τοὺς
676 4968 776 5041 κοινούς
805 4969 931 5027 ἁπάντων

988 3956 1000 3979 ε
1018 3936 1131 4003 privatim
1145 3938 1283 4000 acceptam,
1302 3937 1347 3985 aut
1361 3947 1412 3999 qua
1430 3934 1455 3984 iu
1469 3945 1521 3983 rea
1536 3944 1576 3981 me
1592 3929 1768 3994 rempublicam

988 4060 1001 4084 ε
1017 4040 1106 4091 iniuria
1119 4040 1233 4091 allectam
1250 4052 1360 4096 cernens,
1373 4038 1432 4089 hmo
1445 4034 1507 4085 milri
1525 4033 1686 4085 machinetur.
1710 4037 1769 4088 iles·

988 4166 1000 4190 ε
1021 4146 1102 4211 ponde
1132 4145 1216 4211 igitur,
1237 4141 1365 4207 Tarquini,
1384 4139 1445 4191 nihil
1454 4137 1628 4200 dissimulans,
1642 4153 1718 4204 quam
1735 4140 1769 4191 ob

988 4271 1000 4294 ι
1018 4264 1071 4301 rem
1090 4264 1130 4301 me
1153 4261 1270 4307 accuses,
1291 4244 1492 4311 quandoquidem
1505 4243 1567 4295 istos
1581 4247 1605 4295 le
1617 4243 1704 4296 audire
1721 4259 1767 4296 ro·

987 4355 1091 4406 «lutati.
1107 4375 1119 4398 ν

1018 4460 1103 4509 xxxi.
1119 4457 1259 4522 Respondet
1266 4455 1289 4506 ei
1298 4453 1482 4517 Tarquinium«
1493 4455 1573 4503 Pauca
1583 4462 1661 4514 eaque
1671 4448 1770 4507 iusta,o
1789 4498 1794 4507 ,

988 4575 1000 4599 ι
1018 4555 1092 4615 Tulli,
1104 4569 1160 4605 sum
1168 4553 1290 4612 dicturus,
1305 4555 1330 4602 et
1342 4554 1471 4615 propterea
1479 4549 1533 4599 tanc
1541 4560 1625 4597 coram
1638 4545 1676 4594 bis
1685 4542 1768 4594 decla·

988 4673 1001 4699 ι
1016 4654 1159 4706 rarerolui.
1198 4651 1347 4714 Tarquinius
1365 4661 1427 4698 arus
1445 4660 1516 4697 meus
1535 4648 1702 4695 Rornanorum
1721 4641 1768 4692 irn-

988 4774 1001 4799 ι
1015 4754 1112 4819 perium
1122 4751 1228 4816 adeptus
1236 4752 1291 4807 est,
1306 4749 1441 4811 postquam
1459 4742 1537 4793 multa
1550 4753 1687 4804 magnaque
1701 4738 1768 4805 peri-

988 4871 1002 4896 ·
1017 4851 1073 4902 outa
1094 4863 1140 4915 pro
1163 4862 1194 4900 eo
1209 4846 1285 4899 subiit
1308 4862 1315 4894 τ
1339 4842 1406 4894 illius
1428 4841 1513 4891 autern
1535 4837 1628 4888 mortui
1646 4849 1692 4901 ego
1712 4848 1770 4886 sum

989 4961 1150 5006 «successor,
1169 4961 1200 4996 ex
1222 4942 1397 4996 communibus
1419 4939 1530 4991 omnium
1558 4941 1609 4989 tam
1625 4937 1769 4988 Grecorum

988 5066 1000 5090 ι
1015 5044 1254 5110 quambarbarornru
1264 5041 1374 5106 tegibus3
1386 5043 1412 5090 et
1423 5050 1577 5103 mequoque,
1588 5040 1618 5087 ut
1632 5038 1657 5087 et
1671 5039 1769 5087 eeteros

989 5165 1001 5189 ε
1018 5143 1131 5196 homines
1143 5143 1176 5194 ad
1186 5157 1250 5208 quos
1267 5141 1334 5191 avita
1345 5139 1408 5190 bona
1425 5137 1480 5189 iure
1493 5135 1643 5189 hereditario
1655 5134 1767 5196 veniunt,

990 5264 1002 5288 ι
1017 5256 1066 5293 non
1078 5242 1158 5293 solum
1172 5240 1348 5307 pecuniarum,
1365 5235 1410 5288 aed
1428 5238 1454 5286 ot
1473 5232 1542 5297 regni
1560 5233 1640 5298 ipsius
1651 5233 1768 5286 heredem

153 5081 166 5106 ε
182 5050 324 5126 Ἑλλήνων
343 5082 373 5118 τε
391 5059 436 5117 καὶ
452 5058 594 5139 βαρόάρων
616 5060 723 5137 νόμους·
743 5056 787 5117 καί
801 5058 930 5140 προσήκει

150 5166 165 5194 a
178 5164 239 5220 μοι,
255 5146 374 5226 καθάπερ
388 5148 434 5206 καὶ
451 5156 505 5216 τοῖς
521 5148 610 5216 ἄλλοις
623 5149 677 5216 τοῖς
689 5146 886 5226 διαδεχομένοις
899 5144 933 5206 τά

154 5257 167 5283 ⁸
185 5235 327 5313 παππῷα,
350 5233 390 5313 μὴ
412 5235 491 5314 μόνον
515 5241 567 5298 τῶν
580 5237 726 5319 χρημάτων
745 5235 814 5298 etit
826 5236 872 5296 καὶ
886 5239 933 5307 τῆς
