4070 5926
256 425 318 484 562

255 558 375 636 λιπαρῶν
391 555 438 617 σὺν
452 564 505 623 τοῖς
518 555 709 636 πρεσόυτάτοιτ
727 561 780 617 τῶν
795 562 826 617 ἐκ
840 564 886 619 τοῦ
901 559 1035 636 συνεδρίου

257 645 351 711 καίείς
365 643 459 720 μίσους
479 644 539 711 τοὺς
559 646 761 726 ἁψιμαχοῦντας
781 647 939 724 ὠθούμενος.
982 638 1036 710 Ἦν

258 732 341 792 δὲκαὶ
357 738 405 804 τῆς
419 732 523 815 ἡμέρας
534 734 565 794 τὸ
577 735 734 812 λοιπόμενυν
757 735 843 817 βραχὺ
859 734 954 815 μέρος,
967 735 1036 797 ὥστε

258 819 377 880 ἀκούσιοι
402 820 448 881 ἀπ’
475 821 597 893 ἀλλήλων
627 823 794 897 διελύθησαν.
838 827 904 891 Ταῖς
931 824 953 883 δ’
978 825 1036 898 ἑξῆς

224 942 230 961 ι
257 908 369 991 ἡμέραις
387 908 417 969 αῖ
429 910 453 969 τ’
464 909 545 991 ἀρχαί
560 912 688 985 ἀλλήλαις
703 913 859 973 ἐνεκάλουν
875 915 889 971 ό
903 911 952 990 μέν
966 913 1037 972 trra-

257 1021 300 1066 τος
314 1001 367 1067 τοῖς
381 999 545 1080 δημάρχοις,
563 996 604 1058 ότι
626 999 767 1060 καταλύειν
785 1003 863 1059 αὐτοῦ
878 1000 926 1071 τὴν
949 1000 1036 1083 ἀρχὴν

257 1086 345 1159 ἠξίουν
365 1089 391 1155 ἐς
400 1086 430 1146 τὸ
444 1085 624 1169 δεσμωτήριον
644 1089 689 1147 τὸν
704 1086 804 1149 ύπειτον
816 1088 928 1166 ἀπάγειν
944 1090 1033 1150 κελεύ-

258 1200 358 1244 σαντες·
374 1179 412 1257 τῷ
433 1176 457 1235 δ’
473 1175 566 1255 ὑπάτῳ
581 1178 605 1234 οῖ
627 1176 778 1258 δήμαρχοι,
797 1179 833 1244 ῶς
854 1177 1035 1254 ἐμόεύληκότι

258 1265 363 1344 πληγάς
382 1264 504 1342 σώμασιν
521 1265 599 1344 ἱεροῖς
618 1265 664 1324 καί
688 1265 898 1342 καθωσιωμίνοις
920 1267 972 1324 ὑπὸ
987 1266 1033 1324 τοῦ

257 1354 352 1431 νόμου·
368 1354 414 1413 καῖ
438 1351 614 1432 δΛαιτώριος
634 1354 666 1412 τά
681 1352 743 1433 ίχνη
764 1357 815 1412 τῶν
830 1356 939 1434 πληγῶν
965 1343 1035 1434 εῖχεν

258 1443 301 1502 ἐπὶ
317 1448 364 1515 τῆς
379 1443 463 1524 ὄψεως
480 1442 519 1500 ἔτι
531 1441 640 1523 φανερά·
655 1441 673 1515 ἥ
694 1465 724 1500 τε
739 1443 816 1508 ’πόλις
831 1443 878 1514 ὁλη
901 1444 1034 1502 διοιδοῦσα

256 1534 302 1591 καί
324 1530 678 1611 ἀγριαινομένηδιειστήκει.
721 1528 837 1591 Ἔπειτα
859 1533 937 1609 ὁμὲν
954 1533 1035 1611 δῆμος

257 1620 377 1703 ἐφρούρει
401 1619 431 1678 τ“ο
456 1618 627 1681 Καπιτώλιον
645 1617 702 1695 ἅμα
726 1628 779 1687 τοῖς
804 1621 951 1702 δημάρχοις
974 1621 1034 1680 οὔτε

256 1708 357 1786 ἡμέρας
370 1707 429 1767 οὔτε
444 1708 535 1775 νυκτὸς
547 1709 677 1769 ἐκλείπειν
694 1708 810 1788 [αὐτοῦ]
831 1709 878 1781 τὴν
900 1710 1032 1791 φυλακήν.

257 1795 291 1857 Ἦ
308 1795 335 1854 δέ
359 1794 439 1875 βουλὴ
455 1802 579 1856 συνιοῦσα
598 1795 700 1870 πολλὴν
721 1798 766 1856 καί
782 1797 906 1858 ἐπίπονον
921 1799 1034 1857 ἐποιεῖτο

257 1886 381 1960 ζήτησιν,
396 1884 467 1954 ὅπως
481 1886 533 1965 χρὴ
549 1891 651 1945 παῦσαι
667 1887 714 1958 τὴν
736 1888 928 1967 διχοστασίαν,
942 1893 989 1946 τοῦ
1005 1911 1034 1946 τε

255 1973 377 2033 κινδύνου
394 1975 424 2033 τὸ
445 1974 552 2052 μέγεθος
572 1974 771 2053 ἐνθυμουμένη,
791 1975 835 2033 καί
856 1975 891 2035 ότι
906 1973 965 2035 τίδὲ
981 1982 1034 2042 τοῖς

256 2060 364 2131 ὑπάτοις
380 2062 414 2121 τὰ
429 2061 497 2122 αύτδι
514 2061 687 2142 παρειστήκει
708 2070 822 2143 φρονεῖν.
866 2061 900 2120 ‘0
921 2060 969 2137 μὲν
981 2061 1033 2142 γάρ

257 2146 377 2218 Κοίντιος
390 2149 470 2210 είκειν
484 2152 522 2229 τῷ
537 2149 615 2230 δήμῳ
631 2147 665 2207 ab
681 2148 776 2230 μέτρια
790 2148 881 2223 ἠξίου,
902 2149 952 2209 ὁδ’
965 2147 1033 2209 Ἄπ-

202 2265 215 2303 ε
258 2262 316 2306 πιος
331 2239 411 2319 μίχρι
424 2237 536 2299 θανάτου
550 2237 679 2317 ἀντέχειν.

297 2329 399 2389 XLIX.
425 2325 472 2393 Ὧς
488 2326 512 2384 δ’
524 2324 597 2384 υθδῖν
610 2324 708 2403 ἐγίνετο
732 2325 826 2406 πέρας,
853 2326 934 2405 χωρίς
950 2326 1032 2388 ἑκάσ-

255 2438 314 2482 τους
337 2411 535 2492 ἀπολαμύάνων
558 2417 573 2472 ό
597 2411 717 2480 Κοίντιος
744 2413 803 2481 τούς
821 2436 857 2493 τε
881 2414 1035 2495 δημάρχους

255 2505 301 2565 καί
315 2505 360 2564 τὸν
374 2502 487 2565 Ἄππιον
506 2506 589 2563 ἐδεῖτο
612 2504 657 2563 καί
675 2504 812 2582 ἐλιπάρει,
835 2503 880 2563 καί
900 2504 934 2564 τά
955 2504 1032 2565 κοινά

254 2596 307 2652 τῶν
328 2591 401 2652 ἰδίων
421 2592 612 2672 ἀναγκαιότερα
627 2595 749 2670 ἡγεῖσθαι
768 2591 850 2664 ἠξίου.
896 2592 985 2669 Ὁρῶν
1006 2593 1034 2653 δὲ

216 2727 220 2740 .
255 2682 314 2750 τοὺς
331 2682 379 2759 μὲν
402 2681 454 2754 ἤδη
471 2681 671 2762 πεπειροτέρους
693 2681 849 2758 γεγονότας,
873 2681 917 2741 τόν
937 2681 965 2740 δέ
984 2705 1032 2742 συ-

255 2772 389 2850 νάρχοντα
402 2770 446 2829 ἐπὶ
457 2775 504 2842 τῆς
514 2769 654 2838 αὐθαδείας
666 2771 788 2847 μένοντα,
798 2770 882 2831 πείθει
895 2771 955 2840 τοὺς
965 2773 1034 2853 ἀμφὶ

258 2859 407 2938 Λαιτώριον
423 2858 489 2938 ὑπὲρ
510 2859 701 2918 ἁπάντωντῶν
723 2861 748 2918 τ’
772 2860 844 2919 ἰδίων
860 2860 1033 2937 ἐγκλημάτων

256 2949 367 3007 καὶτῶν
382 2947 516 3025 δημοσίων
528 2948 576 3020 τὴν
592 2948 689 3028 βουλὴν
700 2953 810 3022 ποιῆσαι
825 2949 928 3029 κυρίαν.
955 2948 1034 3009 Ἐπεὶ

256 3037 283 3096 δὲ
296 3041 373 3097 τοῦτο
390 3035 563 3115 διεπράξατο,
578 3037 716 3096 συνεκάλει
729 3036 777 3108 τὴν
795 3037 905 3117 βουλὴν,
916 3037 962 3095 καῖ
977 3037 1035 3106 τούς

256 3124 409 3204 δημάρχους
433 3124 521 3182 πολλὰ
551 3123 691 3192 ἐπαινέσας
717 3124 763 3184 καὶ
785 3130 831 3184 τοῦ
858 3124 1034 3205 συνάρχοντος

256 3213 354 3285 δεηθείς
378 3214 415 3287 μή
438 3212 623 3290 ἀντιπράττειν
642 3237 676 3293 τη
701 3213 819 3297 σωτηρίη
841 3218 888 3285 τῆς
915 3214 1032 3285 πόλεως,

257 3303 345 3362 ἐκάλει
360 3300 420 3367 τοὺς
435 3300 556 3368 εἰωθότας
573 3301 763 3384 ἀποφαίνεσθαι
779 3301 895 3379 γνώμας.
924 3305 1034 3382 Πρῶτος

257 3389 283 3449 δὲ
297 3390 401 3461 κληθείς
423 3390 543 3455 Πόπλιος
565 3387 711 3468 Ούαλίριος
737 3391 905 3456 Ποπλικολας
926 3390 1034 3469 γνώμην

257 3479 410 3559 ἀπεφήνατο
423 3479 514 3551 τήνδε·
536 3477 608 3537 «ὅσα
631 3478 679 3555 μὲν
700 3476 825 3549 ἀλλήλόις
837 3481 993 3558 ἐγκαλοῦσιν
1008 3480 1036 3540 οῖ

254 3593 283 3628 τε
296 3570 431 3650 δήμαρχοι
452 3570 499 3629 καῖ
522 3568 663 3641 ituatur,
679 3573 744 3650 ὑπὲρ
760 3561 797 3628 ῶν
814 3569 909 3629 έποιθον
924 3569 941 3642 ἣ
955 3569 1033 3649 ἔδρα-

256 3681 304 3718 σαν
320 3661 346 3716 ἐν
367 3662 400 3736 τῇ
421 3662 545 3738 ταραχῇ,
569 3658 662 3731 ἐπειδὴ
688 3662 736 3718 οὐκ
760 3658 786 3727 ἐξ
812 3659 953 3730 ἐπιόουλῆς
975 3660 1034 3719 οὐδὲ

255 3747 352 3814 οἰκείας
366 3745 516 3815 πλεονεξίας
531 3745 617 3833 ίνεκρν
633 3749 669 3814 εἰς
681 3748 749 3807 αύτά
767 3747 950 3819 κατέστησαν,
964 3749 1033 3807 ἀλλά

254 3834 320 3917 ὑπὲρ
334 3839 381 3907 τῆς
401 3837 437 3902 εἰς
448 3836 481 3895 τδι
496 3835 571 3896 κοινδι
585 3836 751 3917 φιλοτιμίας,
774 3839 894 3916 ἀρεῖσθαι
917 3837 1033 3919 δημοσίᾳ

255 3924 301 3984 καί
323 3924 455 4001 μηδεμίαν
478 3924 543 4004 ὑπὲρ
566 3926 653 3984 αὐτῶν
669 3914 736 3984 εἶναι
753 3926 843 3998 δίκην·
863 3924 923 4005 περὶ
940 3924 968 3984 δέ
989 3932 1035 3987 τοῦ

255 4012 350 4089 νόμου,
363 4013 454 4085 ἐπειδὴ
471 4018 485 4072 ό
500 4012 600 4080 ὕπατος
618 4012 730 4080 Ἄππιος
744 4017 792 4073 οὐκ
807 4017 839 4096 ἐᾷ
855 4013 933 4089 νόμον
947 4015 1034 4094 ἀπρο-

256 4100 394 4161 όούλευτον
408 4103 444 4169 εἰς
455 4101 504 4173 τὴν
520 4102 663 4173 ἐκκλησίαν
686 4103 823 4185 ἐκφέρειν,
837 4102 1029 4184 προὸουλεῦσαι

256 4188 304 4266 μὲν
319 4190 381 4267 περὶ
403 4191 495 4251 τούτου
509 4190 540 4250 τῦ
566 4190 719 4271 συνέδριον,
742 4189 802 4259 τοὺς
830 4191 857 4251 δέ
881 4192 1033 4272 δημάρχους

256 4277 312 4355 ἅμα
324 4285 376 4347 τοῖς
391 4280 501 4346 ὑπάτοις
516 4277 668 4355 ἐπιμέλειαν
688 4279 850 4352 ποιήσασθαι
867 4283 913 4349 τῆς
927 4303 956 4338 τε
968 4285 1032 4357 δμο-

254 4366 326 4437 νοίας
341 4371 393 4426 τῶν
404 4369 532 4441 πολιτῶν,
549 4366 612 4426 ὅταν
627 4370 746 4450 ἡψῆφος
761 4367 822 4449 περὶ
842 4369 921 4427 αὐτοῦ
940 4367 1035 4450 διαφί-

256 4480 351 4539 ρηται,
367 4455 470 4528 καὶτῆς
484 4456 636 4534 εὐκοσμίας.
655 4482 668 4510 ν
712 4456 925 4520 Ἐπαινεσάντων
940 4456 968 4516 δὲ
984 4457 1032 4531 τὴν

255 4545 361 4624 γνώμην
381 4544 522 4617 ἀπάντων,
542 4542 615 4612 εὐθὺς
640 4543 755 4603 ἀνέδωκε
775 4543 824 4617 τὴν
840 4544 906 4623 ὑπὲρ
924 4549 970 4604 τοῦ
991 4543 1035 4604 νό-

255 4657 305 4693 aaa
319 4638 432 4715 φῆφονό
449 4628 568 4699 Κοίντιος
587 4637 624 4713 τῷ
648 4632 788 4715 συνεδρίῳ,
816 4632 860 4692 καῖ
879 4631 966 4691 πολλὰ
986 4631 1034 4710 μὲν

257 4724 364 4784 Ἀππίου
382 4723 629 4805 κατηγορήσαντος,
647 4722 734 4783 πολλά
758 4723 786 4783 al
809 4727 861 4782 τῶν
886 4721 1033 4803 δημάρχων

253 4811 461 4886 ἀντιλεξάντων,
490 4811 563 4873 ἐνίκα
589 4811 663 4892 παρὰ
687 4810 788 4879 πολλδις
815 4810 915 4893 ψήφους
944 4815 961 4884 ἡ
988 4810 1033 4870 τδν

199 4930 226 4967 sp
252 4899 332 4978 νόμον
346 4901 473 4983 εἰσφέρειν
487 4901 595 4971 ἀξιοῦσα
616 4900 720 4981 γνώμη.
765 4897 1032 4980 Ἐπικυρωθίντοςδδ

252 4994 297 5048 τοῦ
310 4990 542 5072 προόουλεύματος
559 4990 620 5052 εἰτ’
633 4989 699 5051 ίδιαι
716 4994 768 5050 τῶν
790 4990 928 5069 ἀρχόντων
941 4991 1034 5071 διαφο·

254 5077 297 5154 pai
317 5078 547 5153 διελύθησαν,καί
564 5083 578 5139 δ
593 5082 675 5157 δῆμος
691 5082 835 5158 ἀγαπητῶς
849 5078 990 5155 δεξάμενος
1003 5080 1033 5140 τδ

253 5164 418 5246 συγχώρημα
433 5172 480 5239 τῆς
500 5169 595 5248 βουλῆς
612 5167 758 5250 ἐπεψήφισε
773 5169 817 5225 τδν
831 5166 924 5243 νόμον.
969 5167 1033 5227 Ἀπὸ

225 5275 229 5283 ·
252 5258 346 5315 ἐκείνου
352 5261 399 5313 τοῦ
412 5255 507 5335 χρόνου
521 5255 554 5314 τά
566 5260 619 5315 τῶν
633 5258 782 5337 δημάρχων
798 5255 843 5314 καί
859 5256 1031 5337 ἀγορανόμων

774 426 947 487 atouusu
970 380 1358 492 aautcluuassuusts

1091 582 1192 634 quoque
1211 571 1261 621 diei
1288 570 1413 634 reliquum
1444 572 1553 637 spatium
1580 574 1656 626 breve
1683 578 1764 627 crat:
1790 577 1877 644 itaque

1091 670 1162 722 inviti
1187 671 1288 723 diremti
1308 676 1375 725 sunt.
1409 676 1533 726 insecutis
1553 675 1642 728 diebus
1665 680 1831 744 magistratus
1847 698 1876 731 se

1091 771 1196 822 invicem
1225 774 1392 838 accusabant,
1419 777 1509 828 consui
1542 778 1672 838 tribunos,
1702 783 1770 845 qaod
1795 799 1874 836 suum

1091 873 1268 938 magistratum
1274 877 1394 942 abrogare
1405 878 1552 940 voluissent,
1565 883 1693 935 consulem
1714 886 1740 936 in
1751 901 1875 940 carcerem

1093 975 1183 1027 abduci
1192 976 1324 1041 jubentest
1335 979 1429 1030 tribuni
1442 982 1581 1045 consulem,
1598 986 1667 1049 quod
1690 987 1775 1053 plagas
1793 991 1877 1055 inges-

1095 1076 1171 1126 sisset
1180 1076 1221 1138 iis,
1231 1090 1338 1141 quorum
1354 1092 1460 1143 corpora
1481 1083 1522 1133 lex
1537 1096 1609 1134 sacra
1619 1088 1645 1135 et
1662 1091 1814 1143 mndaessc
1834 1092 1878 1155 ju-

1093 1176 1151 1239 bet;
1170 1182 1196 1228 et
1207 1179 1330 1230 Laetorius
1343 1180 1490 1233 manifestas
1514 1197 1654 1248 pugnorum
1678 1189 1794 1239 naiasin
1813 1188 1878 1241 facie

1093 1279 1175 1329 adbuc
1186 1279 1308 1343 babebat;
1322 1285 1349 1333 et
1359 1285 1413 1332 tota
1428 1282 1517 1333 civitas
1537 1282 1741 1337 dissensionibus
1753 1292 1779 1338 et
1796 1288 1876 1340 dissi·

1094 1379 1143 1430 diis
1159 1379 1262 1431 efferata
1283 1386 1345 1433 erat
1367 1384 1441 1435 Plebs
1456 1386 1548 1438 deinde
1568 1402 1625 1439 cam
1649 1388 1757 1440 tribunis
1773 1393 1877 1456 capito-

1094 1488 1156 1539 lium
1166 1492 1311 1556 omupavit,
1326 1494 1422 1545 diurnis
1438 1462 1619 1558 nocturnisque
1632 1494 1659 1545 id
1683 1507 1787 1545 seruans
1799 1510 1878 1548 excu.

1095 1597 1153 1648 biis.
1186 1600 1258 1657 Quod
1269 1598 1312 1650 ubi
1322 1603 1424 1650 senatum
1436 1598 1560 1664 cognorit.
1574 1613 1661 1664 magua
1673 1614 1734 1650 cora
1746 1602 1883 1665 quaerebat

1094 1700 1211 1763 modum,
1233 1715 1285 1767 quo
1309 1701 1439 1753 sedaretur
1458 1701 1513 1753 han
1536 1701 1639 1762 seditio,
1664 1702 1796 1764 solicitus,
1821 1710 1875 1756 tum

1096 1806 1197 1867 propter
1216 1801 1320 1868 periculi
1335 1802 1541 1867 magnitudinem,
1561 1806 1617 1855 tum
1629 1808 1731 1869 pmpter
1744 1807 1879 1865 consulum

1095 1921 1197 1972 quoque
1210 1905 1398 1957 dissensionem.
1440 1904 1558 1964 Quintius
1570 1908 1635 1957 enim
1649 1907 1716 1972 plebi
1732 1922 1782 1959 nou
1793 1910 1882 1976 iniqua

1096 2003 1337 2069 petenticcdeudum
1348 2003 1482 2065 censebat;
1501 2006 1594 2070 Appius
1615 2019 1674 2057 vero
1692 2008 1715 2058 ei
1733 2009 1879 2073 resistebat,

1098 2111 1123 2158 et
1135 2106 1197 2157 mori
1210 2120 1284 2170 quam
1301 2106 1389 2158 cedere
1399 2106 1518 2158 malebat.

1125 2369 1209 2418 xllx.
1226 2370 1342 2431 Quinque
1354 2366 1440 2418 nullus
1455 2367 1623 2417 contentionis
1636 2367 1709 2420 tieret
1721 2369 1782 2431 fiais,
1794 2373 1879 2430 eria-

1095 2473 1147 2525 tius
1166 2487 1280 2525 seorsum
1296 2473 1424 2535 tribunos,
1447 2486 1562 2524 seorsum
1575 2474 1684 2539 Appiam
1702 2476 1785 2527 orabat
1797 2481 1881 2542 atque

1093 2581 1239 2633 obsecrabat
1248 2585 1281 2641 et,
1297 2583 1326 2631 ut
1343 2580 1447 2646 priuatis
1472 2580 1611 2631 commodis
1630 2582 1729 2647 publiea
1740 2589 1878 2650 antepone·

1095 2688 1196 2746 nerent,
1207 2684 1361 2751 postulabat.
1378 2684 1584 2736 animadvertens
1593 2690 1678 2738 autem
1698 2689 1814 2755 illosjam
1827 2694 1881 2743 mi·

1096 2791 1271 2853 tioreslactos,
1294 2791 1412 2855 collegam
1431 2805 1491 2841 vem
1505 2791 1532 2841 in
1550 2807 1596 2843 sua
1609 2794 1878 2861 peruicaciapersere-

1095 2912 1162 2958 rare,
1176 2899 1300 2964 persuasit
1327 2899 1434 2948 Laetorio
1454 2899 1560 2965 ejusque
1576 2902 1693 2966 collegiS,
1720 2908 1749 2954 nt
1766 2907 1881 2959 omnium

1094 3003 1249 3068 primianum
1275 3003 1481 3068 publicorumque
1492 3006 1625 3057 criminum
1645 3008 1813 3072 cognitionem
1836 3026 1878 3062 ar-

1096 3104 1170 3156 bitrio
1196 3107 1299 3155 senatus
1327 3105 1508 3170 permitterent.
1540 3109 1595 3158 Hoc
1618 3112 1704 3159 autem
1726 3110 1881 3177 impetrato,

1096 3216 1211 3266 senatum
1229 3212 1377 3262 convocavit
1397 3217 1436 3275 et,
1450 3212 1558 3264 tribunis
1568 3228 1717 3279 magnopere
1734 3216 1843 3271 laudatis
1851 3226 1880 3272 et

1096 3323 1182 3384 rogato
1194 3316 1296 3381 collega,
1310 3331 1341 3367 ne
1354 3317 1461 3382 publicae
1482 3317 1559 3370 saluti
1577 3318 1764 3385 adversaretur,
1776 3327 1878 3377 vocarit

1094 3436 1147 3483 eos,
1159 3420 1203 3485 qui
1213 3434 1285 3471 suam
1298 3420 1446 3470 sententiam
1458 3420 1532 3484 primi
1546 3420 1628 3473 dicere
1646 3422 1769 3477 solebant.
1799 3429 1833 3478 Et
1845 3431 1878 3480 P.

1093 3521 1208 3574 valerius
1223 3520 1349 3585 Poplicola
1369 3521 1466 3585 primus
1486 3525 1597 3587 rogatus,
1613 3524 1678 3575 huuc
1689 3526 1755 3577 dixit
1772 3533 1875 3580 senten·

1092 3631 1169 3682 tiam:
1181 3626 1405 3686 «omniacrimina
1419 3638 1477 3690 qua
1492 3625 1539 3677 sibi
1553 3625 1659 3677 invicem
1677 3628 1815 3693 objicebant
1829 3633 1876 3684 tri-

1091 3732 1153 3785 buni
1168 3735 1194 3781 et
1208 3728 1324 3790 consules
1343 3730 1443 3791 propter
1457 3727 1562 3787 iniurias
1574 3728 1600 3778 in
1622 3729 1736 3782 tumultu
1750 3737 1776 3783 et
1789 3733 1877 3786 illatas

1093 3835 1251 3896 ciacconius,
1264 3828 1333 3894 quod
1354 3842 1404 3878 non
1413 3827 1472 3878 dolo
1486 3828 1562 3889 malo,
1579 3844 1625 3882 nec
1640 3832 1746 3896 privata
1757 3834 1879 3887 utilitatis

1093 3946 1181 3987 caussa
1190 3945 1220 3982 eo
1233 3933 1336 3979 rentum
1351 3932 1427 3989 essai,
1444 3928 1489 3979 sed
1501 3942 1546 3993 per
1565 3930 1725 3983 ambitiosam
1735 3936 1881 3987 contemto.

1092 4034 1188 4088 neruda
1203 4029 1338 4095 republica,
1351 4028 1450 4093 publica
1466 4029 1616 4083 remittenda
1636 4047 1685 4085 nec
1701 4035 1727 4085 iu
1739 4037 1817 4088 ullum
1831 4040 1878 4103 ju.

1094 4145 1187 4198 dicium
1200 4142 1313 4196 vocanda
1338 4139 1407 4191 dixit.
1422 4134 1495 4197 Quod
1513 4149 1573 4186 vero
1589 4135 1622 4187 ad
1646 4135 1725 4201 legem
1748 4141 1881 4201 attineret,

1054 4255 1056 4259 ’
1091 4246 1160 4312 quod
1170 4246 1222 4297 iam
1232 4242 1325 4308 Appius
1338 4239 1426 4290 consul
1439 4251 1488 4288 noa
1503 4236 1654 4303 patiebatur,
1669 4253 1725 4290 eam
1736 4241 1790 4293 sire
1801 4257 1883 4296 seua-

1090 4348 1273 4400 tusconsnltum
1298 4342 1438 4395 iaciendum
1461 4339 1588 4392 censebat.
1619 4340 1752 4405 (letarum,
1767 4344 1881 4398 tribunis

1091 4465 1140 4501 una
1151 4463 1211 4500 cum
1230 4445 1374 4498 oonsulibus
1390 4455 1490 4508 operam
1513 4439 1633 4504 dandam,
1645 4446 1674 4491 ut
1690 4456 1793 4495 oonmrs
1809 4454 1881 4499 asset

1090 4548 1194 4604 ciuitas,
1215 4549 1241 4597 et
1261 4544 1381 4595 dacorum
1401 4554 1432 4591 ac
1457 4538 1520 4590 ordo
1540 4542 1685 4591 seruaretur
1702 4540 1728 4591 in
1747 4539 1883 4606 suffragiis

1089 4650 1207 4704 terendis.
1227 4669 1240 4692 ν
1273 4649 1326 4698 Hac
1347 4644 1471 4697 sententia
1489 4641 1522 4692 ab
1541 4641 1658 4693 omnibus
1677 4642 1792 4706 probata,
1815 4658 1883 4695 con-

1090 4754 1176 4807 iestim
1191 4750 1309 4812 Quintius
1331 4749 1458 4798 senatores
1477 4741 1547 4796 misit
1564 4744 1591 4795 iu
1615 4743 1752 4809 sutfragia3
1772 4748 1799 4796 et
1818 4753 1882 4812 post

1088 4855 1194 4908 multam
1223 4851 1293 4918 Appii
1318 4850 1517 4908 dissuasionem,
1538 4846 1628 4897 multis
1651 4844 1779 4910 suffragiis
1804 4847 1881 4900 vicit.

1088 4961 1212 5023 Factaque
1223 4953 1458 5015 senatusconsulto,
1479 4954 1505 5002 et
1514 4951 1622 5017 privata
1634 4949 1810 5014 magistratum
1820 4949 1884 5001 dis-

1088 5061 1180 5113 cordia
1193 5060 1307 5111 diremta
1319 5061 1393 5122 sunt,
1406 5059 1431 5108 et
1446 5055 1520 5122 plebs
1536 5056 1638 5107 senatus
1651 5065 1800 5104 concessum
1816 5053 1885 5105 lusto

1087 5162 1169 5214 animo
1188 5159 1316 5225 accipiens
1332 5159 1411 5224 legem
1433 5172 1480 5209 suo
1494 5155 1615 5221 sutfragia
1635 5152 1805 5205 confirmarit.
1838 5156 1887 5207 Ex

1087 5264 1131 5315 illo
1139 5269 1248 5330 tempore
1258 5263 1379 5328 usquead
1391 5264 1503 5313 nostram
1514 5263 1614 5313 aetatem
1627 5256 1783 5308 tribunorum
1796 5258 1889 5322 atque
