4068 5924
236 403 295 463 aas
757 371 926 456 uroursu
951 393 1329 455 rinurunuunssuusrs

238 561 251 593 u
269 533 371 613 ἀνάγκη
384 532 490 613 θάτερον
505 534 575 608 ὑμᾶς
588 539 683 604 ποιεῖν,
695 530 711 601 ἢ
722 529 833 606 Ῥώμην
846 531 1019 603 κατοικεῖν,ἢ
1076 554 1088 577 ι
1102 533 1249 583 alterutrum
1265 534 1361 591 tacere,
1378 538 1422 583 aut
1438 535 1541 585 Romam
1560 533 1680 595 incolere,
1697 534 1742 583 aut
1762 534 1854 584 nullam

239 650 253 679 u
274 625 406 701 μηδεμίαν
419 622 510 706 §iiim
524 625 574 700 Υῆί
590 619 660 701 ἔχειν
674 619 803 699 παῗθίδα·
845 614 1021 696 θίλῑταίίίθ
1077 662 1089 684 «
1104 640 1210 705 putrium
1228 640 1329 692 habere.
1363 643 1435 691 Mune
1459 640 1525 691 enirn
1548 640 1676 706 proiectus
1700 643 1739 690 est
1755 640 1855 690 Marcus

239 738 253 771 ε
269 715 347 773 ἕωθεν
362 711 519 790 ἐκπεμφθείς
538 708 585 768 ὑπ’
603 712 667 787 ἐμοῦ
691 707 802 787 Μάρκος
814 705 938 788 Ὁράτιος
950 708 1022 764 ἀναιι

239 826 254 857 ιι
272 801 357 882 ρήσων
368 800 416 871 τὴν
423 800 504 858 πολιν
514 800 587 874 ὑμῶν
598 800 627 857 ἐκ
637 796 777 874 θεμελίων,
791 796 835 856 καί
848 793 907 861 τοὺς
921 793 1021 875 ἀνθριίν-

242 915 256 949 u
271 914 334 957 παυς
346 889 466 955 ἅπαντας
475 890 512 955 είς
524 885 637 963 Ῥώμην
648 886 779 963 μετάξων.
814 886 910 944 Ταῦτα
922 873 966 943 σύν
980 885 1019 941 εἷ-

240 1006 254 1037 α
273 980 344 1048 δότες
359 980 418 1039 ὅσον
434 978 507 1038 otuu
528 976 693 1058 γενησόμενα
710 974 846 1034 παύσασθε
861 977 1022 1038 θανατῶντες

238 1094 252 1127 ιι
269 1069 314 1130 καί
328 1076 427 1128 ποιεῖτε
439 1066 474 1126 τδι
498 1070 667 1143 κελευόμενα.
715 1062 832 1125 Μέττιον
849 1062 876 1121 δὲ
891 1060 1017 1142 Φουφέτ-

241 1184 255 1214 ιι
274 1180 328 1216 τιον
346 1158 453 1236 ἀφανῶς
465 1178 495 1215 τε
509 1160 573 1232 ῆμῑν
596 1154 822 1214 έπιὸουλεύσαντα
837 1151 882 1210 καί
903 1151 961 1210 οὐδὲ
976 1155 1019 1207 νῦν

241 1271 254 1304 ιι
272 1245 422 1317 ὀκνήσαντα
438 1245 482 1305 ἐπί
497 1245 532 1304 τάι
546 1244 616 1303 ὅπλα
638 1242 698 1310 τοίνς
714 1241 878 1323 ταραχώδεις
891 1238 936 1298 καί
951 1261 1017 1297 στα·

243 1360 258 1390 ιι
274 1334 385 1398 σιαστδις
399 1336 489 1393 καλεῖν
505 1330 694 1410 τιμωρήσομαι
707 1334 753 1402 τῆς
772 1334 855 1402 κακῆς
868 1326 915 1387 καί
931 1324 1019 1386 δολίου

241 1445 255 1479 ιι
272 1426 359 1503 ψυχῆς
373 1421 459 1491 ἀξίως.
476 1447 491 1477 ν)
511 1424 601 1482 Ταῦτα
619 1418 738 1489 λέξαντος
750 1422 844 1491 αὐτοῦ,
859 1419 889 1477 τδ
903 1418 951 1494 μὲν
965 1419 1020 1496 έρε·

238 1513 372 1588 θιζόμενον
387 1516 434 1582 τῆς
449 1512 592 1583 ἐκκλησίας
609 1509 687 1589 μέρος
701 1506 832 1584 ἔπτηξεν,
848 1497 891 1564 σία
904 1506 936 1579 δὴ
948 1529 1017 1588 κρα-

237 1601 363 1678 τούμενον
388 1598 489 1676 ἀνάγκη
518 1596 640 1676 ἀφύκτῳ,
663 1595 707 1654 τδν
722 1594 750 1654 δὲ
772 1593 936 1675 Φουφέττιον
955 1595 1021 1672 σἰγα-

237 1698 383 1751 νακτοῦντα
402 1687 440 1747 ότι
454 1687 500 1745 καί
514 1684 661 1768 κεκραγότα
681 1684 761 1761 μόνον
775 1683 823 1751 τάς
843 1705 871 1742 τε
886 1682 1017 1752 συνθήκας

238 1775 466 1846 ἀνακαλούμενον,
495 1772 526 1840 de
548 1772 623 1839 αὐτὸς
643 1770 787 1851 ἐξηλέγχθη
807 1771 1014 1850 παρασπονδῶν,

238 1866 284 1924 καὶ
298 1867 351 1924 οὐδ’
365 1870 391 1925 ἐν
407 1873 497 1929 κακοῖς
511 1868 556 1923 τοῦ
577 1860 688 1942 θράσους
702 1860 848 1942 ὑφιέμενον,
868 1862 891 1920 οί
907 1860 1021 1936 ῥαόδοῶ·

239 1975 283 2031 χοε
299 1952 469 2019 κελεύσαντος
490 1956 535 2009 τοῦ
551 1950 682 2029 βασιλέως
703 1949 808 2011 Τύλλου
824 1950 1018 2026 συλλαόόντες,

239 2043 285 2102 καί
298 2041 347 2113 τὴν
369 2044 466 2113 ἐσθῆτα
481 2037 768 2120 περικαταρρήξαντες,
785 2036 884 2106 ἔξαινον
899 2037 929 2096 τὸ
941 2041 1021 2112 σῶμα

239 2130 345 2211 μάστιξι
367 2130 436 2190 πάνυ
449 2130 575 2194 πολλαῖς.
618 2126 697 2188 Ἐπεί
722 2125 750 2185 δὲ
772 2129 870 2198 ταύτης
892 2126 949 2193 ἅλις
963 2115 1019 2206 εἶχε

239 2225 288 2294 τῆς
298 2219 436 2299 τιμωρίας,
452 2219 662 2297 προσελάσαντες
682 2215 728 2275 δύο
748 2217 911 2296 συνωρίδας,
924 2220 957 2295 τῆ
972 2216 1021 2294 μίν

239 2308 317 2391 ἑτέρφ
333 2310 490 2386 προσήρτων
508 2304 567 2372 τοὺς
584 2305 728 2386 βραχίονας
753 2306 844 2379 αὐτοῦ,
860 2303 930 2386 τῇδ’
945 2304 1021 2386 έτέρφ

239 2395 298 2463 τοὺς
311 2397 393 2463 πόδας
413 2396 524 2478 ῥυτῆρσι
543 2394 735 2473 κατεχομένους
749 2402 875 2472 μακροῖς·
894 2392 1019 2452 ίλαυνόν-

239 2509 291 2544 των
314 2483 342 2544 δὲ
364 2488 417 2543 τῶν
441 2482 556 2562 ἡνιόχων
577 2481 625 2549 τάς
650 2482 796 2560 συνωρίδας
814 2484 861 2539 ἀπ’
882 2481 1019 2559 ἀλλήλων,

237 2572 390 2649 ξαινόμενός
410 2596 439 2631 τε
471 2571 532 2652 περί
560 2574 593 2650 τῆ
618 2575 653 2651 γῆ
681 2570 727 2630 καί
767 2571 953 2648 ἀνθελκόμενος
978 2569 1022 2651 ὑφ’

183 2682 208 2720 τε
238 2658 364 2739 ἑκατέρας
379 2659 423 2718 ίπί
436 2657 563 2717 τάναντία
577 2662 592 2716 ό
611 2657 722 2727 δείλαιος
735 2659 761 2717 ίν
780 2659 860 2738 ὀλίγῳ
876 2659 1022 2716 διασπᾶται

236 2749 332 2829 χρόνῳ.
374 2749 487 2816 Μέττιος
508 2746 555 2825 μίν
577 2745 610 2817 δὴ
625 2747 789 2828 Φουφέττιος
811 2748 892 2815 οὕτως
916 2750 1021 2827 οἰκτρᾶς

236 2838 282 2897 καὶ
312 2836 464 2917 ἀσχήμονος
492 2838 618 2905 τελευτῆς
649 2835 741 2915 έτυχε,
769 2842 824 2903 τοῖς
853 2835 875 2893 δ’
908 2834 1021 2914 ἑταίροις

236 2928 317 2985 αὐτοῦ
349 2925 394 2985 καί
423 2922 552 2983 συνειδόσι
577 2922 626 2994 τήν
652 2921 795 3004 προδοσίαν
822 2921 980 3001 δικαστήρια
1008 2925 1022 2981 ὁ

238 3014 361 3096 βασιλεὺς
377 3012 497 3088 καθίσας,
521 3010 580 3080 τοίνς
604 3010 715 3079 ἑλόντας
741 3012 768 3080 ἐξ
782 3014 868 3072 αὐτῶν
891 3012 961 3073 κατὰ
977 3010 1020 3070 τόν

183 3122 210 3159 2³⁰
243 3109 293 3164 τῶν
307 3107 487 3164 λειποτακτῶν
505 3125 534 3160 τε
563 3100 609 3160 καί
634 3102 769 3182 προδοτῶν
791 3099 870 3174 νόμον
893 3101 1021 3181 ἀπέκτει-

244 3216 299 3257 νεν.

277 3284 383 3344 ΧΧΧΙ.
407 3279 454 3342 Ἐν
465 3272 522 3362 ᾧδὲ
532 3284 608 3340 ταῦτ’
620 3277 718 3357 ίγίνετο
728 3278 815 3359 χρόνῳ
823 3277 933 3359 Μάρκος
941 3277 1022 3357 Ὁρά·

243 3393 297 3437 ττος
316 3374 592 3448 δπροαπεεταλμὲνυς
605 3367 739 3445 μετὰτῶν
756 3366 900 3425 έπιλέκτιυν
916 3367 960 3425 ἐπί
971 3367 1020 3437 τήν

240 3456 391 3537 καθαίρεσιν
403 3460 451 3528 τῆς
464 3454 576 3530 Ἀλόας,
593 3457 696 3536 ταχέως
706 3454 830 3524 διανύσας
843 3454 957 3527 τῆνδδδν
976 3456 1022 3515 καί

183 3576 210 3616 35
240 3544 400 3607 καταλαθὼν
415 3546 499 3612 πύλας
516 3547 541 3604 τ’
560 3546 714 3611 ἀκλείστους
731 3542 777 3603 καί
798 3551 884 3623 τεῖχος
903 3543 1022 3625 ἀφύλακ-

238 3659 296 3711 τον,
321 3636 438 3701 εὐπετῶς
450 3632 552 3711 γίνεται
567 3639 616 3706 τῆς
632 3633 734 3701 πόλεως
754 3631 851 3713 κύριος.
893 3635 1019 3712 Συναγα-

239 3723 295 3803 γὼν
311 3724 338 3784 δὲ
355 3724 386 3784 τδ
405 3724 505 3793 πλῆθος
529 3724 565 3790 είς
585 3720 733 3792 ἐκκλησίαν
757 3720 792 3780 τά
814 3743 843 3779 τε
869 3723 1021 3801 πραχθέντα

239 3812 309 3871 κατὰ
327 3809 375 3884 τῆν
406 3809 497 3889 μάχην
522 3810 629 3869 ἅπαντα
657 3810 788 3882 ἐδήλωσεν
817 3812 904 3877 αὐτοῖς
925 3810 972 3870 καί
992 3812 1022 3870 τὸ

239 3900 365 3982 ψήφισμα
389 3903 437 3973 τῆς
455 3899 598 3974 Ῥωμαίων
630 3901 727 3978 βουλῆς
751 3897 897 3969 διεξῆλθεν.
940 3901 1023 3960 Ἄντι-

185 4016 211 4054 tu
239 3989 385 4048 όολούντων
396 3989 423 4050 δὲ
432 3993 484 4048 τῶν
506 3987 648 4069 ἀνθρώπων
668 3989 712 4047 καί
724 3988 815 4067 χρόνον
834 3989 1022 4070 εἷςπρεσόείαν

240 4076 417 4150 αἰτουμένων,
431 4076 555 4154 οὐδεμίαν
570 4075 702 4147 ἀναθολὴν
723 4074 899 4153 ποιησάμενος
912 4078 959 4143 τὰς
973 4075 1023 4153 μίν

240 4161 323 4231 οἰκίας
340 4166 385 4222 καὶ
405 4161 439 4221 τθι
463 4164 538 4245 τείχη
561 4167 606 4225 καὶ
635 4164 659 4224 εί
680 4163 790 4223 τιᾶλλο
812 4166 1022 4243 κατασκεύασμα

243 4250 372 4312 θδιωτικδν
389 4251 407 4324 ῆ
420 4254 547 4328 δημόσιον
561 4245 595 4326 ῆν
609 4254 789 4329 κατέσκαπτε,
806 4252 866 4321 τοὺς
881 4253 903 4312 δ’
923 4254 1023 4335 ἀνθρύ-

242 4366 309 4411 πους
331 4340 399 4419 μετὰ
412 4343 512 4412 πολλῆς
532 4344 668 4422 φροντίδος
688 4342 866 4423 παρέπεμπεν
891 4344 928 4412 είς
947 4341 1019 4405 Ῥύ·

187 4464 213 4501 ις
242 4456 293 4508 μην
310 4430 421 4511 ἄγοντάς
438 4452 465 4489 τε
483 4429 517 4488 τὰ
540 4435 642 4501 {suffitu
664 4430 793 4513 χρήματα
814 4430 860 4491 καί
874 4430 1018 4513 φέροντας·

242 4519 284 4587 οθς
299 4526 313 4580 δ
326 4524 352 4581 Τ
353 4518 429 4586 ύλλος
445 4517 604 4600 ἀφικόμενος
619 4521 672 4579 άπὸ
685 4521 865 4599 στρατοπέδου
875 4527 934 4586 ταῖς
952 4517 1023 4580 Ῥω·

245 4611 330 4685 μαίων
346 4612 439 4690 φυλαῖς
454 4609 499 4669 καί
530 4608 658 4689 φράτραις
686 4611 837 4682 ἐπιδιεῖλεν,
860 4607 977 4680 οἰκήσεις
990 4633 1020 4668 τε

241 4699 481 4776 συγκατεσκεύασεν
505 4701 531 4759 ἀν
558 4689 597 4765 οἷς
620 4699 696 4768 αὐτοὶ
715 4703 878 4780 προῃροῦντο
899 4702 948 4769 τῆς
968 4698 1020 4758 πό-

241 4789 307 4856 λεως
329 4786 427 4862 τόποις,
450 4789 497 4848 καί
522 4792 570 4861 τῆς
597 4787 726 4865 δημοσίας
752 4793 800 4865 γῆς
817 4787 866 4858 τήν
890 4787 1022 4867 ἀρκοῦσαν

187 4898 214 4938 uu
243 4879 295 4941 τοῖς
311 4876 463 4948 θητεύουσιν
481 4875 507 4946 ἐξ
525 4879 612 4939 αύτῶν
633 4876 784 4953 ἀπεμέριζε,
806 4878 865 4943 ταῖς
887 4899 916 4936 τε
932 4876 1024 4945 ollae

241 4964 448 5042 φιλανθρωπίαις
470 4967 638 5044 ἀνελάμόανε
653 4965 682 5026 τδ
699 4967 812 5037 πλῆθος.
855 4964 892 5028 ‘fl
917 4965 965 5031 ιιίν
991 4966 1024 5039 δὴ

240 5052 294 5108 τῶν
308 5049 440 5110 Ἀλθανῶν
453 5052 540 5126 πόλις,
560 5054 592 5126 ῆν
613 5056 715 5114 ἔκτισεν
739 5054 874 5122 Ἀσκάνιος
889 5058 903 5114 ό
919 5056 944 5125 ίξ
967 5058 1021 5117 Αἰ-

244 5137 312 5198 νείου
327 5144 372 5197 τοῦ
395 5140 518 5219 Ἀγχίσου
539 5141 585 5202 καί
613 5140 748 5221 Κρεούσης
766 5148 813 5216 τῆς
829 5144 956 5224 Πριάμου
978 5151 1024 5204 θυ-

239 5227 345 5311 γατρὸς,
369 5230 414 5303 ίτη
435 5228 592 5306 διαμείνασα
619 5231 688 5309 μετδι
706 5230 751 5291 τδν
779 5232 899 5308 σίκισμδν
918 5256 1020 5291 πεντα-

1076 767 1088 788 r
1101 746 1301 798 Horatiusamc
1322 748 1429 809 missus,
1455 751 1484 798 ut
1504 753 1610 799 uestram
1632 749 1718 800 urbem
1743 747 1855 800 funditus

1076 873 1088 895 ν
1104 854 1202 904 euertat
1220 855 1246 903 et
1268 867 1354 907 omues
1375 854 1488 907 homiues
1515 858 1617 909 Romam
1639 855 1762 909 traducat.
1795 858 1853 907 uec

1077 975 1089 999 α
1103 956 1178 1021 igitur
1191 956 1243 1017 iere
1257 957 1307 1009 iarn
1317 960 1417 1023 peracta
1429 960 1519 1009 scitoto
1532 980 1538 1009 ι
1549 971 1626 1022 ηαστε
1638 958 1663 1008 iu
1678 962 1786 1007 uestram
1798 968 1854 1021 per-

1076 1088 1089 1111 rr
1103 1068 1190 1118 niciem
1208 1080 1281 1117 ruere
1302 1068 1420 1127 desinite,
1436 1072 1461 1120 ot
1482 1069 1600 1134 imperata
1622 1067 1707 1117 toute.
1744 1068 1772 1116 lu
1790 1068 1855 1117 licl-

1076 1189 1088 1213 «
1107 1171 1168 1218 tium
1191 1182 1251 1219 vero
1263 1171 1411 1233 Fulietium,
1434 1172 1477 1234 qui
1498 1171 1562 1221 clam
1574 1171 1645 1222 nobis
1656 1175 1696 1223 est
1714 1170 1855 1230 insidiatus,

1076 1290 1089 1315 ι
1103 1273 1130 1321 et
1144 1280 1175 1319 ne
1186 1282 1252 1319 nunc
1267 1268 1369 1333 quidem
1378 1272 1474 1324 veritus
1485 1278 1524 1325 est
1534 1272 1566 1324 ad
1577 1287 1646 1324 arma
1659 1274 1816 1324 turbulentos
1831 1275 1857 1322 et

1076 1390 1088 1414 ι
1105 1369 1238 1422 seditiosos
1261 1370 1371 1423 homines
1390 1372 1528 1432 concitare,
1553 1372 1642 1422 merito
1655 1375 1754 1436 propter
1765 1372 1857 1436 impro·

1076 1492 1088 1516 ι
1103 1473 1162 1524 bum
1174 1476 1200 1524 et
1211 1473 1396 1526 iraudulentum
1414 1474 1522 1527 animuin
1547 1475 1749 1527 animadvertam.
1765 1494 1778 1521 ν
1811 1476 1858 1526 His

1076 1573 1108 1625 ab
1122 1575 1165 1625 illo
1185 1576 1271 1636 dictis,
1290 1577 1412 1628 concionis
1435 1590 1492 1642 pars
1510 1591 1566 1641 quae
1584 1578 1858 1631 irritamentorum

1075 1680 1126 1739 est,
1152 1678 1218 1730 ricta
1248 1681 1393 1732 necessitate
1414 1680 1550 1733 inevitabili
1572 1698 1579 1728 ι
1604 1680 1685 1746 ipsum
1711 1695 1770 1733 roro
1796 1684 1856 1733 Fut-

1077 1777 1163 1830 ietlum
1182 1779 1347 1844 indignantem
1364 1786 1390 1833 et
1410 1782 1491 1832 solum
1513 1783 1705 1846 uociferantem,
1724 1786 1750 1834 et
1764 1783 1857 1835 tendere

1076 1882 1260 1949 implorantem,
1280 1898 1338 1949 quas
1365 1884 1417 1949 ipse
1431 1886 1536 1936 violasse
1559 1886 1686 1938 convictus
1706 1890 1762 1937 erat
1785 1890 1810 1937 et
1825 1900 1857 1937 nc

1076 1982 1102 2031 iu
1126 1982 1198 2035 malis
1221 1984 1320 2047 quidem
1349 1985 1379 2035 de
1400 1985 1504 2036 audacia
1533 1985 1669 2050 quidquam
1690 1986 1859 2037 remittentem

1076 2078 1146 2136 iussu
1183 2085 1248 2136 Tulli
1271 2089 1336 2151 regis
1353 2087 1452 2138 lictores
1476 2093 1633 2153 correptum,
1650 2094 1719 2140 reste
1736 2088 1856 2147 detracta,

1077 2187 1222 2239 verberibus
1235 2188 1320 2240 multis
1348 2188 1499 2241 cecideruut.
1535 2190 1584 2242 sed
1597 2196 1729 2255 postquam
1757 2190 1783 2241 in
1801 2204 1857 2241 eum

1076 2286 1123 2338 boc
1132 2288 1243 2353 supplicii
1255 2302 1344 2353 genere
1362 2291 1423 2340 satis
1441 2290 1555 2341 saevitum
1569 2294 1618 2351 est,
1641 2290 1712 2341 biuss
1727 2290 1796 2355 bigas
1808 2288 1856 2339 ad·

1076 2393 1208 2440 mouerunt
1225 2393 1251 2441 ot
1268 2389 1431 2441 eiusbraclria
1451 2390 1595 2451 adulteras,
1619 2392 1650 2445 ud
1674 2384 1770 2442 eiuras
1782 2392 1859 2456 podes

1077 2488 1135 2539 toris
1153 2490 1233 2553 longis
1253 2490 1396 2555 alligoruut;
1412 2495 1487 2555 atque
1503 2491 1587 2542 infelix
1605 2493 1694 2557 aurigis
1708 2495 1733 2544 in
1748 2494 1860 2546 diversas

1076 2594 1159 2656 partes
1181 2592 1249 2657 bigas
1278 2595 1419 2658 agentibus,
1449 2595 1518 2645 humi
1549 2599 1645 2645 tractus
1672 2600 1698 2647 et
1720 2610 1735 2647 a
1756 2598 1817 2662 bigis
1834 2599 1860 2648 in

1077 2694 1213 2745 contrarias
1224 2698 1307 2759 partes
1319 2700 1406 2761 raptus
1414 2693 1483 2746 brevi
1497 2695 1615 2759 temporis
1628 2697 1708 2759 spatio
1720 2696 1861 2762 discerptus

1076 2800 1124 2849 est.
1157 2802 1239 2862 Atque
1264 2799 1366 2850 ltetllus
1386 2799 1510 2850 Futietius
1534 2798 1601 2849 huno
1627 2800 1746 2849 misorum
1768 2803 1794 2850 et
1812 2799 1859 2851 ice-

1077 2897 1138 2950 dum
1153 2900 1213 2951 rito
1236 2900 1308 2951 duem
1330 2901 1433 2952 sortitus
1457 2904 1504 2963 est,
1524 2900 1550 2951 in
1572 2901 1627 2951 eius
1652 2915 1712 2951 rero
1734 2903 1816 2953 socios
1834 2906 1860 2954 et

1077 3001 1223 3065 proditionis
1242 3003 1355 3054 conscios
1370 3017 1413 3054 rex
1430 3002 1519 3054 iudicio
1533 3003 1676 3065 constituit,
1692 3007 1718 3054 et
1736 3008 1860 3069 quotquot

1078 3101 1187 3152 convicti
1200 3105 1266 3162 sunt,
1283 3116 1327 3153 eos
1341 3103 1438 3167 exlege
1449 3104 1474 3154 tu
1490 3102 1584 3154 milities
1600 3102 1742 3155 desertores
1760 3106 1788 3156 et
1801 3118 1860 3170 pro·

1077 3203 1171 3255 ditores
1193 3204 1243 3255 lata
1259 3205 1356 3269 capitoli
1377 3206 1497 3271 supplicio
1511 3206 1605 3257 aiieoit.

1110 3314 1195 3362 xlllll.
1214 3314 1406 3364 lnlereaaulcm
1428 3315 1527 3363 Marcus
1543 3315 1668 3376 Horatius,
1687 3315 1731 3378 qui
1746 3315 1861 3379 praemis·

1079 3429 1123 3468 sus
1139 3420 1193 3469 erat
1213 3390 1271 3468 curn
1296 3416 1417 3468 militibus
1436 3416 1507 3467 lectis
1525 3417 1557 3467 ud
1577 3416 1665 3467 Albam
1687 3415 1859 3474 evertendam,

1079 3518 1194 3570 celeriter
1211 3492 1326 3571 coniecto
1349 3520 1436 3572 itinere
1447 3558 1454 3581 ,
1467 3532 1526 3570 curn
1540 3519 1674 3569 inuenisset
1688 3522 1773 3583 portas
1787 3532 1861 3584 uper·

1079 3623 1119 3672 tas
1135 3625 1161 3671 et
1170 3635 1255 3672 muros
1265 3620 1438 3683 incustoditus,
1451 3620 1522 3671 facilc
1535 3619 1598 3671 urbe
1608 3620 1704 3683 potitus
1714 3623 1761 3672 est.
1796 3620 1857 3672 con·

1078 3726 1166 3773 roceto
1188 3725 1271 3773 autem
1287 3722 1377 3786 populo
1398 3720 1431 3771 ad
1450 3720 1609 3782 concionem,
1620 3722 1741 3787 quidquid
1760 3723 1859 3786 inproe·

1076 3827 1110 3878 lio
1126 3829 1222 3891 gestum
1239 3828 1293 3877 erut
1313 3825 1349 3876 eis
1361 3825 1513 3888 declararit,
1530 3829 1556 3876 et
1576 3826 1680 3878 Romani
1700 3829 1801 3877 senatus
1818 3825 1860 3876 de·

1080 3933 1178 3978 eretum
1200 3928 1323 3980 recitarit.
1357 3928 1410 3979 lllls
1423 3930 1506 3980 autem
1518 3928 1647 3980 orantibus
1667 3932 1693 3980 et
1713 3932 1811 3991 tempus
1825 3928 1859 3978 ad

1079 4031 1224 4097 legationem
1235 4031 1427 4097 postulantibus,
1445 4032 1543 4082 sublata
1555 4032 1622 4082 omni
1632 4046 1709 4094 muru,
1730 4034 1757 4082 et
1770 4030 1860 4083 domos

1077 4133 1103 4180 et
1130 4143 1215 4179 rnuros
1245 4134 1271 4180 et
1300 4129 1400 4194 siquod
1422 4129 1488 4179 uliud
1512 4129 1642 4180 aediticium
1668 4128 1709 4179 rel
1734 4127 1860 4193 priuatum

1078 4234 1119 4285 rel
1139 4234 1266 4298 publicum
1297 4238 1351 4286 erat
1376 4233 1510 4286 demolitus
1535 4237 1587 4296 est,
1608 4236 1635 4285 et
1658 4232 1726 4298 ipsos
1749 4232 1862 4285 homiues

1076 4331 1179 4394 agentem
1204 4333 1231 4381 et
1256 4334 1383 4396 portantes
1407 4344 1447 4381 res
1473 4344 1533 4382 suas
1558 4332 1663 4381 Rolnam
1687 4343 1775 4396 magna
1798 4343 1859 4381 curu

1076 4437 1223 4501 pmssuetus
1245 4438 1306 4487 est:
1328 4449 1392 4499 quos
1414 4436 1501 4487 Tullus
1525 4449 1558 4486 ex
1582 4437 1669 4486 castris
1690 4438 1859 4486 Romanorum

1077 4554 1194 4594 reversus
1214 4539 1241 4590 in
1264 4539 1345 4591 tribus
1372 4546 1398 4592 et
1419 4543 1501 4592 curiae
1524 4540 1668 4601 distribuit,
1688 4541 1774 4604 eisquc
1792 4538 1860 4590 uides

1076 4641 1212 4693 edificavit
1223 4642 1248 4692 in
1262 4655 1312 4708 qua
1330 4642 1398 4693 urbis
1413 4646 1482 4707 parte
1502 4642 1649 4704 voluerunt,
1662 4643 1688 4692 et
1707 4641 1740 4693 de
1757 4640 1859 4706 publico

1077 4752 1152 4802 agro,
1168 4741 1285 4803 quantum
1298 4738 1358 4789 satis
1376 4741 1459 4801 esset,
1474 4738 1559 4789 diuisit
1579 4738 1684 4802 illisqui
1698 4751 1774 4802 opera
1794 4750 1858 4786 mer·

1078 4838 1177 4889 cenario
1196 4838 1355 4901 exercebant3
1377 4844 1403 4891 et
1426 4841 1491 4890 omni
1508 4839 1558 4890 alio
1580 4837 1746 4889 humanitatis
1771 4851 1858 4902 genere

1078 4936 1262 4987 multitudinem
1281 4937 1386 5002 accepit.
1430 4937 1581 4989 Albanorum
1601 4939 1675 5004 igitur
1690 4938 1768 4998 urbs,
1786 4949 1858 5001 quoru

1079 5034 1223 5086 condiderat
1246 5036 1367 5086 Asconius
1382 5050 1413 5087 ex
1433 5039 1510 5088 AEuea
1529 5037 1643 5089 dnehisae
1660 5036 1710 5086 tilio
1726 5041 1752 5087 et
1765 5037 1857 5087 creusa

1078 5138 1171 5190 Priami
1187 5139 1237 5190 titis
1253 5140 1410 5205 progenitus,
1422 5144 1554 5206 postquam
1566 5141 1636 5192 stetit
1652 5154 1697 5206 per
1710 5140 1856 5206 quingentos

1079 5254 1157 5292 anuos
1171 5240 1288 5293 tredecim
1305 5242 1387 5292 minus
1405 5256 1436 5293 ex
1450 5258 1502 5307 quo
1518 5248 1575 5296 erat
1592 5244 1705 5306 condita,
1725 5257 1775 5309 quo
1793 5244 1857 5294 tem·
