4034 5922
257 395 298 463 ιε
776 397 946 460 uranusn
967 399 1348 467 aserenannssansrs

258 525 463 602 μεθισταμένου.
507 529 549 587 Οθ
572 527 623 607 γδιρ
645 527 776 589 ἐδικαίουν
798 532 823 588 οἱ
849 529 1029 610 προσήκοντες

257 625 311 683 τοῖς
333 613 443 684 ἐξιοῦσιν
470 616 663 676 ἀπολείπεσθαί
676 641 705 676 τε
726 622 778 677 τῶν
796 620 931 699 φιλτάτων
943 621 988 679 καὶ
1004 623 1030 678 ἐν

259 712 315 770 τοῖς
342 703 472 783 ἐχθίστοις
497 704 648 782 θπομένειν.
702 709 810 787 Πρῶτοι
837 709 884 783 μὲν
912 709 943 779 δή
962 703 1032 769 οὗτοι

258 793 470 870 μεταναστάντες
493 793 520 862 ἐξ
541 792 659 861 Ἰταλίας
682 794 719 864 εἷς
734 818 761 854 τε
785 796 833 867 τήν
846 795 964 857 Ἑλλάδα
986 797 1031 857 καί

215 912 228 946 n
259 886 303 953 τῆς
319 880 459 961 βαρθάρου
474 881 583 953 πολλὴν
591 884 792 955 ἐπλανήθησαν.
837 886 913 946 Μετδι
935 882 961 944 δέ
973 884 1032 953 τοθς

254 968 376 1048 πρωτους
394 970 478 1049 ίτεροι
501 971 532 1030 τὸ
547 972 612 1031 αὐτὸ
629 972 745 1045 ἔπαθον,
767 972 814 1032 καὶ
831 980 909 1033 τοῦτο
922 975 1031 1034 διετέλει

256 1058 392 1137 γινόμενον
410 1057 450 1117 δσ’
464 1057 521 1129 ἐτη.
566 1063 608 1120 Oi
622 1061 673 1139 γδιρ
697 1060 801 1120 ἀνίεσαν
823 1065 847 1120 οἱ
862 1062 1032 1122 δυναστεύον-

255 1170 298 1214 τες
323 1148 349 1204 ἐν
372 1154 430 1214 ταῖς
452 1146 546 1207 πόλεσι
567 1154 614 1220 τῆς
643 1148 819 1229 ἀνδρουμένης
839 1149 880 1210 ἀεὶ
909 1152 1033 1224 νεότητος

255 1234 436 1314 ἐξαιρούμενοι
457 1236 504 1304 τδις
526 1237 665 1317 ἀπαρχάς,
680 1238 734 1306 τοῖς
754 1261 783 1296 τε
804 1243 871 1306 θεοῖς
884 1240 917 1299 τδι
941 1240 1032 1299 δίκαια

204 1348 229 1387 m
255 1328 395 1405 ὑπουργεῖν
412 1324 542 1392 ἀξιοῦντες
561 1327 605 1383 καὶ
627 1325 807 1403 στασιασμοὺς
828 1332 857 1389 ἐκ
873 1330 924 1386 τῶν
938 1331 1032 1388 διαλα-

256 1412 352 1474 θόντων
377 1413 498 1479 δεδιότες.
553 1405 608 1473 Ἦν
629 1414 655 1472 δὲ
677 1414 745 1474 πολέι
770 1415 816 1474 καὶ
842 1417 871 1475 τθ
892 1418 957 1497 πρὸς
982 1417 1032 1498 ἐχ-

257 1508 322 1581 θραν
345 1501 390 1562 σῦν
402 1501 534 1582 προφάσει
547 1505 673 1580 εὐπρεπεῖ
691 1505 900 1581 ἀπελαυνόμενον
916 1507 966 1565 ὑπὸ
981 1512 1032 1566 τῶν

256 1593 404 1674 διαφόρων,
419 1589 487 1651 ὥστε
510 1590 609 1651 πολλαὶ
631 1594 659 1650 αἱ
680 1592 877 1659 ἀπαναστάσεις
899 1594 1030 1671 ἐγίνοντο,

256 1681 302 1740 καὶ
318 1681 361 1739 ἐπὶ
375 1683 500 1739 πλεῖστον
510 1684 558 1755 γῆς
571 1680 601 1738 τὸ
611 1681 777 1760 Πελασγικὸν
790 1682 863 1760 γένος
879 1683 1032 1763 διεφορήθη.

203 1785 228 1823 ιε
295 1767 384 1828 XXV.
394 1757 485 1827 Ἦσαν
498 1768 526 1825 δέ
539 1767 572 1826 τά
583 1790 613 1825 τε
626 1767 741 1844 πολέμια
754 1771 784 1827 ἐκ
798 1773 846 1826 τοῦ
862 1768 931 1845 μετὰ
942 1770 1027 1829 κινδύ·

255 1879 307 1915 νων
324 1859 484 1927 πεποιῆσθαι
505 1856 553 1922 τδς
569 1855 681 1932 μελέτας
697 1859 724 1915 ἐν
744 1855 829 1915 ἔθνεσι
846 1857 1032 1935 φιλοπολέμοις

256 1949 349 2015 ζῶντες
370 1945 475 2003 πολλῶν
502 1946 638 2019 ἀμείνους,
657 1945 702 2003 καὶ
721 1949 767 2015 τῆς
786 1944 902 2003 κατὰτὰ
921 1947 1032 2006 ναυτικδι

256 2033 405 2109 ἐπιστήμης
418 2033 461 2091 διὰ
473 2031 522 2103 τήν
533 2034 602 2108 μετὰ
615 2035 760 2114 Τυρρηνῶν
775 2032 878 2103 οίκησιν
896 2033 940 2093 ἐπὶ
956 2037 1033 2093 πλεῖ-

257 2145 317 2181 στον
331 2121 500 2193 ἐληλακότες·
513 2121 531 2193 i.
541 2122 563 2180 τ’
574 2122 677 2198 άνάγνη
688 2124 766 2193 ἱκανὴ
774 2114 840 2182 ούσα
851 2123 905 2189 τοῖς
917 2127 1034 2202 ἀπορου·

201 2228 228 2266 aa
259 2209 345 2287 μένοις
362 2209 419 2288 βίου
436 2210 538 2286 τόλμαν
552 2218 712 2290 παρασγεῖν,
730 2210 838 2289 ήγεμόιν
857 2210 1032 2271 senniarii·

256 2302 353 2364 σκαλος
374 2304 420 2358 τοῦ
455 2298 552 2367 παντὸς
576 2299 780 2376 κινδυνεύματος
801 2302 890 2366 αὐτοῖς
915 2300 1033 2379 ἐγίνετο,

255 2386 319 2446 ὥστ’
339 2389 368 2446 οὐ
384 2387 509 2467 χαλεπῶς
528 2387 581 2458 όπη
604 2391 735 2448 ἐπέλθοιεν
755 2389 926 2471 ἐπεκράτουν.
950 2390 1032 2451 Ἐκα-

256 2480 348 2535 λοῦντο
375 2477 397 2534 δ’
425 2478 476 2535 ὑπὸ
501 2481 553 2536 τῶν
579 2478 667 2537 ἄλλοιν
686 2478 831 2557 ἀνθρώπων
854 2483 901 2548 τῆς
920 2503 948 2539 τε
975 2478 1031 2560 pai·

256 2576 301 2649 ρας
315 2564 453 2636 ἐπικλήσει
473 2567 519 2647 ἄρ’
537 2558 569 2639 ἧς
587 2566 763 2640 ἐξανέστησαν
783 2568 830 2625 καὶ
848 2573 895 2625 τοῦ
917 2570 1032 2627 παλαιοῦ

110 2688 115 2709 ι
201 2669 228 2708 ‘aa
255 2655 482 2737 γε’νουςμνήμηοί
497 2655 715 2735 αύτοὶῚύρρηνοὶ
731 2656 776 2714 καὶ
797 2656 943 2734 Πελασγοί.
979 2647 1032 2717 Ὧν

256 2740 307 2813 ἐγὼ
327 2744 403 2813 λόγον
416 2743 585 2820 ἐποιησάμην
598 2751 645 2804 τοῦ
661 2745 698 2821 μή
713 2768 771 2801 τινα
788 2749 876 2821 θαῦμα
891 2752 1032 2817 ποιεῖσθαι,

255 2830 361 2890 ἐπειδάν
376 2824 524 2903 ποιητῶνή
541 2831 715 2912 συγγραφέων
732 2832 816 2910 ἀκούῃ
837 2832 896 2898 τοὺς
920 2834 1034 2892 Πελασ-

255 2919 314 2995 γοθς
337 2918 382 2977 καί
408 2920 561 3000 Τυρρηνοὺς
582 2921 779 2994 ὀνομαζόντων,
802 2923 858 2986 πῶς
880 2921 1032 2999 ἀμφοτέρας

256 3008 332 3089 ἔργον
343 3008 390 3074 τδις
403 3008 554 3084 ἐπωνυμίας
568 3011 591 3067 at
603 3009 685 3068 αὐτοί.
715 3007 797 3089 Ἔχει
808 3009 859 3088 γδιρ
875 3007 953 3086 [καὶ]
970 3012 1031 3088 περὶ

202 3118 229 3155 ει)
257 3102 342 3157 αὐτῶν
357 3100 509 3179 Θουκυδίδῃ
524 3097 572 3174 μὲν
591 3100 618 3156 ἐν
636 3101 717 3171 ἀκτῆς
735 3103 782 3169 τῆς
801 3100 924 3177 Θρηικίας
939 3098 1031 3179 μνήμη

228 3220 232 3231 ·
257 3186 302 3245 καὶ
320 3191 372 3246 τῶν
387 3190 414 3246 ἐν
430 3189 497 3267 αὐτῇ
513 3186 640 3264 κειμένων
658 3188 774 3254 πόλεων,
795 3187 825 3252 ἃς
843 3188 957 3246 οἰκοῦσιν
986 3186 1034 3243 άν-

257 3284 356 3353 θρωποι
371 3276 528 3354 δίγλωττοι,
544 3275 660 3355 [neptia
670 3279 717 3332 τοῦ
737 3277 906 3351 Πελασγικοῦ
926 3276 1032 3353 ἔθνους]

257 3358 331 3423 da't
348 3365 436 3441 λόγος·
455 3392 466 3417 ι
480 3363 518 3423 ἔνι
530 3365 558 3422 δέ
570 3387 595 3420 τι
609 3362 655 3422 καὶ
671 3363 849 3438 Χαλκιδικὸν,
865 3362 896 3421 τδ
913 3362 941 3421 δέ
959 3365 1034 3422 πλεῖ-

258 3482 271 3509 a
286 3476 346 3512 στου
360 3454 544 3528 Πελασγικὸν,
556 3455 607 3510 τῶν
620 3451 665 3509 καί
675 3451 784 3526 Λῆμνόν
794 3452 913 3514 ποτεναὶ
924 3450 1034 3524 Ἀθήνας

202 3571 229 3611 γε
257 3573 269 3597 ι
287 3542 452 3613 οἰκησάντων
478 3543 660 3620 Τυρσηνῶν.»
685 3540 815 3619 Σοφοκλεῖ
838 3542 861 3598 δ’
883 3540 911 3597 ἐν
931 3538 1034 3619 Ἰνάχῳ

259 3630 375 3709 δράματι
386 3629 549 3688 άνάπαιστον
572 3629 623 3687 inb
643 3634 689 3687 τοῦ
712 3634 794 3708 χοροῦ
818 3628 964 3706 λεγόμενον
988 3651 1037 3686 πε·

258 3719 366 3791 ποίηται
379 3709 441 3776 ῶδε·

269 3886 272 3891 -
310 3851 394 3917 Ἴναχε
404 3858 534 3920 γεννᾶτορ,
550 3858 596 3903 παῖ
609 3858 652 3903 τοῖν
664 3858 760 3917 κρηνῶν

316 3933 404 3997 πατρὸς
416 3929 530 3980 Ὠκεανοῦ
539 3967 546 3989 ,
556 3931 618 3990 μέγα
630 3930 769 3993 aptabatur

201 4029 230 4068 40
317 4002 413 4066 Ἄργους
421 4017 447 4050 τε
456 4001 526 4060 γύαις
541 4001 616 4064 Ἥρας
628 4014 654 4050 τε
666 4003 768 4062 πάγοις,

317 4074 358 4123 καί
371 4075 517 4136 Τυρσηνοῖσι
533 4075 672 4132 Πελασγοῖς.

256 4224 408 4304 Τυρρηνίας
423 4222 470 4299 μέν
484 4224 536 4305 γάρ
553 4223 585 4295 δὴ
600 4222 685 4301 ὄνομα
698 4224 741 4285 τδν
759 4223 854 4304 χρόνον
868 4226 967 4284 ἐκεῖνον
982 4229 1033 4285 ἀνά

255 4313 303 4383 τήν
314 4309 433 4371 Ἑλλάδα
444 4304 490 4384 ἦν,
503 4312 548 4370 καλ
559 4316 624 4370 aaa’
638 4316 655 4385 ἡ
666 4313 856 4393 προσεσπέριος
867 4313 974 4373 Ἰταλία
985 4313 1032 4381 τδις

257 4399 326 4460 κατδι
345 4400 408 4479 [τὸ]
427 4400 497 4466 ἔθνος
519 4400 667 4479 ὀνομασίας
679 4404 851 4484 ἀφαιρεθεῖσα
863 4401 911 4475 τὴν
922 4403 1034 4476 ἐπίκλη·

202 4505 228 4543 45
257 4513 298 4550 σιν
323 4487 424 4560 ἐκείνην
454 4487 623 4565 ἐλάμάανεν,
648 4490 740 4573 ῶσπερ
765 4491 879 4563 καὶτῆς
900 4491 1032 4559 Ἑλλάδος

257 4579 326 4655 ἄλλη
340 4601 370 4640 τε
384 4580 507 4658 πολλαχῇ
518 4622 526 4653 ,
546 4578 591 4637 καί
601 4580 662 4659 περὶ
672 4579 721 4650 τὴν
731 4580 899 4656 καλουμένην
910 4587 955 4639 νῦν
971 4583 1032 4641 Πε-

256 4666 415 4737 λοπόννησον
436 4666 549 4744 ἐγένετο·
567 4666 610 4727 ἐπὶ
624 4667 675 4748 γδιρ
699 4670 753 4735 tvl<
769 4673 821 4728 τῶν
845 4669 985 4728 οἰκούντων
1003 4671 1033 4728 ἐν

256 4757 323 4833 αιἰτῇ
334 4758 425 4829 ἐθνῶν,
439 4761 485 4815 τοῦ
495 4754 637 4837 Ἀχαϊκοῦ,
648 4756 725 4829 καλή
741 4758 869 4834 σύμπασα
887 4759 1032 4838 χιρρύννη-

256 4863 315 4924 τος,
331 4845 356 4904 ἐν
375 4831 393 4918 ᾖ
411 4843 456 4904 καλ
470 4844 501 4904 τὸ
511 4844 663 4924 Ἀρκαδικὸν
679 4845 764 4904 καὶτὸ
775 4844 890 4906 ’intende
902 4847 948 4904 καὶ
962 4847 1032 4905 tila

201 4954 228 4995 sn
254 4933 339 5012 συχνά
355 4931 414 5005 ἔθνη
427 4935 541 5007 ἔνεστιν,
557 4931 652 5014 Ἀχαΐα
671 4933 824 5008 ὠνομάσθη.

297 5022 400 5093 XXVI·
414 5020 448 5083 Ὀ
460 5021 487 5082 δέ
496 5023 597 5103 χρόνος,
605 5012 659 5103 tre}
669 5022 700 5081 τὸ
709 5022 876 5101 Πελασγικόν
887 5028 1031 5083 κακοῦσθαι

254 5109 366 5192 ήρξατο,
383 5111 493 5193 δευτέρη
502 5121 580 5193 γενεᾷ
595 5112 689 5193 σχεδὸν
699 5110 751 5190 πρὸ
762 5115 814 5169 τῶν
826 5115 957 5192 Τρωῖκῶν
969 5111 1031 5189 ἐγί-

252 5223 323 5283 γετο,
338 5200 444 5260 διέτεινε
458 5199 485 5260 δέ
496 5201 542 5260 καὶ
557 5201 625 5278 μιτδι
635 5200 670 5260 τδι
681 5199 805 5283 Τριοῖκδι,
820 5200 870 5268 ίως
881 5205 917 5269 εἰς
931 5202 1029 5281 nape-

1086 532 1281 598 discedentibus,
1303 552 1318 586 a
1338 539 1471 591 carissimis
1492 540 1614 613 descript
1633 544 1699 594 inter
1721 543 1864 598 inimicissi-

1086 645 1141 683 mos
1155 647 1281 687 remanere
1303 637 1425 689 nolebant
1479 644 1559 703 atquc
1580 642 1709 706 bl‘primt,
1734 644 1864 706 postquam

1086 741 1117 777 ex
1139 729 1210 778 ltalia
1227 730 1376 794 migrarunt,
1400 735 1579 797 pertinaciam
1607 739 1633 785 et
1656 736 1747 787 multas
1771 738 1865 788 barba·

1087 837 1170 874 rarum
1188 827 1314 889 regionum
1334 832 1417 892 partes
1437 830 1519 894 vagati
1541 832 1607 884 sont.
1638 810 1687 884 Sed
1710 837 1767 898 post
1790 835 1866 886 hosce

1086 920 1180 986 primos
1194 923 1258 974 idem
1272 924 1327 975 aliis
1341 927 1439 986 accidit,
1457 932 1532 992 atque
1547 929 1594 979 troc
1606 918 1736 993 quotannis
1750 935 1865 982 canaan·

1087 1023 1126 1070 ter
1141 1020 1226 1071 nebat.
1270 1024 1333 1073 Nam
1348 1023 1475 1075 ciuitatum
1490 1023 1612 1091 principes
1625 1028 1761 1089 iuventutis
1773 1029 1865 1080 adultae

1088 1118 1208 1181 primitias
1221 1119 1327 1185 deligere
1341 1135 1389 1171 non
1410 1110 1564 1184 desinebant,
1582 1128 1634 1174 tnm
1649 1127 1708 1189 quta
1727 1126 1775 1178 diis
1795 1129 1861 1180 iusta

1087 1216 1205 1282 praestare
1220 1215 1344 1273 volebant,
1356 1214 1494 1265 tumeliam
1508 1216 1567 1278 quia
1580 1218 1722 1268 metuebant
1734 1233 1766 1270 ne
1788 1222 1808 1271 u·
1821 1226 1867 1285 pal

1087 1308 1117 1355 ιἰι
1133 1303 1242 1357 aretem
1258 1306 1447 1357 delitescebant
1468 1308 1601 1359 seditiones
1621 1283 1765 1363 excitarent.
1794 1313 1866 1364 Multi
1885 1328 1887 1333 ·

1087 1398 1161 1447 etiam
1186 1411 1230 1461 per
1246 1396 1386 1449 simulatam
1407 1400 1518 1451 honesta
1536 1415 1618 1451 caussa
1639 1404 1746 1466 speciem
1769 1405 1800 1455 ab
1818 1407 1864 1457 ad·

1087 1495 1202 1545 versutie
1213 1495 1246 1546 ab
1259 1495 1400 1547 inimicitias
1414 1497 1573 1560 pellebantur.
1617 1500 1702 1562 ltaque
1716 1502 1802 1553 muita
1824 1517 1864 1555 se·

1088 1587 1211 1639 cessiones
1234 1587 1339 1652 fiebant,
1359 1593 1385 1639 et
1408 1602 1486 1652 genus
1502 1592 1654 1655 Pelaspicum
1679 1594 1866 1658 permaximam

1087 1683 1212 1730 terrarum
1232 1683 1327 1745 partem
1348 1681 1488 1746 dispersum
1506 1687 1553 1733 cst.

1120 1773 1194 1822 XXV.
1208 1775 1271 1822 cum
1283 1776 1367 1824 summ
1377 1774 1453 1824 vitam
1462 1776 1528 1827 inter
1539 1777 1669 1829 bellicosas
1678 1784 1764 1844 gentes
1775 1782 1869 1845 pericu·

1087 1864 1119 1914 lis
1131 1864 1263 1916 exercitm
1273 1865 1387 1929 egissem,
1398 1880 1481 1918 rerum
1494 1868 1638 1920 bellicarum
1650 1872 1866 1935 prestantiamui·

1087 1959 1128 2007 tos
1137 1956 1284 2021 superabant
1292 1961 1317 2007 et
1326 1958 1350 2007 in
1362 1957 1444 2008 navali
1457 1971 1556 2021 quoqem
1567 1963 1621 2010 arte
1632 1961 1767 2023 plurimum
1780 1960 1866 2027 prote·

1091 2051 1321 2114 cerunt,quodcum
1327 2050 1460 2114 Tyrrhenis
1471 2051 1632 2111 habitassent,
1638 2056 1713 2116 atque
1724 2055 1865 2116 necessitas,

1089 2141 1522 2206 quaebominibusquotidianirictus
1532 2143 1868 2209 inopialabnrantibnsauda·

1088 2232 1151 2283 ciam
1163 2232 1234 2283 facile
1250 2233 1344 2294 subdit,
1358 2234 1383 2283 in
1394 2234 1510 2285 omnibus
1519 2234 1637 2299 ρετῖευῖῖε
1650 2236 1699 2289 dux
1712 2240 1738 2287 et
1750 2240 1867 2301 magistra
1910 2247 1912 2251 ’

1088 2326 1149 2391 ipsis
1158 2327 1224 2377 tuit:
1240 2330 1400 2391 quamobrem
1410 2340 1558 2394 quocunque
1567 2329 1643 2380 delati
1654 2334 1721 2391 sunt,
1736 2330 1868 2381 sictonam

1088 2432 1136 2470 non
1154 2420 1254 2471 ditticiie
1268 2421 1434 2486 reportabant.
1468 2427 1488 2473 A
1505 2422 1606 2486 reliquis
1618 2425 1702 2473 autem
1716 2422 1865 2483 hominibus.

1087 2514 1142 2561 tum
1153 2512 1185 2563 ob
1201 2526 1291 2563 nomen
1304 2513 1410 2578 reglonis
1430 2513 1495 2564 unde
1507 2514 1572 2580 pulsi
1591 2516 1705 2576 fuerant,
1724 2519 1780 2566 tum
1792 2518 1868 2566 etiam

1088 2605 1121 2657 ab
1130 2604 1229 2670 generis
1250 2606 1345 2669 antiqui
1369 2607 1511 2657 memoriam
1531 2606 1606 2657 iidem
1629 2607 1742 2658 homines
1761 2611 1787 2659 et
1806 2611 1866 2671 Tyr·

1088 2698 1159 2748 rheni
1171 2700 1197 2750 et
1208 2697 1303 2762 Pelasgi
1316 2699 1475 2750 vocabantur.
1518 2702 1629 2757 Quarum
1639 2713 1723 2750 rerum
1735 2714 1780 2764 ego
1796 2715 1866 2751 men-

1088 2788 1180 2839 tionem
1196 2790 1258 2850 teei,
1279 2804 1310 2840 ne
1333 2791 1388 2854 quis
1407 2791 1519 2851 miretur,
1540 2805 1598 2841 cum
1621 2790 1730 2854 apoetis
1747 2795 1791 2841 aut
1814 2792 1867 2842 iris-

1089 2880 1172 2930 toricis
1189 2895 1231 2931 eos
1249 2885 1275 2931 et
1294 2882 1409 2945 Pelasgos
1426 2885 1452 2932 et
1469 2881 1610 2945 Tyrrhenos
1633 2883 1750 2947 appellari
1771 2883 1865 2934 audiat.

1088 2975 1212 3038 quomodo
1224 2975 1275 3025 lieri
1290 2975 1368 3039 possit
1377 2978 1405 3025 ut
1418 2975 1493 3025 iidem
1510 2974 1621 3026 homines
1630 2979 1764 3038 utrumque
1778 2989 1866 3025 nomon

1089 3066 1228 3117 habuerint.
1275 3070 1337 3117 llam
1358 3073 1384 3118 et
1403 3044 1561 3131 Thucydides
1573 3068 1599 3117 in
1613 3071 1681 3119 ictae
1693 3067 1804 3117 Thraciae
1822 3067 1868 3117 de·
1915 3128 1918 3131 ¹

1088 3162 1220 3226 scriptione
1232 3167 1310 3226 alque
1323 3163 1421 3213 urbium
1436 3165 1499 3214 inea
1511 3164 1663 3228 paniarum,
1675 3177 1738 3226 quas
1754 3162 1866 3213 homines

1088 3258 1208 3322 bilingues
1229 3259 1355 3321 incolunt,
1380 3261 1412 3311 de
1442 3261 1564 3322 pelasgica
1584 3263 1656 3324 genta
1678 3260 1713 3309 ita
1735 3259 1865 3322 loquitur:

1090 3374 1102 3397 ι
1120 3356 1183 3405 Sunt
1200 3355 1235 3405 ibi
1248 3360 1274 3405 et
1291 3356 1401 3406 nonnulii
1412 3355 1586 3406 Chalcidenses
1604 3375 1611 3404 :
1629 3355 1673 3405 sed
1689 3353 1793 3404 inaximo
1807 3368 1865 3418 pars

1091 3466 1104 3492 a
1118 3453 1157 3498 est
1178 3462 1236 3512 gens
1254 3450 1396 3513 pelasgica,
1419 3463 1450 3498 cx
1474 3448 1522 3499 illis
1539 3448 1674 3511 Tyrrhenis
1691 3447 1733 3510 qui
1755 3452 1782 3497 et
1798 3449 1868 3497 beur-

1090 3555 1103 3581 ι
1118 3550 1177 3587 num
1186 3542 1212 3587 et
1223 3538 1332 3587 atirenas
1345 3536 1404 3586 oiim
1417 3536 1580 3587 incoluerunt.
1595 3555 1607 3578 ν
1623 3538 1656 3585 Et
1664 3534 1796 3599 Sophocles
1807 3548 1866 3598 quo

1089 3637 1137 3687 que
1161 3623 1186 3673 in
1203 3622 1287 3673 tabula
1312 3623 1403 3673 inacho
1418 3621 1521 3673 eborum
1544 3623 1589 3672 tros
1602 3626 1741 3685 anapaestos
1755 3623 1865 3672 raclian-

1088 3723 1139 3769 iem
1150 3718 1245 3769 inducit
1258 3738 1265 3769 τ

1142 3849 1230 3893 illectae
1239 3863 1329 3906 semper
1335 3851 1423 3905 sistens,
1432 3848 1472 3905 flii
1478 3849 1582 3903 sentirem

1141 3921 1254 3973 pellitur-tr
1274 3922 1373 3976 Oceani,
1386 3921 1429 3979 qni
1440 3934 1528 3977 mapale
1540 3934 1593 3965 cerm
1602 3920 1688 3964 terrore
1696 3932 1768 3975 prees

1144 3992 1173 4035 Et
1184 3994 1284 4048 Arpinis
1293 3993 1360 4050 apris
1369 3997 1392 4037 at
1399 3993 1501 4037 Ιιιιιοιιῖε
1513 3991 1621 4044 coliibeas,

1104 4104 1107 4113 ,
1143 4064 1174 4108 Et
1187 4064 1314 4121 Terrestris
1324 4063 1438 4119 Pelnapt't.

1088 4231 1132 4281 llio
1147 4231 1222 4295 igilur
1237 4236 1348 4293 tempore
1359 4229 1504 4292 Tyrrhenia
1517 4240 1606 4279 nomen
1621 4241 1664 4292 pcr
1676 4226 1796 4277 Graeciam
1809 4232 1864 4278 erat

1088 4331 1200 4390 celebre,
1215 4332 1241 4381 et
1259 4332 1312 4385 tuta
1325 4330 1403 4380 ltalia
1416 4343 1487 4395 pars,
1508 4342 1566 4392 quea
1583 4327 1737 4379 occidentem
1751 4330 1869 4391 spectat,

1088 4425 1177 4478 ceteris
1188 4424 1318 4488 gentdiciis
1333 4424 1475 4475 nominibus
1493 4423 1625 4488 depositis,
1644 4423 1707 4473 lianc
1727 4422 1867 4486 appellatio·
1918 4466 1922 4473 .

1087 4541 1144 4577 ueni
1153 4526 1256 4591 accepit,
1267 4527 1362 4576 sicutet
1370 4525 1423 4575 aliis
1438 4524 1523 4575 multis
1535 4523 1639 4576 Gracia
1646 4524 1786 4587 regionibus
1802 4522 1866 4573 acci-

1088 4630 1133 4689 dit,
1147 4633 1172 4679 et
1189 4628 1224 4679 illi
1240 4641 1340 4693 quoque
1350 4641 1407 4691 quaa
1422 4641 1487 4677 nunc
1497 4627 1680 4690 Peloponnesus
1691 4630 1804 4677 vocatur.
1829 4626 1867 4676 ib
1890 4662 1893 4668 τ

1087 4744 1136 4780 una
1154 4730 1219 4780 enim
1241 4729 1377 4779 incolarum
1394 4728 1518 4792 gentium,
1546 4729 1652 4779 Achaica
1678 4727 1787 4787 scilicet,
1813 4728 1868 4777 tota

1086 4832 1234 4897 paeninsula,
1256 4832 1281 4882 in
1294 4846 1344 4895 qua
1356 4834 1382 4882 et
1395 4832 1512 4883 Arcadica
1527 4835 1552 4882 et
1564 4832 1647 4881 ionica
1664 4834 1690 4880 et
1707 4831 1792 4880 inultas
1810 4827 1866 4879 alia

1086 4936 1170 4995 gentes
1184 4933 1309 4994 habitant,
1323 4933 1414 4984 Achaia
1426 4933 1574 4984 riominstur.

1117 5036 1204 5084 iiliVi.
1219 5037 1327 5099 Tempus
1333 5039 1426 5096 autem,
1435 5050 1484 5099 quo
1493 5048 1552 5099 gens
1564 5034 1666 5095 Pelasga
1677 5032 1762 5083 rexari
1776 5031 1863 5097 caepit,

1086 5118 1132 5169 tuit
1144 5120 1242 5170 duabus
1254 5122 1306 5171 tere
1317 5122 1432 5172 aetatibus
1449 5124 1506 5172 ante
1520 5120 1613 5172 bellam
1625 5120 1767 5171 animum.
1782 5122 1864 5170 Dura·

1084 5207 1128 5259 bat
1142 5219 1201 5259 νειο
1216 5208 1271 5260 haec
1290 5209 1389 5260 vexatio
1404 5210 1478 5262 etiarn
1502 5212 1559 5274 post
1577 5207 1636 5260 belli
1655 5208 1753 5260 Troiani
1772 5209 1864 5271 anun,
