4048 5924
632 401 927 478 ANTIQUITATUM
950 399 1100 499 notiori.
1125 398 1199 460 LlB.
1222 400 1302 460 Vlll.

142 570 156 597 α
176 564 252 601 σαντι
275 541 304 599 τὸ
319 539 445 604 πεπονθὸς
460 540 557 602 κακῶς.
598 534 667 597 Ὅτι
691 534 717 592 δὲ
740 536 769 592 οὐ
790 532 857 609 μετὰ
874 535 919 591 λο-

145 658 158 685 a
174 634 271 711 γισμοῦ
287 626 419 708 σώφρονος
438 625 584 700 ἐξετάζεις,
601 622 643 691 οὓς
664 622 810 698 ἀμύνεσθαί
831 620 920 678 τεκαὶ

145 746 157 774 a
174 712 348 800 τιμωρεῖσθαί
359 738 400 774 σοι
411 713 551 795 προσήκει,
563 709 622 772 οὐδέ
634 711 781 791 μετριάζεις
797 708 858 787 περὶ
874 707 922 778 τήν

144 807 317 885 «ἀνάπραξιν
336 807 383 875 τῆς
403 803 487 875 δίκης,
510 800 612 858 aliis
633 802 670 875 τῷ
684 798 755 876 αὐτῷ
773 800 874 853 τίθεσαι
889 797 926 885 rei

105 924 117 958 ς
143 923 156 950 ε
172 919 200 955 τε
216 893 321 953 ἀναίτια
335 902 388 956 τοῖς
403 889 494 957 αἰτίοις
511 887 556 947 καὶ
572 887 606 948 τά
620 888 695 963 φίλια
709 893 763 952 τοῖς
777 885 924 961 πολεμίοις,

146 978 271 1056 «νόμους
292 1002 320 1037 τε
338 977 417 1042 κινεῖς
440 976 542 1057 φύσεως
567 974 724 1046 ἀκινήτους,
742 974 788 1034 καί
810 973 845 1034 τά
859 974 924 1055 πρὸς

147 1095 160 1121 «
178 1067 237 1135 τοὺς
252 1066 325 1135 θεοὺς
342 1064 529 1146 συνταράττεις
544 1060 619 1133 ὅσια,
636 1064 681 1122 καὶ
696 1062 754 1122 οὐδὲ
770 1065 880 1123 σεαυτδν
896 1061 923 1133 ἐξ

148 1182 161 1208 a
179 1146 216 1215 ὧν
230 1179 259 1214 τε
275 1155 321 1213 καί
342 1153 412 1221 ὅστις
437 1151 500 1235 έφυς
522 1149 561 1211 ἔτι
577 1149 723 1228 μέμνησαι,
739 1155 815 1211 τοῦτο
829 1156 925 1211 τεθαυ-

148 1243 313 1321 «μάκαμεν.
368 1240 490 1319 Ἧκσμίν
522 1263 552 1299 τε
578 1238 771 1307 ἀποσταλέντες
799 1240 848 1299 ὑπὸ
878 1247 924 1300 τοῦ

65 1400 69 1407 ,
90 1356 116 1397 re
148 1359 161 1385 «ι
178 1337 264 1392 κοινοῦ
275 1331 399 1413 πρίσόεις
410 1333 434 1390 of
444 1329 604 1412 προύχοντες
613 1329 704 1409 ἡλικία
714 1332 766 1388 τῶν
777 1332 924 1409 πατρικίων

148 1448 161 1474 υ
178 1421 227 1483 καὶ
247 1422 307 1498 περί
327 1444 357 1480 σε
381 1418 593 1498 προθυμότατοι,
618 1418 784 1496 μεμιγμένην
803 1418 924 1498 φέροντες

148 1511 357 1585 «δικαιολογίαν
380 1510 557 1590 παραιτήσει,
580 1506 626 1567 καί
648 1510 688 1588 ἐφ’
702 1498 739 1573 οἷς
754 1507 875 1586 ἀξιοῦμέν
895 1534 925 1570 σε

148 1624 160 1651 ιι
179 1600 350 1668 διαλύσασθαι
360 1597 407 1670 τὴν
416 1598 511 1679 ἔχθραν
521 1597 585 1677 πρὸς
595 1597 638 1657 τὀν
649 1598 732 1675 δῆμον
744 1599 925 1675 ἀπαγγελοῦν-

149 1710 161 1736 u
179 1708 229 1752 τες·
244 1686 309 1767 πρὸς
332 1684 359 1745 δὲ
374 1684 489 1757 τούτοις,
513 1683 531 1741 ἀ
557 1683 697 1762 νομίζομεν
714 1672 781 1743 εἶναι
794 1683 924 1743 κάλλιστα

90 1795 115 1834 ιε
149 1800 162 1826 a
180 1775 225 1834 καὶ
240 1772 435 1856 συμφορώτατά
450 1795 508 1846 σοι,
525 1778 610 1831 ταῦτα
624 1772 837 1851 παραινέσοντες.

187 1865 292 1923 xxiv.
318 1890 330 1915 a
349 1860 466 1942 Ἀρχίεω
486 1858 543 1920 δέδ
565 1859 627 1941 περί
648 1863 700 1918 τῶν
717 1859 825 1919 δικαίων
841 1859 925 1937 λόγος.

148 1950 300 2024 «Συνέστη
330 1950 359 2010 rb
389 1949 530 2026 δημοτικὸν
555 1950 598 2006 ἐπί
628 1971 670 2009 σοι
694 1946 852 2027 παροξυνθὲν
876 1948 927 2006 ὑπὸ

147 2064 161 2091 υ
178 2041 231 2097 τῶν
256 2040 418 2119 δημάρχων,
449 2037 494 2096 καί
524 2025 586 2107 ἧκον
609 2038 644 2105 ὡς
669 2035 871 2104 ἀποκτενοῦντές
896 2061 925 2096 σε

149 2153 162 2181 «ι
180 2127 286 2207 ἀκριτον
301 2119 338 2194 οἷς
361 2126 469 2210 φούερδς
488 2118 570 2199 ἦσθα.
620 2129 704 2186 Τοῦτο
718 2126 749 2186 rb
768 2125 843 2206 ἔργον
861 2129 927 2187 ἐκω-

91 2232 118 2271 20
150 2242 163 2269 u
180 2216 298 2295 λύσαμεν
312 2220 388 2294 ἡμεῖς
403 2219 426 2275 ol
439 2219 469 2276 έκ
482 2222 527 2275 τοῦ
541 2215 689 2293 συνεδρίου,
700 2211 746 2272 καλ
756 2212 926 2295 παρέσχομέν

150 2331 162 2356 u
181 2327 221 2364 σοι
245 2305 327 2382 μηδὲν
350 2303 364 2363 δ
384 2307 423 2380 μὴ
444 2303 544 2363 δίκαιον
572 2296 604 2376 ἦν
622 2302 681 2363 τότε
700 2307 802 2364 παθεῖν.
845 2304 926 2366 Mer&

149 2418 162 2445 ν
178 2398 254 2453 τοῦτο
276 2391 474 2473 προύκαλοῦντό
490 2415 519 2451 σε
535 2394 558 2450 οῖ
584 2391 744 2460 κωλυθέντες
768 2393 868 2451 ἀνελεῖν
882 2394 924 2452 ἐπὶ

148 2506 161 2533 υ
185 2481 277 2556 δίκην,
293 2480 476 2557 αἰτιασάμενοι
486 2482 616 2560 πονηροὺς
628 2482 688 2538 κατ’
700 2482 785 2539 αὐτῶν
801 2485 884 2541 εἰπεῖν
898 2484 925 2541 ἐν

149 2595 163 2621 α
182 2575 216 2647 τῇ
241 2574 322 2650 βουλῇ
338 2570 437 2647 λόγους.
458 2567 622 2645 Ἐνέστημεν
638 2569 684 2626 καί
698 2569 764 2650 πρὸς
777 2574 869 2642 τοῦτο,
889 2572 925 2637 ὡς

87 2680 117 2719 ευ
151 2682 164 2709 u
182 2648 272 2730 οἶσθα,
287 2657 332 2716 καὶ
348 2660 394 2716 οὐκ
406 2657 588 2737 ἐπετρέψαμεν
605 2655 664 2716 υύτε
680 2656 787 2738 γνώμης
803 2658 863 2717 οὔτε
874 2659 923 2719 λό-

150 2771 164 2798 o
183 2769 237 2824 γων
260 2747 385 2825 ὑποσχεῖν
401 2768 431 2804 σε
450 2746 534 2812 δίκας.
553 2745 740 2826 Ἀποτυχόντες
758 2746 804 2805 καί
831 2750 924 2809 τούτου

148 2857 162 2885 α
181 2836 354 2902 τελευτῶντες
370 2826 434 2907 ἧκον
453 2837 494 2916 ἐφ’
514 2840 585 2911 ἡμᾶς
601 2834 754 2913 αἰτιώμενοί
766 2859 795 2894 σε
812 2835 855 2896 έπλ
880 2862 925 2897 τυ-

148 2947 161 2974 u
181 2923 293 3003 ραννίδι.
326 2924 436 2996 Ταύτην
452 2922 529 2990 αὐτὸς
543 2922 686 3000 ὑπέμεινας
709 2925 926 3005 ἀπολογήσασθαι

149 3036 162 3065 ε
182 3010 232 3084 τὴν
248 3014 354 3086 αἰτίαν,
371 3010 463 3084 ἐπειδὴ
486 3012 614 3088 πάμπολυ
631 3017 739 3093 ἀπεῖχες
761 3017 855 3090 αὐτῆς,
880 3017 925 3075 καί

150 3124 163 3151 υ
180 3100 313 3182 παρέσχες
336 3106 390 3169 τοῖς
405 3102 554 3179 δημοτικοῖς
577 3102 639 3180 περὶ
650 3109 761 3162 σεαυτοῦ
776 3103 825 3177 τήν
839 3107 926 3187 ψῆφον

150 3214 163 3241 u
181 3190 336 3252 ἀναλαθεῖν.
396 3189 432 3251 Ἡ
455 3188 537 3270 βουλὴ
558 3189 587 3248 δὲ
612 3189 657 3250 καί
683 3191 742 3250 τότε
768 3199 856 3273 περῆν
880 3194 926 3253 καὶ

149 3302 163 3330 ιι
179 3278 278 3346 πολλάς
306 3279 419 3339 ἐποιεῖτο
448 3278 548 3351 δεήσεις
578 3278 644 3359 ὑπὲρ
668 3286 726 3342 σοῦ.
780 3280 857 3348 Τίνος
881 3273 926 3341 obe

149 3390 162 3417 u
179 3368 255 3442 ἡμεῖς
272 3368 296 3425 oi
316 3367 451 3448 πατρίκιοι
467 3370 520 3427 τῶν
544 3365 755 3444 συμόεόηκότων
772 3391 813 3428 σοι
835 3373 925 3429 κακῶν

150 3479 162 3506 u
179 3454 324 3533 γεγόναμεν
340 3455 435 3529 αἴτιοι,
452 3458 499 3516 καί
516 3456 559 3516 διά
573 3455 600 3516 τί
613 3456 738 3532 πολεμεῖς
756 3462 821 3533 ἡμῖν
835 3459 927 3519 τοσαύ·

151 3568 164 3593 υ
183 3566 232 3613 την
250 3543 352 3604 εὔνοιαν
367 3546 581 3623 ἀποδειξαμένοις
596 3544 658 3625 περί
670 3568 699 3603 σε
718 3545 788 3603 κατδ
804 3546 848 3605 τδν
865 3548 925 3607 τότε

151 3657 164 3681 o
183 3632 290 3710 ἀγῶνα,
306 3632 372 3693 ἀλλά
389 3634 442 3711 μὴν
458 3633 516 3693 οὐδὲ
537 3636 567 3693 τδ
589 3631 730 3709 δημοτικὸν
746 3631 818 3692 ἅπαν
835 3635 927 3703 έξελα·

151 3747 164 3772 υ
183 3720 259 3793 θῆναί
267 3744 296 3780 σε
307 3722 463 3800 βουλόμενον
471 3720 579 3803 εὑρέθη·
592 3721 651 3782 δυσί
663 3726 724 3798 γοῦν
737 3722 833 3805 ψήφοις
843 3723 926 3793 ἑάλως

152 3838 164 3860 υ
187 3809 356 3888 μόναις,όεστε
366 3811 425 3870 olii
435 3811 534 3878 τούτοις
546 3810 578 3869 δν
593 3810 647 3881 εἴης
660 3812 706 3869 σὺν
718 3810 778 3890 δίκη
791 3813 927 3893 πολέμιος,

152 3926 164 3951 u
181 3895 209 3958 ef
219 3922 247 3958 σε
269 3905 304 3966 ὡς
325 3899 398 3958 οὐδέν
423 3901 564 3959 ἀδικοῦντα
582 3899 727 3961 ἀπέλυσαν.
770 3902 873 3977 Τίθημι
887 3901 925 3973 δέ,

152 4013 165 4040 u
183 3988 206 4045 εί
222 3987 323 4065 βούλει,
346 3998 413 4049 πᾶσι
429 3988 476 4065 μέν
493 3997 546 4055 τοῖς
567 3989 696 4062 δημόταις
713 3988 804 4062 δόξαν,
826 3992 875 4071 όλη
900 3990 927 4049 δὲ

153 4104 165 4128 ιι
184 4100 217 4155 τη
231 4080 313 4156 βουλῇ
328 4077 407 4158 φανὲν
422 4077 505 4156 ταύτῃ
517 4076 671 4158 χρήσασθαί
688 4101 717 4136 σε
736 4083 769 4159 τῇ
788 4090 927 4162 συμφορᾷ,

153 4192 165 4218 u
184 4165 231 4224 καί
246 4166 347 4224 δίκαιον
363 4157 430 4225 εἶναί
445 4189 492 4225 σου
506 4165 536 4225 rb
549 4167 614 4246 πρὸς
626 4165 746 4235 ἅπαντας
759 4172 831 4244 ἡμᾶς
843 4178 927 4247 μῖσος.

153 4280 166 4306 ιι
190 4254 249 4312 ἀλλ’
268 4255 296 4311 αί
311 4253 432 4330 γυναῖκές
453 4277 497 4329 σε,
517 4243 539 4312 rb
563 4254 686 4336 Μάρκιε,
711 4254 737 4313 τί
761 4255 844 4315 δεινὸν
871 4260 928 4338 εἶρ-

152 4370 165 4397 α
183 4342 316 4422 γάσαντο,
332 4344 388 4403 ἀνθ’
411 4342 471 4402 ὅτου
493 4346 617 4420 πολεμεῖς
640 4345 748 4416 αύταῖς;
771 4346 849 4406 ποίαν
868 4348 929 4405 tre-

152 4457 166 4485 ε
182 4430 311 4510 νίγκασοιι
333 4434 395 4512 περλ
422 4437 505 4515 φυγῆς
530 4437 632 4515 ψῆφον,
663 4433 681 4506 δ,
708 4433 781 4502 τίνας
809 4438 929 4495 εἰποῦσαι

153 4548 166 4574 α
184 4519 254 4580 κατά
272 4526 319 4580 σοῦ
334 4521 464 4604 πονηρούς
483 4522 590 4601 λόγους;
607 4523 633 4581 τί
649 4522 676 4582 δέ
692 4527 716 4583 οἱ
739 4524 831 4593 παῖδες
853 4527 930 4603 ἡμῶν

153 4637 166 4663 a
186 4610 331 4689 δράσαντες
351 4610 371 4684 ἢ
392 4611 570 4685 διανοηθέντες
590 4613 756 4692 ιἰδικεῖνπερλ
771 4619 818 4673 σοῦ
839 4617 931 4673 κινδυ-

154 4726 167 4751 «
185 4698 302 4758 νεύουσιν
319 4699 384 4780 ὑπὲρ
413 4702 600 4782 αἰχμαλωσίας
628 4701 674 4761 καὶ
701 4706 753 4773 τῶν
780 4703 886 4780 ἀλλων,
914 4703 931 4762 ἀ

154 4814 168 4841 α
187 4792 280 4847 παθεῖν
290 4789 383 4857 αὐτοὺς
396 4793 477 4864 εἰκὸς,
487 4791 532 4851 ίάν
547 4792 650 4863 ἡπόλις
661 4790 719 4872 ἁλῷ
728 4786 824 4861 ;οθτά
841 4790 931 4851 δίκαια

155 4904 168 4931 υ
188 4878 307 4961 διαιτᾷς,
326 4869 349 4939 ὦ
362 4878 466 4961 Μάρκιε
476 4927 485 4955 ‚
497 4880 542 4939 καὶ
555 4882 577 4939 εἰ
591 4883 683 4938 τοῦτον
697 4878 746 4939 οίει
760 4883 812 4939 δεῖν
822 4878 932 4960 τδντρό-

153 4993 167 5020 α
185 4989 235 5025 πον
249 4974 283 5027 τά
299 4967 410 5030 ύπαίτια
425 4970 471 5029 καὶ
485 4969 566 5050 ίχθρδ
591 4967 696 5045 μισεῖν,
709 4965 777 5026 ὥστε
792 4967 860 5046 μηδὲ
879 4973 931 5028 τῶν

153 5084 167 5111 a
187 5056 313 5116 ἀναιτίων
328 5058 463 5137 φείδεσθαι
479 5057 525 5117 καί
540 5054 649 5139 φιλίων,
669 5056 717 5116 υῦκ
733 5054 784 5136 ἀρα
801 5056 832 5116 τδι
849 5082 932 5139 προσ-

153 5172 167 5200 e
184 5144 284 5218 ήκοντα
316 5147 391 5227 ἀνδρί
422 5147 513 5226 ἀγαθῷ
544 5151 655 5228 φρονεῖς.
706 5139 766 5205 Ἵνα
792 5143 820 5205 δδ
844 5145 931 5205 πάντα

156 5261 169 5289 ε
187 5234 265 5295 ταῦτ’
280 5236 349 5317 ἀφῶ,
363 5237 391 5295 τί
402 5232 434 5293 διν
446 5233 517 5314 ἔχοις
531 5236 631 5313 εἰπεῖν,
645 5221 668 5293 όν
682 5234 747 5315 πρδς
761 5232 839 5309 Διὸς,
856 5234 881 5294 εἴ
893 5257 932 5302 τις

1697 406 1756 467 roa

978 558 991 583 a
1003 552 1078 602 equo
1089 551 1144 588 eam
1163 538 1265 603 aceepit.
1282 541 1375 589 Verum
1390 538 1453 589 illud
1473 540 1602 601 miramur,
1620 542 1689 606 quod
1709 557 1758 593 non

977 647 989 670 «
1006 629 1075 676 recta
1087 626 1182 677 ratione
1200 641 1246 677 nec
1257 626 1394 692 prudenter
1408 627 1535 692 inquiras,
1549 643 1613 694 quos
1631 630 1718 682 ulcisci
1733 636 1758 683 et

978 734 990 758 ε
1005 728 1069 779 quos
1084 715 1211 765 vindicare
1226 716 1273 767 tibi
1292 717 1438 777 conveniat,
1452 731 1499 767 uec
1510 716 1613 768 modum
1633 720 1713 770 ullum
1732 722 1758 771 iu

979 822 992 847 ι
1010 803 1138 868 exigendis
1156 804 1237 869 pesnis
1256 818 1340 855 serves
1359 805 1424 856 :sed
1441 806 1529 856 eodem
1555 807 1630 856 modo
1649 808 1759 860 insontes

979 910 992 935 α
1005 905 1057 958 quo
1071 896 1168 951 sontes,
1182 896 1209 943 et
1225 894 1318 943 amicos
1340 908 1391 958 quo
1411 893 1525 944 inimicos
1546 898 1652 957 tractes,
1672 897 1759 948 immo-

979 998 992 1024 ι
1006 979 1120 1044 bilesque
1132 984 1229 1031 neturae
1241 980 1306 1045 leges
1317 981 1411 1041 violes,
1428 985 1455 1031 et
1466 981 1522 1032 iura
1549 982 1636 1033 divino
1654 984 1758 1036 consuu-

979 1084 992 1111 ι
1006 1066 1069 1128 das,
1087 1070 1163 1133 alque
1184 1083 1215 1119 ne
1245 1067 1383 1118 recorderis
1407 1068 1511 1133 quidem
1533 1069 1684 1134 quibusnam
1708 1073 1760 1137 ipse

979 1175 991 1200 ι
1005 1158 1089 1216 ortus,
1104 1159 1130 1207 et
1144 1157 1260 1220 quisnam
1272 1156 1314 1207 sis.
1328 1160 1361 1206 Et
1371 1171 1417 1208 nos
1426 1173 1441 1208 e
1451 1159 1564 1222 patriciis
1576 1164 1637 1211 natu
1649 1163 1758 1221 maximi,

981 1264 994 1289 ε
1009 1245 1098 1309 tuique
1117 1244 1308 1305 studiosissimi,
1329 1244 1403 1310 legati
1416 1259 1432 1295 a
1444 1248 1573 1311 republica
1584 1250 1715 1312 venimus,
1731 1253 1761 1300 ut

980 1331 1176 1384 «defensionem
1204 1346 1262 1383 eum
1286 1332 1459 1397 deprecatione
1478 1336 1583 1386 mixtam
1609 1336 1759 1399 afferemus,

981 1440 993 1464 ι
1008 1424 1038 1470 ut
1050 1421 1194 1471 nuntiemus
1204 1421 1367 1482 conditiones,
1383 1423 1477 1488 quibus
1494 1426 1650 1488 postulemus
1662 1431 1691 1477 ut
1703 1441 1759 1479 cum

980 1528 992 1551 a
1010 1508 1081 1573 plebe
1098 1509 1241 1573 ingratiam
1261 1510 1359 1570 redeas,
1371 1514 1397 1562 et
1414 1515 1536 1577 praterea
1551 1515 1580 1563 ut
1591 1514 1622 1564 iis
1638 1515 1670 1565 de
1686 1517 1761 1568 rebus

980 1614 994 1639 ι
1010 1598 1036 1644 te
1056 1594 1249 1656 admoneamus,
1265 1610 1329 1659 quas
1352 1601 1378 1647 et
1396 1598 1577 1662 pulcherrimas
1596 1614 1650 1651 esse
1665 1601 1761 1668 tibique

981 1703 994 1727 ι
1008 1684 1116 1737 maxime
1130 1684 1268 1736 conducere
1279 1689 1406 1751 putamus.

1012 1878 1099 1926 lllilv.
1119 1896 1131 1920 ι
1145 1879 1180 1926 luc
1189 1878 1299 1941 primum
1315 1877 1419 1942 quidem
1432 1878 1464 1929 de
1474 1878 1529 1930 iure
1541 1880 1617 1931 verba
1630 1879 1759 1933 faciamus.

983 1984 995 2018 ι
1011 1967 1166 2032 Conspiravil
1177 1969 1204 2020 in
1217 1974 1243 2022 te
1254 1970 1324 2035 plebs
1342 1985 1357 2021 e
1368 1971 1475 2022 tribunis
1486 1971 1625 2035 concitata,
1638 1977 1712 2037 teque
1723 1976 1762 2024 in-

983 2078 995 2108 «
1009 2061 1155 2113 demnatum
1171 2063 1284 2116 occidere
1296 2065 1379 2115 conati
1391 2068 1459 2125 snut,
1472 2066 1566 2130 quihus
1575 2081 1631 2117 eros
1643 2067 1763 2119 formido-

983 2175 995 2199 «
1010 2154 1076 2205 bilis.
1133 2158 1186 2206 Hoc
1207 2170 1239 2207 ne
1261 2158 1346 2218 lieret,
1373 2173 1419 2209 nos
1440 2162 1569 2210 senatores
1588 2162 1762 2225 prohibuimus

983 2266 995 2289 «
1011 2245 1207 2313 effecimusque,
1235 2263 1266 2300 ne
1289 2250 1353 2314 quid
1375 2252 1520 2302 contraius
1545 2257 1605 2304 tuuc
1632 2258 1760 2319 potereris.

983 2358 995 2382 o
1009 2342 1100 2390 Postea
1115 2341 1139 2391 ei
1152 2342 1197 2405 qui
1209 2344 1236 2391 te
1248 2342 1386 2394 interlicere
1399 2343 1520 2408 prohibiti
1540 2349 1614 2406 sunt,
1627 2348 1763 2400 criminan-

983 2452 996 2476 ν
1011 2435 1050 2483 tes
1070 2437 1096 2484 te
1113 2433 1139 2484 iu
1157 2437 1245 2485 senatu
1269 2434 1316 2486 sibi
1335 2432 1507 2494 maledixisse,
1527 2436 1594 2488 diem
1623 2440 1669 2490 tibi
1690 2441 1761 2494 dixe-

983 2544 997 2569 «
1013 2529 1080 2577 runt.
1114 2526 1161 2577 ilic
1181 2541 1298 2592 quoque,
1313 2531 1342 2577 ut
1362 2527 1424 2586 sois,
1443 2528 1596 2588 restitimus,
1617 2544 1662 2581 uec
1683 2537 1708 2583 te
1722 2533 1761 2584 vel

983 2636 996 2660 ε
1011 2617 1141 2668 sententiaa
1150 2617 1275 2669 dictaret
1289 2618 1408 2669 orationis
1419 2619 1514 2671 habite
1523 2634 1609 2685 poenes
1619 2622 1764 2688 luerepossi

983 2731 996 2758 ι
1009 2728 1106 2765 sumus.
1141 2716 1204 2766 cum
1218 2715 1267 2765 hoc
1277 2730 1378 2780 quoque
1398 2714 1512 2767 frustrati
1528 2698 1649 2779 fuissent,
1663 2718 1763 2772 tandem

983 2825 996 2850 ι
1010 2820 1055 2857 nos
1069 2805 1193 2868 adierunt,
1206 2807 1344 2871 tyrannidis
1359 2806 1484 2860 affectate
1498 2809 1592 2860 crimen
1607 2811 1761 2875 objicientes.

983 2918 996 2943 ι
1012 2899 1051 2949 hd
1078 2900 1127 2950 hoe
1155 2899 1249 2950 crimen
1275 2898 1437 2950 refellendum
1462 2902 1516 2965 ipse
1539 2903 1688 2966 respondere
1715 2920 1764 2957 non

983 2990 1147 3050 «dubitasti,
1162 2991 1231 3056 quod
1246 2992 1278 3042 ab
1294 3005 1323 3042 ea
1339 2993 1412 3057 culpa
1423 2992 1562 3058 plurimum
1575 2994 1676 3057 aberas,
1693 3001 1719 3048 et
1739 3003 1764 3049 te

984 3080 1093 3146 «plebis
1108 3081 1202 3132 iudicio
1226 3081 1369 3146 permisisti.
1400 3087 1433 3133 hl
1454 3087 1515 3134 tunc
1539 3097 1640 3149 quoque
1662 3089 1763 3139 senatus

983 3193 995 3216 a
1011 3173 1106 3235 adluit,
1126 3178 1152 3225 et
1168 3178 1212 3226 tua
1225 3190 1313 3226 caussa
1329 3174 1423 3225 multas
1437 3189 1523 3240 preces
1537 3166 1660 3228 adhibuit.
1673 3179 1764 3229 (iuius-

982 3285 995 3310 ιι
1012 3281 1071 3317 nam
1092 3267 1169 3332 igitur
1187 3268 1265 3331 mali,
1284 3267 1360 3333 quod¹
1375 3267 1421 3318 tibi
1448 3269 1579 3332 acciderit,
1607 3273 1759 3333 nospetricii

983 3374 995 3399 s
1013 3361 1130 3407 auctores
1147 3356 1263 3408 fuimus?
1274 3362 1300 3409 et
1317 3371 1362 3408 eur
1374 3371 1420 3407 nos
1435 3357 1501 3408 bello
1516 3360 1594 3423 petis,
1608 3361 1763 3425 qni-tantam

982 3469 995 3494 «
1010 3463 1068 3512 erga
1082 3454 1106 3500 te
1123 3450 1321 3501 benevolentiam
1332 3451 1358 3501 in
1377 3454 1420 3502 tua
1433 3465 1521 3500 caussa
1532 3453 1692 3519 periculoque
1704 3457 1764 3506 tunc

983 3560 996 3586 α
1011 3542 1260 3593 demonstravimus?
1278 3543 1329 3594 imo
1349 3558 1380 3594 ne
1401 3542 1499 3607 plebem
1513 3544 1615 3608 quidem
1637 3549 1717 3596 totam
1733 3563 1763 3599 ne

987 3633 1137 3697 «expellere
1148 3633 1258 3685 voluisse
1274 3635 1335 3685 sotis
1351 3638 1458 3685 constat.
1470 3636 1575 3687 Duobus
1586 3638 1650 3687 enim
1666 3641 1763 3690 tantum

983 3745 996 3770 ι
1014 3722 1140 3790 suffragiis
1159 3725 1292 3776 damnatus
1308 3726 1386 3777 fuisti.
1406 3730 1490 3785 Quare
1502 3741 1533 3777 ue
1546 3728 1587 3778 his
1595 3729 1698 3793 quidem
1710 3731 1764 3782 iure

984 3816 1089 3868 «hostis
1104 3829 1160 3869 esse
1179 3818 1263 3883 potes,
1286 3818 1331 3883 qui
1350 3820 1374 3868 te
1393 3822 1422 3870 ut
1446 3820 1568 3871 insontem
1590 3818 1761 3872 absolverunt.

984 3931 996 3956 ι
1009 3910 1058 3962 Sed
1081 3909 1203 3961 faciamus
1213 3909 1253 3971 ,si
1271 3910 1339 3968 libet,
1360 3914 1386 3960 te
1399 3911 1478 3961 totius
1489 3911 1570 3976 plebis
1581 3915 1607 3961 et
1625 3911 1704 3963 totius
1722 3926 1762 3964 se·

984 4003 1087 4050 «notus
1110 3999 1236 4050 communi
1258 4000 1380 4050 sententia
1400 4000 1427 4050 iu
1445 4000 1493 4050 hoc
1510 3999 1675 4051 infortunium
1698 4003 1762 4054 inci-

984 4088 1092 4148 adisse,
1111 4092 1137 4139 et
1157 4092 1230 4139 tuum
1249 4088 1275 4137 in
1292 4102 1337 4138 nos
1358 4102 1444 4138 ornnes
1468 4086 1554 4138 odium
1574 4088 1670 4139 iustum
1692 4104 1762 4154 esse;

984 4195 997 4220 ι
1010 4176 1071 4241 quid
1092 4176 1273 4228 taruendamni
1294 4176 1424 4235 muheres,
1444 4176 1535 4237 Marci,
1558 4176 1605 4227 tibi
1628 4178 1761 4243 dederuut,

984 4285 996 4309 ν
1012 4269 1041 4316 ut
1059 4264 1152 4316 bellum
1173 4264 1223 4314 rllis
1239 4262 1363 4315 inferres?
1384 4264 1452 4328 quod
1473 4263 1621 4330 suffragium
1641 4266 1763 4318 adversus

985 4355 1178 4417 «tetulerunt,
1197 4358 1226 4405 ut
1247 4355 1398 4406 inexsilium
1417 4356 1562 4420 pellererisi
1578 4372 1654 4422 quam
1672 4360 1763 4408 maiam

985 4466 997 4489 a
1012 4443 1153 4494 mucionem
1168 4442 1291 4494 adversus
1303 4446 1327 4493 te
1339 4444 1481 4494 habuerunt
1493 4446 1504 4494 l
1517 4446 1586 4510 quod
1599 4460 1658 4495 vero
1669 4446 1764 4495 facinus

986 4532 1133 4582 «iniustum
1155 4531 1325 4581 nostri'liberi
1348 4535 1394 4582 eut
1416 4530 1529 4582 feceruut
1550 4536 1594 4583 aut
1624 4532 1764 4595 conterunt

986 4644 998 4666 «ι
1015 4624 1101 4673 contra
1113 4623 1154 4684 te,
1166 4624 1195 4669 ut
1207 4634 1274 4670 nuuc
1285 4620 1336 4671 illis
1349 4620 1476 4672 immincat
1484 4621 1624 4686 periculum
1635 4620 1764 4670 servitutis

987 4732 998 4756 ι
1014 4715 1038 4763 et
1049 4711 1155 4762 aliorum
1173 4709 1312 4770 melorum,
1324 4724 1395 4774 quae,
1414 4712 1435 4760 si
1452 4710 1558 4774 pervim
1573 4707 1633 4759 urbs
1643 4709 1764 4773 capietur,

986 4821 999 4845 ι
1016 4815 1059 4851 eos
1077 4813 1195 4865 passuros
1213 4798 1348 4849 verisimile
1369 4800 1427 4849 esti
1445 4802 1500 4849 Non
1523 4801 1590 4849 recte
1610 4798 1699 4857 sentis,
1719 4811 1764 4849 nec

987 4909 999 4933 a
1013 4889 1079 4939 iuste
1089 4886 1166 4948 facis,
1180 4888 1272 4948 Marci,
1292 4891 1369 4953 atque
1383 4888 1419 4937 ita
1441 4891 1525 4938 sontes
1538 4890 1565 4938 et
1578 4887 1692 4937 inimicos
1707 4888 1765 4938 odio

986 4999 999 5023 ι
1014 4976 1199 5043 persequendos
1210 4990 1305 5037 censes,
1318 4980 1347 5025 ut
1356 4990 1387 5027 ne
1397 4976 1538 5028 insontibus
1551 4976 1653 5042 quidem
1666 4981 1692 5027 et
1704 4978 1764 5028 omi·

987 5085 999 5109 ι
1013 5064 1050 5114 cis
1061 5064 1187 5128 parcatur,
1201 5077 1251 5113 non
1263 5063 1290 5114 id
1304 5063 1413 5128 cogitas,
1431 5062 1501 5128 quod
1513 5062 1596 5112 virum
1614 5062 1707 5113 bonum
1719 5063 1765 5115 de·

987 5173 1000 5197 ι
1014 5154 1062 5203 eet.
1101 5151 1150 5203 Sed
1161 5155 1190 5202 ut
1209 5151 1265 5202 haec
1275 5150 1359 5201 omnia
1373 5149 1502 5208 omittam,
1517 5147 1595 5213 quid,
1608 5162 1653 5214 per
1668 5155 1762 5208 iovem,

988 5241 1165 5308 «respondere
1185 5254 1286 5307 posses,
1311 5239 1400 5306 siquis
1416 5243 1441 5290 te
1460 5239 1625 5303 interrogaret
1638 5258 1645 5289 ε
1657 5253 1766 5304 quanam
1820 5234 1824 5238 ’
