<?xml version="1.0" encoding="UTF-8"?>
<!DOCTYPE html PUBLIC "-//W3C//DTD XHTML 1.0 Transitional//EN"
    "http://www.w3.org/TR/xhtml1/DTD/xhtml1-transitional.dtd">
<html xmlns="http://www.w3.org/1999/xhtml" xml:lang="en" lang="en">
 <head>
  <title>
</title>
<meta http-equiv="Content-Type" content="text/html;charset=utf-8" />
  <meta name='ocr-system' content='tesseract 3.04.00' />
  <meta name='ocr-capabilities' content='ocr_page ocr_carea ocr_par ocr_line ocrx_word'/>
</head>
<body>
  <div class='ocr_page' id='page_1' title='image "./dionysiihalicar01prougoog/dionysiihalicar01prougoog_0490.png"; bbox 0 0 4048 5924; ppageno 0'>
   <div class='ocr_carea' id='block_1_1' title="bbox 648 435 1302 510">
    <p class='ocr_par' dir='ltr' id='par_1_1' title="bbox 648 435 1302 510">
     <span class='ocr_line' id='line_1_1' title="bbox 648 435 1302 510; baseline 0.008 -10"><span class='ocrx_word' id='word_1_1' title='bbox 648 435 939 510; x_wconf 76' lang='lat' dir='ltr'><strong>ANTIQ&#39;IITA&#39;I&#39;UM</strong></span> <span class='ocrx_word' id='word_1_2' title='bbox 960 441 1110 505; x_wconf 79' lang='lat' dir='ltr'><strong>ROMAN.</strong></span> <span class='ocrx_word' id='word_1_3' title='bbox 1131 443 1204 505; x_wconf 86' lang='lat' dir='ltr'><strong>LIB.</strong></span> <span class='ocrx_word' id='word_1_4' title='bbox 1225 445 1302 507; x_wconf 88' lang='lat' dir='ltr'><strong>VIII.</strong></span> 
     </span>
    </p>
   </div>
   <div class='ocr_carea' id='block_1_2' title="bbox 89 568 929 5175">
    <p class='ocr_par' dir='ltr' id='par_1_2' title="bbox 96 568 928 1884">
     <span class='ocr_line' id='line_1_2' title="bbox 151 568 924 652; baseline -0.008 -16"><span class='ocrx_word' id='word_1_5' title='bbox 151 576 279 636; x_wconf 84' lang='grc' dir='ltr'>ίίάκιῑνοι</span> <span class='ocrx_word' id='word_1_6' title='bbox 292 575 380 652; x_wconf 82' lang='grc' dir='ltr'>σιωπῇ</span> <span class='ocrx_word' id='word_1_7' title='bbox 398 569 518 638; x_wconf 77' lang='grc' dir='ltr'>ἀπιόντες</span> <span class='ocrx_word' id='word_1_8' title='bbox 533 568 606 638; x_wconf 73' lang='grc' dir='ltr'>εὐθὺς</span> <span class='ocrx_word' id='word_1_9' title='bbox 620 569 732 652; x_wconf 84' lang='grc' dir='ltr'>ᾤχοντο.</span> <span class='ocrx_word' id='word_1_10' title='bbox 787 570 924 640; x_wconf 86' lang='grc' dir='ltr'>Μαθόντες</span> 
     </span>
     <span class='ocr_line' id='line_1_3' title="bbox 149 656 926 742; baseline -0.008 -19"><span class='ocrx_word' id='word_1_11' title='bbox 149 660 216 723; x_wconf 78' lang='lat' dir='ltr'>cta</span> <span class='ocrx_word' id='word_1_12' title='bbox 241 659 380 742; x_wconf 85' lang='grc' dir='ltr'>βουλευταί</span> <span class='ocrx_word' id='word_1_13' title='bbox 404 657 539 737; x_wconf 81' lang='grc' dir='ltr'>παρδ”</span> <span class='ocrx_word' id='word_1_14' title='bbox 503 682 557 716; x_wconf 84' lang='grc' dir='ltr'>των</span> <span class='ocrx_word' id='word_1_15' title='bbox 583 656 721 739; x_wconf 79' lang='grc' dir='ltr'>πρέσόεων</span> <span class='ocrx_word' id='word_1_16' title='bbox 738 657 786 725; x_wconf 89' lang='grc' dir='ltr'>τδις</span> <span class='ocrx_word' id='word_1_17' title='bbox 805 658 926 726; x_wconf 75' lang='grc' dir='ltr'>αὐθάδεις</span> 
     </span>
     <span class='ocr_line' id='line_1_4' title="bbox 148 745 926 832; baseline -0.004 -23"><span class='ocrx_word' id='word_1_18' title='bbox 148 750 299 832; x_wconf 71' lang='grc' dir='ltr'>ἀποκρίσεις</span> <span class='ocrx_word' id='word_1_19' title='bbox 309 773 338 808; x_wconf 85' lang='grc' dir='ltr'>τε</span> <span class='ocrx_word' id='word_1_20' title='bbox 348 771 393 807; x_wconf 89' lang='grc' dir='ltr'>και</span> <span class='ocrx_word' id='word_1_21' title='bbox 383 746 515 813; x_wconf 82' lang='grc' dir='ltr'>ἀπειλδις</span> <span class='ocrx_word' id='word_1_22' title='bbox 527 769 573 805; x_wconf 87' lang='grc' dir='ltr'>του</span> <span class='ocrx_word' id='word_1_23' title='bbox 556 746 723 827; x_wconf 78' lang='grc' dir='ltr'>“Μσίρκίου,</span> <span class='ocrx_word' id='word_1_24' title='bbox 737 745 909 826; x_wconf 87' lang='grc' dir='ltr'>στρατιδιν</span> <span class='ocrx_word' id='word_1_25' title='bbox 878 770 926 823; x_wconf 89' lang='grc' dir='ltr'>μεν</span> 
     </span>
     <span class='ocr_line' id='line_1_5' title="bbox 148 833 927 919; baseline -0.005 -21"><span class='ocrx_word' id='word_1_26' title='bbox 148 838 284 919; x_wconf 72' lang='grc' dir='ltr'><strong>ὑπαίθριον</strong></span> <span class='ocrx_word' id='word_1_27' title='bbox 308 835 409 916; x_wconf 81' lang='grc' dir='ltr'>ἐξάγειν</span> <span class='ocrx_word' id='word_1_28' title='bbox 441 836 486 894; x_wconf 80' lang='lat' dir='ltr'><strong>ott</strong></span> <span class='ocrx_word' id='word_1_29' title='bbox 472 833 549 894; x_wconf 85' lang='grc' dir='ltr'>δ’έ</span> <span class='ocrx_word' id='word_1_30' title='bbox 518 837 576 896; x_wconf 70' lang='grc' dir='ltr'>τ;’τ</span> <span class='ocrx_word' id='word_1_31' title='bbox 603 835 785 917; x_wconf 73' lang='grc' dir='ltr'>ἐψηφίσαντο,</span> <span class='ocrx_word' id='word_1_32' title='bbox 814 835 867 894; x_wconf 80' lang='grc' dir='ltr'>εἴτε</span> <span class='ocrx_word' id='word_1_33' title='bbox 897 859 927 894; x_wconf 90' lang='grc' dir='ltr'>το</span> 
     </span>
     <span class='ocr_line' id='line_1_6' title="bbox 106 921 926 1006; baseline -0.001 -23"><span class='ocrx_word' id='word_1_34' title='bbox 106 950 120 992; x_wconf 73' lang='grc' dir='ltr'>ς</span> <span class='ocrx_word' id='word_1_35' title='bbox 137 924 416 1006; x_wconf 81' lang='grc' dir='ltr'>’ἀπειροπόλεμον”</span> <span class='ocrx_word' id='word_1_36' title='bbox 381 947 433 981; x_wconf 87' lang='grc' dir='ltr'>τυιν</span> <span class='ocrx_word' id='word_1_37' title='bbox 453 928 586 1004; x_wconf 89' lang='grc' dir='ltr'>σφετέρων</span> <span class='ocrx_word' id='word_1_38' title='bbox 613 925 801 1003; x_wconf 82' lang='grc' dir='ltr'>στρατιωτῶν·</span> <span class='ocrx_word' id='word_1_39' title='bbox 817 921 926 982; x_wconf 86' lang='grc' dir='ltr'>νεοσόλ·</span> 
     </span>
     <span class='ocr_line' id='line_1_7' title="bbox 148 1001 925 1093; baseline -0.005 -21"><span class='ocrx_word' id='word_1_40' title='bbox 148 1013 239 1072; x_wconf 89' lang='grc' dir='ltr'>λεκτοι</span> <span class='ocrx_word' id='word_1_41' title='bbox 257 1011 308 1093; x_wconf 87' lang='grc' dir='ltr'>γδιρ</span> <span class='ocrx_word' id='word_1_42' title='bbox 331 1013 355 1070; x_wconf 87' lang='lat' dir='ltr'>ol</span> <span class='ocrx_word' id='word_1_43' title='bbox 377 1008 483 1078; x_wconf 89' lang='grc' dir='ltr'>πλείους</span> <span class='ocrx_word' id='word_1_44' title='bbox 506 1001 575 1084; x_wconf 71' lang='grc' dir='ltr'>ἦσαν</span> <span class='ocrx_word' id='word_1_45' title='bbox 601 1012 697 1070; x_wconf 78' lang='grc' dir='ltr'>αὐτῶν·</span> <span class='ocrx_word' id='word_1_46' title='bbox 716 1008 847 1083; x_wconf 83' lang='grc' dir='ltr'>εθλαόηθ’</span> <span class='ocrx_word' id='word_1_47' title='bbox 836 1033 907 1076; x_wconf 87' lang='grc' dir='ltr'>εντες</span> <span class='ocrx_word' id='word_1_48' title='bbox 895 1034 925 1083; x_wconf 87' lang='grc' dir='ltr'>ς,</span> 
     </span>
     <span class='ocr_line' id='line_1_8' title="bbox 150 1097 928 1179; baseline -0.003 -20"><span class='ocrx_word' id='word_1_49' title='bbox 150 1099 204 1160; x_wconf 89' lang='grc' dir='ltr'>είτε</span> <span class='ocrx_word' id='word_1_50' title='bbox 219 1097 266 1171; x_wconf 80' lang='grc' dir='ltr'>τὴν</span> <span class='ocrx_word' id='word_1_51' title='bbox 281 1097 408 1175; x_wconf 76' lang='grc' dir='ltr'>ἀτολμίαν</span> <span class='ocrx_word' id='word_1_52' title='bbox 431 1102 485 1158; x_wconf 87' lang='grc' dir='ltr'>τῶν</span> <span class='ocrx_word' id='word_1_53' title='bbox 506 1099 630 1158; x_wconf 77' lang='grc' dir='ltr'>ὑπάτων·</span> <span class='ocrx_word' id='word_1_54' title='bbox 647 1099 745 1173; x_wconf 78' lang='grc' dir='ltr'>ἥκιστα</span> <span class='ocrx_word' id='word_1_55' title='bbox 763 1097 815 1179; x_wconf 84' lang='grc' dir='ltr'>γδιρ</span> <span class='ocrx_word' id='word_1_56' title='bbox 838 1100 908 1159; x_wconf 72' lang='grc' dir='ltr'>ἐν’</span> <span class='ocrx_word' id='word_1_57' title='bbox 880 1123 928 1157; x_wconf 85' lang='grc' dir='ltr'>αυ-</span> 
     </span>
     <span class='ocr_line' id='line_1_9' title="bbox 150 1179 928 1270; baseline -0.004 -22"><span class='ocrx_word' id='word_1_58' title='bbox 150 1197 205 1257; x_wconf 85' lang='grc' dir='ltr'>τοῖς</span> <span class='ocrx_word' id='word_1_59' title='bbox 220 1210 249 1247; x_wconf 89' lang='grc' dir='ltr'>το</span> <span class='ocrx_word' id='word_1_60' title='bbox 237 1187 419 1269; x_wconf 84' lang='grc' dir='ltr'>δραστήριον</span> <span class='ocrx_word' id='word_1_61' title='bbox 440 1179 492 1259; x_wconf 73' lang='grc' dir='ltr'>ἦν·</span> <span class='ocrx_word' id='word_1_62' title='bbox 510 1186 644 1270; x_wconf 79' lang='grc' dir='ltr'>σφαλερὰν</span> <span class='ocrx_word' id='word_1_63' title='bbox 666 1187 830 1267; x_wconf 78' lang='grc' dir='ltr'>ἡγησάμενοι</span> <span class='ocrx_word' id='word_1_64' title='bbox 852 1189 928 1261; x_wconf 86' lang='grc' dir='ltr'>τηλι·</span> 
     </span>
     <span class='ocr_line' id='line_1_10' title="bbox 149 1274 928 1356; baseline -0.003 -21"><span class='ocrx_word' id='word_1_65' title='bbox 149 1281 241 1337; x_wconf 68' lang='lat' dir='ltr'><strong>actea</strong></span> <span class='ocrx_word' id='word_1_66' title='bbox 257 1275 419 1356; x_wconf 81' lang='grc' dir='ltr'>ἀναιρεῖσθαι</span> <span class='ocrx_word' id='word_1_67' title='bbox 434 1277 544 1354; x_wconf 82' lang='grc' dir='ltr'>ἀγῶνα,</span> <span class='ocrx_word' id='word_1_68' title='bbox 559 1275 611 1335; x_wconf 79' lang='lat' dir='ltr'><strong>elce</strong></span> <span class='ocrx_word' id='word_1_69' title='bbox 630 1274 682 1353; x_wconf 86' lang='grc' dir='ltr'>άρα</span> <span class='ocrx_word' id='word_1_70' title='bbox 703 1275 749 1334; x_wconf 82' lang='grc' dir='ltr'>καί</span> <span class='ocrx_word' id='word_1_71' title='bbox 769 1282 815 1336; x_wconf 79' lang='grc' dir='ltr'>τοῦ</span> <span class='ocrx_word' id='word_1_72' title='bbox 835 1277 928 1349; x_wconf 88' lang='grc' dir='ltr'>δαιμο-</span> 
     </span>
     <span class='ocr_line' id='line_1_11' title="bbox 97 1361 927 1447; baseline -0.004 -23"><span class='ocrx_word' id='word_1_73' title='bbox 97 1393 123 1433; x_wconf 76' lang='lat'>10</span> <span class='ocrx_word' id='word_1_74' title='bbox 148 1364 204 1427; x_wconf 90' lang='grc' dir='ltr'>νίου</span> <span class='ocrx_word' id='word_1_75' title='bbox 224 1365 311 1447; x_wconf 93' lang='grc' dir='ltr'>σφίσιν</span> <span class='ocrx_word' id='word_1_76' title='bbox 329 1363 529 1439; x_wconf 75' lang='grc' dir='ltr'>ἐναντιουμένου</span> <span class='ocrx_word' id='word_1_77' title='bbox 545 1361 610 1443; x_wconf 88' lang='grc' dir='ltr'>πρδς</span> <span class='ocrx_word' id='word_1_78' title='bbox 633 1364 682 1435; x_wconf 75' lang='grc' dir='ltr'>τὴν</span> <span class='ocrx_word' id='word_1_79' title='bbox 700 1362 803 1438; x_wconf 79' lang='grc' dir='ltr'>ἔξοδον,</span> <span class='ocrx_word' id='word_1_80' title='bbox 820 1364 853 1423; x_wconf 86' lang='grc' dir='ltr'>δι’</span> <span class='ocrx_word' id='word_1_81' title='bbox 868 1366 927 1423; x_wconf 88' lang='grc' dir='ltr'>σίω-</span> 
     </span>
     <span class='ocr_line' id='line_1_12' title="bbox 149 1448 928 1567; baseline -0.006 -54"><span class='ocrx_word' id='word_1_82' title='bbox 149 1477 200 1513; x_wconf 91' lang='grc' dir='ltr'>νων</span> <span class='ocrx_word' id='word_1_83' title='bbox 214 1452 233 1525; x_wconf 78' lang='grc' dir='ltr'>ἢ</span> <span class='ocrx_word' id='word_1_84' title='bbox 247 1455 378 1567; x_wconf 81' lang='grc' dir='ltr'>χρησμῶν</span> <span class='ocrx_word' id='word_1_85' title='bbox 396 1450 576 1528; x_wconf 79' lang='grc' dir='ltr'>Σιόυλλιίων,</span> <span class='ocrx_word' id='word_1_86' title='bbox 598 1448 615 1520; x_wconf 75' lang='lat' dir='ltr'>’I</span> <span class='ocrx_word' id='word_1_87' title='bbox 644 1452 725 1524; x_wconf 80' lang='grc' dir='ltr'>ἄλλης</span> <span class='ocrx_word' id='word_1_88' title='bbox 745 1450 813 1520; x_wconf 90' lang='grc' dir='ltr'>τινδς</span> <span class='ocrx_word' id='word_1_89' title='bbox 826 1451 928 1518; x_wconf 80' lang='grc' dir='ltr'>ὀττείας</span> 
     </span>
     <span class='ocr_line' id='line_1_13' title="bbox 149 1532 928 1622; baseline -0.001 -22"><span class='ocrx_word' id='word_1_90' title='bbox 149 1541 279 1622; x_wconf 88' lang='grc' dir='ltr'>πατρίου,</span> <span class='ocrx_word' id='word_1_91' title='bbox 293 1532 330 1601; x_wconf 92' lang='grc' dir='ltr'>ων</span> <span class='ocrx_word' id='word_1_92' title='bbox 343 1541 392 1599; x_wconf 82' lang='grc' dir='ltr'>οὐκ</span> <span class='ocrx_word' id='word_1_93' title='bbox 409 1538 497 1612; x_wconf 78' lang='grc' dir='ltr'>ἠξίουν</span> <span class='ocrx_word' id='word_1_94' title='bbox 511 1538 580 1601; x_wconf 84' lang='grc' dir='ltr'>οί’</span> <span class='ocrx_word' id='word_1_95' title='bbox 550 1561 609 1599; x_wconf 89' lang='grc' dir='ltr'>τοτε</span> <span class='ocrx_word' id='word_1_96' title='bbox 623 1539 757 1619; x_wconf 86' lang='grc' dir='ltr'>ἀνθρωποι</span> <span class='ocrx_word' id='word_1_97' title='bbox 769 1540 891 1620; x_wconf 82' lang='grc' dir='ltr'>καθάπερ</span> <span class='ocrx_word' id='word_1_98' title='bbox 904 1544 928 1599; x_wconf 86' lang='lat' dir='ltr'>ol</span> 
     </span>
     <span class='ocr_line' id='line_1_14' title="bbox 149 1626 928 1710; baseline -0.003 -21"><span class='ocrx_word' id='word_1_99' title='bbox 149 1636 193 1691; x_wconf 76' lang='grc' dir='ltr'>νῦν</span> <span class='ocrx_word' id='word_1_100' title='bbox 206 1634 355 1710; x_wconf 76' lang='grc' dir='ltr'>ὑπερορᾶν·</span> <span class='ocrx_word' id='word_1_101' title='bbox 375 1627 516 1709; x_wconf 91' lang='grc' dir='ltr'>φυλάττειν</span> <span class='ocrx_word' id='word_1_102' title='bbox 536 1626 625 1699; x_wconf 76' lang='grc' dir='ltr'>δὲτὴν</span> <span class='ocrx_word' id='word_1_103' title='bbox 639 1626 715 1687; x_wconf 84' lang='grc' dir='ltr'>πολιν</span> <span class='ocrx_word' id='word_1_104' title='bbox 736 1628 928 1709; x_wconf 78' lang='grc' dir='ltr'>ἰπιμελεστέρα</span> 
     </span>
     <span class='ocr_line' id='line_1_15' title="bbox 149 1715 928 1801; baseline -0.001 -22"><span class='ocrx_word' id='word_1_105' title='bbox 149 1723 254 1801; x_wconf 83' lang='grc' dir='ltr'>φυλακῇ</span> <span class='ocrx_word' id='word_1_106' title='bbox 266 1721 312 1779; x_wconf 87' lang='grc' dir='ltr'>καί</span> <span class='ocrx_word' id='word_1_107' title='bbox 322 1716 376 1777; x_wconf 77' lang='grc' dir='ltr'>ἀπὸ</span> <span class='ocrx_word' id='word_1_108' title='bbox 390 1722 442 1776; x_wconf 87' lang='grc' dir='ltr'>τῶν</span> <span class='ocrx_word' id='word_1_109' title='bbox 455 1717 592 1798; x_wconf 81' lang='grc' dir='ltr'>ἐρυμάτων</span> <span class='ocrx_word' id='word_1_110' title='bbox 606 1715 671 1785; x_wconf 65' lang='lat' dir='ltr'>roco&lt;v</span> <span class='ocrx_word' id='word_1_111' title='bbox 681 1718 830 1786; x_wconf 85' lang='grc' dir='ltr'>ίπιάντας’</span> <span class='ocrx_word' id='word_1_112' title='bbox 815 1716 928 1796; x_wconf 86' lang='grc' dir='ltr'>αμόνεσ-</span> 
     </span>
     <span class='ocr_line' id='line_1_16' title="bbox 96 1809 362 1884; baseline 0 -17"><span class='ocrx_word' id='word_1_113' title='bbox 96 1834 120 1876; x_wconf 71' lang='grc' dir='ltr'>ιι</span> <span class='ocrx_word' id='word_1_114' title='bbox 149 1814 193 1868; x_wconf 90' lang='grc' dir='ltr'>θαι</span> <span class='ocrx_word' id='word_1_115' title='bbox 208 1809 362 1884; x_wconf 81' lang='grc' dir='ltr'>διέγνωσαν.</span> 
     </span>
    </p>

    <p class='ocr_par' dir='ltr' id='par_1_3' title="bbox 89 1894 929 4265">
     <span class='ocr_line' id='line_1_17' title="bbox 189 1894 926 1975; baseline -0.005 -17"><span class='ocrx_word' id='word_1_116' title='bbox 189 1897 355 1958; x_wconf 83' lang='lat' dir='ltr'><strong>XXXVIII.</strong></span> <span class='ocrx_word' id='word_1_117' title='bbox 376 1897 469 1955; x_wconf 82' lang='grc' dir='ltr'>Ταῦτα</span> <span class='ocrx_word' id='word_1_118' title='bbox 484 1894 511 1953; x_wconf 87' lang='grc' dir='ltr'>δέ</span> <span class='ocrx_word' id='word_1_119' title='bbox 523 1894 683 1975; x_wconf 88' lang='grc' dir='ltr'>πράττοντες</span> <span class='ocrx_word' id='word_1_120' title='bbox 700 1896 746 1955; x_wconf 84' lang='grc' dir='ltr'>καὶ</span> <span class='ocrx_word' id='word_1_121' title='bbox 758 1919 926 1975; x_wconf 85' lang='grc' dir='ltr'>παρασκευα·</span> 
     </span>
     <span class='ocr_line' id='line_1_18' title="bbox 148 1982 929 2065; baseline 0 -22"><span class='ocrx_word' id='word_1_122' title='bbox 148 1986 251 2060; x_wconf 79' lang='grc' dir='ltr'>ζάμενοι</span> <span class='ocrx_word' id='word_1_123' title='bbox 265 1989 311 2055; x_wconf 78' lang='grc' dir='ltr'>τῆς</span> <span class='ocrx_word' id='word_1_124' title='bbox 331 1984 355 2043; x_wconf 91' lang='grc' dir='ltr'>τ’</span> <span class='ocrx_word' id='word_1_125' title='bbox 370 1982 473 2051; x_wconf 79' lang='grc' dir='ltr'>ἕλπίδος</span> <span class='ocrx_word' id='word_1_126' title='bbox 494 1982 568 2043; x_wconf 82' lang='grc' dir='ltr'>οὔπω</span> <span class='ocrx_word' id='word_1_127' title='bbox 587 1984 780 2065; x_wconf 88' lang='grc' dir='ltr'>ἀφιστάμενοι,</span> <span class='ocrx_word' id='word_1_128' title='bbox 801 1987 836 2050; x_wconf 81' lang='grc' dir='ltr'>ὣς</span> <span class='ocrx_word' id='word_1_129' title='bbox 851 1987 929 2044; x_wconf 91' lang='grc' dir='ltr'>δυνα-</span> 
     </span>
     <span class='ocr_line' id='line_1_19' title="bbox 147 2072 929 2154; baseline 0 -21"><span class='ocrx_word' id='word_1_130' title='bbox 147 2074 192 2133; x_wconf 84' lang='grc' dir='ltr'>τὸν</span> <span class='ocrx_word' id='word_1_131' title='bbox 206 2074 325 2154; x_wconf 84' lang='grc' dir='ltr'>ὑπάρχον</span> <span class='ocrx_word' id='word_1_132' title='bbox 342 2072 381 2131; x_wconf 84' lang='grc' dir='ltr'>ἔτι</span> <span class='ocrx_word' id='word_1_133' title='bbox 397 2076 606 2148; x_wconf 72' lang='grc' dir='ltr'>μεταπεισθῆναι</span> <span class='ocrx_word' id='word_1_134' title='bbox 618 2074 662 2133; x_wconf 79' lang='grc' dir='ltr'>τὸν</span> <span class='ocrx_word' id='word_1_135' title='bbox 682 2074 820 2153; x_wconf 83' lang='grc' dir='ltr'>Μάρκιον,</span> <span class='ocrx_word' id='word_1_136' title='bbox 838 2076 861 2133; x_wconf 90' lang='grc' dir='ltr'>εἰ</span> <span class='ocrx_word' id='word_1_137' title='bbox 873 2072 929 2149; x_wconf 84' lang='grc' dir='ltr'>μιί·</span> 
     </span>
     <span class='ocr_line' id='line_1_20' title="bbox 148 2159 927 2243; baseline -0.005 -20"><span class='ocrx_word' id='word_1_138' title='bbox 148 2167 201 2233; x_wconf 80' lang='grc' dir='ltr'>ζονι</span> <span class='ocrx_word' id='word_1_139' title='bbox 221 2162 268 2223; x_wconf 84' lang='grc' dir='ltr'>καί</span> <span class='ocrx_word' id='word_1_140' title='bbox 282 2161 427 2243; x_wconf 81' lang='grc' dir='ltr'>τιμιωτέρφ</span> <span class='ocrx_word' id='word_1_141' title='bbox 448 2159 577 2243; x_wconf 78' lang='grc' dir='ltr'>πρεσὸείφ</span> <span class='ocrx_word' id='word_1_142' title='bbox 603 2163 822 2239; x_wconf 81' lang='grc' dir='ltr'>δεηθεῖιναθτοῑέ,</span> <span class='ocrx_word' id='word_1_143' title='bbox 845 2161 927 2243; x_wconf 77' lang='grc' dir='ltr'>ψηφί·</span> 
     </span>
     <span class='ocr_line' id='line_1_21' title="bbox 94 2248 927 2330; baseline -0.001 -21"><span class='ocrx_word' id='word_1_144' title='bbox 94 2268 122 2309; x_wconf 80' lang='lat' dir='ltr'><strong>so</strong></span> <span class='ocrx_word' id='word_1_145' title='bbox 148 2255 235 2321; x_wconf 80' lang='grc' dir='ltr'>ζοιται</span> <span class='ocrx_word' id='word_1_146' title='bbox 248 2250 306 2317; x_wconf 84' lang='grc' dir='ltr'>τοιίς</span> <span class='ocrx_word' id='word_1_147' title='bbox 320 2273 349 2311; x_wconf 86' lang='grc' dir='ltr'>τε</span> <span class='ocrx_word' id='word_1_148' title='bbox 364 2249 520 2330; x_wconf 84' lang='grc' dir='ltr'>ἱεροφάντας</span> <span class='ocrx_word' id='word_1_149' title='bbox 535 2249 581 2308; x_wconf 86' lang='grc' dir='ltr'>καί</span> <span class='ocrx_word' id='word_1_150' title='bbox 599 2248 658 2317; x_wconf 76' lang='lat' dir='ltr'><strong>cab&lt;</strong></span> <span class='ocrx_word' id='word_1_151' title='bbox 672 2251 863 2316; x_wconf 79' lang='grc' dir='ltr'>οἰωνοσκόπους</span> <span class='ocrx_word' id='word_1_152' title='bbox 881 2249 927 2308; x_wconf 86' lang='grc' dir='ltr'>καί</span> 
     </span>
     <span class='ocr_line' id='line_1_22' title="bbox 148 2337 926 2419; baseline -0.003 -18"><span class='ocrx_word' id='word_1_153' title='bbox 148 2339 207 2407; x_wconf 76' lang='grc' dir='ltr'>τοὺς</span> <span class='ocrx_word' id='word_1_154' title='bbox 221 2342 315 2408; x_wconf 82' lang='grc' dir='ltr'>ἀλλους</span> <span class='ocrx_word' id='word_1_155' title='bbox 338 2338 474 2413; x_wconf 77' lang='grc' dir='ltr'>ἅπαντας,</span> <span class='ocrx_word' id='word_1_156' title='bbox 489 2338 547 2400; x_wconf 88' lang='grc' dir='ltr'>όσοι</span> <span class='ocrx_word' id='word_1_157' title='bbox 568 2338 650 2418; x_wconf 75' lang='grc' dir='ltr'>τιμήν</span> <span class='ocrx_word' id='word_1_158' title='bbox 664 2361 724 2399; x_wconf 89' lang='grc' dir='ltr'>τινα</span> <span class='ocrx_word' id='word_1_159' title='bbox 746 2337 852 2419; x_wconf 59' lang='lat' dir='ltr'><strong>lupini</strong></span> <span class='ocrx_word' id='word_1_160' title='bbox 871 2341 926 2399; x_wconf 87' lang='grc' dir='ltr'>λιι·</span> 
     </span>
     <span class='ocr_line' id='line_1_23' title="bbox 147 2418 925 2510; baseline -0.008 -21"><span class='ocrx_word' id='word_1_161' title='bbox 147 2429 269 2510; x_wconf 86' lang='grc' dir='ltr'>τουργίσν</span> <span class='ocrx_word' id='word_1_162' title='bbox 285 2428 347 2507; x_wconf 91' lang='grc' dir='ltr'>περί</span> <span class='ocrx_word' id='word_1_163' title='bbox 361 2427 394 2487; x_wconf 88' lang='grc' dir='ltr'>τδι</span> <span class='ocrx_word' id='word_1_164' title='bbox 405 2432 462 2487; x_wconf 81' lang='grc' dir='ltr'>θεῖα</span> <span class='ocrx_word' id='word_1_165' title='bbox 477 2429 610 2506; x_wconf 80' lang='grc' dir='ltr'>δημοτελῆ</span> <span class='ocrx_word' id='word_1_166' title='bbox 628 2425 755 2496; x_wconf 74' lang='grc' dir='ltr'>λαθόντες</span> <span class='ocrx_word' id='word_1_167' title='bbox 770 2418 858 2508; x_wconf 84' lang='grc' dir='ltr'>εἰχον·</span> <span class='ocrx_word' id='word_1_168' title='bbox 874 2427 925 2487; x_wconf 86' lang='grc' dir='ltr'>εἰσί</span> 
     </span>
     <span class='ocr_line' id='line_1_24' title="bbox 148 2516 924 2598; baseline 0 -22"><span class='ocrx_word' id='word_1_169' title='bbox 148 2518 177 2577; x_wconf 89' lang='grc' dir='ltr'>δί</span> <span class='ocrx_word' id='word_1_170' title='bbox 187 2518 252 2598; x_wconf 85' lang='grc' dir='ltr'>παρ’</span> <span class='ocrx_word' id='word_1_171' title='bbox 266 2518 353 2585; x_wconf 75' lang='grc' dir='ltr'>αὐτοῖς</span> <span class='ocrx_word' id='word_1_172' title='bbox 362 2519 441 2595; x_wconf 80' lang='grc' dir='ltr'>ἱερεῖς</span> <span class='ocrx_word' id='word_1_173' title='bbox 455 2516 501 2575; x_wconf 88' lang='grc' dir='ltr'>καί</span> <span class='ocrx_word' id='word_1_174' title='bbox 516 2516 676 2596; x_wconf 89' lang='grc' dir='ltr'>θιραπευταί</span> <span class='ocrx_word' id='word_1_175' title='bbox 691 2519 756 2575; x_wconf 83' lang='grc' dir='ltr'>θεῶν</span> <span class='ocrx_word' id='word_1_176' title='bbox 768 2516 838 2575; x_wconf 87' lang='grc' dir='ltr'>πάνυ</span> <span class='ocrx_word' id='word_1_177' title='bbox 854 2518 924 2578; x_wconf 90' lang='grc' dir='ltr'>πολ-</span> 
     </span>
     <span class='ocr_line' id='line_1_25' title="bbox 148 2598 924 2688; baseline -0.001 -22"><span class='ocrx_word' id='word_1_178' title='bbox 148 2605 208 2686; x_wconf 77' lang='lat' dir='ltr'><strong>tot,</strong></span> <span class='ocrx_word' id='word_1_179' title='bbox 221 2606 268 2666; x_wconf 84' lang='grc' dir='ltr'>καί</span> <span class='ocrx_word' id='word_1_180' title='bbox 279 2607 353 2666; x_wconf 81' lang='grc' dir='ltr'>αὖτοί</span> <span class='ocrx_word' id='word_1_181' title='bbox 366 2598 436 2667; x_wconf 67' lang='grc' dir='ltr'>οὗτοι</span> <span class='ocrx_word' id='word_1_182' title='bbox 451 2607 654 2688; x_wconf 73' lang='grc' dir='ltr'>διαφανέστατοι</span> <span class='ocrx_word' id='word_1_183' title='bbox 669 2610 721 2665; x_wconf 82' lang='grc' dir='ltr'>τῶν</span> <span class='ocrx_word' id='word_1_184' title='bbox 739 2606 826 2666; x_wconf 84' lang='grc' dir='ltr'>ἀλλων</span> <span class='ocrx_word' id='word_1_185' title='bbox 853 2604 924 2665; x_wconf 89' lang='grc' dir='ltr'>κατά</span> 
     </span>
     <span class='ocr_line' id='line_1_26' title="bbox 91 2694 925 2777; baseline -0.005 -18"><span class='ocrx_word' id='word_1_186' title='bbox 91 2716 122 2759; x_wconf 71' lang='lat'>2⁶</span> <span class='ocrx_word' id='word_1_187' title='bbox 149 2720 179 2757; x_wconf 92' lang='grc' dir='ltr'>τε</span> <span class='ocrx_word' id='word_1_188' title='bbox 193 2695 279 2766; x_wconf 88' lang='grc' dir='ltr'>οίκους</span> <span class='ocrx_word' id='word_1_189' title='bbox 293 2695 413 2777; x_wconf 75' lang='grc' dir='ltr'>πατέρων</span> <span class='ocrx_word' id='word_1_190' title='bbox 427 2696 473 2756; x_wconf 77' lang='grc' dir='ltr'>καί</span> <span class='ocrx_word' id='word_1_191' title='bbox 486 2698 581 2776; x_wconf 77' lang='grc' dir='ltr'>ἀρετῆς</span> <span class='ocrx_word' id='word_1_192' title='bbox 591 2695 690 2763; x_wconf 75' lang='grc' dir='ltr'>οἰκείας</span> <span class='ocrx_word' id='word_1_193' title='bbox 702 2695 828 2764; x_wconf 86' lang='grc' dir='ltr'>ἀξίωσιν·</span> <span class='ocrx_word' id='word_1_194' title='bbox 844 2694 925 2774; x_wconf 77' lang='grc' dir='ltr'>έχον·</span> 
     </span>
     <span class='ocr_line' id='line_1_27' title="bbox 148 2783 925 2866; baseline -0.003 -20"><span class='ocrx_word' id='word_1_195' title='bbox 148 2810 197 2854; x_wconf 92' lang='grc' dir='ltr'>τας</span> <span class='ocrx_word' id='word_1_196' title='bbox 208 2784 257 2863; x_wconf 75' lang='grc' dir='ltr'>ἀμ’</span> <span class='ocrx_word' id='word_1_197' title='bbox 272 2787 359 2852; x_wconf 75' lang='grc' dir='ltr'>αὐτοῖς</span> <span class='ocrx_word' id='word_1_198' title='bbox 372 2787 425 2844; x_wconf 85' lang='grc' dir='ltr'>τῶν</span> <span class='ocrx_word' id='word_1_199' title='bbox 440 2783 633 2866; x_wconf 81' lang='grc' dir='ltr'>ὀργιαζομένων</span> <span class='ocrx_word' id='word_1_200' title='bbox 644 2807 673 2844; x_wconf 90' lang='grc' dir='ltr'>τε</span> <span class='ocrx_word' id='word_1_201' title='bbox 687 2785 733 2844; x_wconf 87' lang='grc' dir='ltr'>καί</span> <span class='ocrx_word' id='word_1_202' title='bbox 746 2785 925 2862; x_wconf 86' lang='grc' dir='ltr'>θεραπευομέ·</span> 
     </span>
     <span class='ocr_line' id='line_1_28' title="bbox 148 2872 925 2954; baseline 0 -22"><span class='ocrx_word' id='word_1_203' title='bbox 148 2898 200 2933; x_wconf 89' lang='grc' dir='ltr'>νων</span> <span class='ocrx_word' id='word_1_204' title='bbox 221 2877 286 2935; x_wconf 85' lang='grc' dir='ltr'>θεῶν</span> <span class='ocrx_word' id='word_1_205' title='bbox 305 2872 339 2933; x_wconf 70' lang='lat' dir='ltr'><strong>at</strong></span> <span class='ocrx_word' id='word_1_206' title='bbox 352 2873 472 2952; x_wconf 82' lang='grc' dir='ltr'>σύμόολα</span> <span class='ocrx_word' id='word_1_207' title='bbox 494 2873 540 2933; x_wconf 85' lang='grc' dir='ltr'>καί</span> <span class='ocrx_word' id='word_1_208' title='bbox 562 2873 608 2940; x_wconf 81' lang='grc' dir='ltr'>τάς</span> <span class='ocrx_word' id='word_1_209' title='bbox 629 2873 701 2954; x_wconf 86' lang='grc' dir='ltr'>ίερδις</span> <span class='ocrx_word' id='word_1_210' title='bbox 724 2873 925 2953; x_wconf 81' lang='grc' dir='ltr'>ἀμπεχομένους</span> 
     </span>
     <span class='ocr_line' id='line_1_29' title="bbox 147 2961 925 3043; baseline 0.001 -21"><span class='ocrx_word' id='word_1_211' title='bbox 147 2965 276 3037; x_wconf 80' lang='grc' dir='ltr'>ἐσθῆτας,</span> <span class='ocrx_word' id='word_1_212' title='bbox 290 2961 398 3041; x_wconf 87' lang='grc' dir='ltr'>ἀθρόους</span> <span class='ocrx_word' id='word_1_213' title='bbox 412 2962 455 3021; x_wconf 83' lang='grc' dir='ltr'>έπί</span> <span class='ocrx_word' id='word_1_214' title='bbox 474 2962 517 3022; x_wconf 87' lang='grc' dir='ltr'>τδν</span> <span class='ocrx_word' id='word_1_215' title='bbox 531 2961 638 3043; x_wconf 84' lang='grc' dir='ltr'>χάρακα</span> <span class='ocrx_word' id='word_1_216' title='bbox 656 2967 709 3022; x_wconf 85' lang='grc' dir='ltr'>τῶν</span> <span class='ocrx_word' id='word_1_217' title='bbox 725 2961 860 3037; x_wconf 83' lang='grc' dir='ltr'>πολεμίων</span> <span class='ocrx_word' id='word_1_218' title='bbox 873 2986 925 3023; x_wconf 86' lang='grc' dir='ltr'>πο·</span> 
     </span>
     <span class='ocr_line' id='line_1_30' title="bbox 148 3048 925 3131; baseline 0.004 -23"><span class='ocrx_word' id='word_1_219' title='bbox 148 3050 283 3128; x_wconf 84' lang='grc' dir='ltr'>ρεύεσθαι,</span> <span class='ocrx_word' id='word_1_220' title='bbox 305 3048 366 3116; x_wconf 81' lang='grc' dir='ltr'>τοθς</span> <span class='ocrx_word' id='word_1_221' title='bbox 389 3048 481 3116; x_wconf 77' lang='grc' dir='ltr'>αὐτοὺς</span> <span class='ocrx_word' id='word_1_222' title='bbox 504 3050 632 3131; x_wconf 83' lang='grc' dir='ltr'>φέροντας</span> <span class='ocrx_word' id='word_1_223' title='bbox 650 3053 704 3120; x_wconf 83' lang='grc' dir='ltr'>τοῖς</span> <span class='ocrx_word' id='word_1_224' title='bbox 724 3050 860 3131; x_wconf 82' lang='grc' dir='ltr'>προτέροις</span> <span class='ocrx_word' id='word_1_225' title='bbox 881 3052 925 3111; x_wconf 84' lang='grc' dir='ltr'>λό·</span> 
     </span>
     <span class='ocr_line' id='line_1_31' title="bbox 91 3136 923 3219; baseline 0 -20"><span class='ocrx_word' id='word_1_226' title='bbox 91 3166 121 3207; x_wconf 72' lang='grc' dir='ltr'>σο</span> <span class='ocrx_word' id='word_1_227' title='bbox 147 3157 217 3217; x_wconf 87' lang='grc' dir='ltr'>γους.</span> <span class='ocrx_word' id='word_1_228' title='bbox 259 3139 307 3206; x_wconf 83' lang='grc' dir='ltr'>Ὡς</span> <span class='ocrx_word' id='word_1_229' title='bbox 323 3136 351 3198; x_wconf 83' lang='grc' dir='ltr'>δέ</span> <span class='ocrx_word' id='word_1_230' title='bbox 366 3138 491 3217; x_wconf 82' lang='grc' dir='ltr'>ἀφίκοντο</span> <span class='ocrx_word' id='word_1_231' title='bbox 504 3141 528 3197; x_wconf 84' lang='lat' dir='ltr'>ol</span> <span class='ocrx_word' id='word_1_232' title='bbox 548 3138 639 3219; x_wconf 86' lang='grc' dir='ltr'>ἀνδρες</span> <span class='ocrx_word' id='word_1_233' title='bbox 659 3139 705 3199; x_wconf 86' lang='grc' dir='ltr'>καί</span> <span class='ocrx_word' id='word_1_234' title='bbox 727 3137 818 3208; x_wconf 72' lang='grc' dir='ltr'>ἔλεξαν</span> <span class='ocrx_word' id='word_1_235' title='bbox 838 3139 923 3214; x_wconf 83' lang='grc' dir='ltr'>όσαὴ</span> 
     </span>
     <span class='ocr_line' id='line_1_32' title="bbox 149 3225 925 3307; baseline 0.005 -20"><span class='ocrx_word' id='word_1_236' title='bbox 149 3230 232 3307; x_wconf 85' lang='grc' dir='ltr'>βουλὴ</span> <span class='ocrx_word' id='word_1_237' title='bbox 255 3229 343 3294; x_wconf 82' lang='grc' dir='ltr'>αὐτοῖς</span> <span class='ocrx_word' id='word_1_238' title='bbox 374 3225 538 3298; x_wconf 81' lang='grc' dir='ltr'>ἐπέστειλεν,</span> <span class='ocrx_word' id='word_1_239' title='bbox 565 3228 624 3286; x_wconf 78' lang='grc' dir='ltr'>οὐδέ</span> <span class='ocrx_word' id='word_1_240' title='bbox 657 3226 759 3297; x_wconf 85' lang='grc' dir='ltr'>τούτοις</span> <span class='ocrx_word' id='word_1_241' title='bbox 786 3228 881 3288; x_wconf 75' lang='grc' dir='ltr'>ἔδωκεν</span> <span class='ocrx_word' id='word_1_242' title='bbox 911 3234 925 3291; x_wconf 85' lang='grc' dir='ltr'>θ</span> 
     </span>
     <span class='ocr_line' id='line_1_33' title="bbox 149 3305 924 3399; baseline -0.004 -19"><span class='ocrx_word' id='word_1_243' title='bbox 149 3320 272 3399; x_wconf 83' lang='grc' dir='ltr'>Μάρκιος</span> <span class='ocrx_word' id='word_1_244' title='bbox 295 3315 433 3397; x_wconf 88' lang='grc' dir='ltr'>ἀπόκρισιν</span> <span class='ocrx_word' id='word_1_245' title='bbox 448 3316 516 3395; x_wconf 83' lang='grc' dir='ltr'>θπέρ</span> <span class='ocrx_word' id='word_1_246' title='bbox 529 3305 567 3373; x_wconf 73' lang='grc' dir='ltr'>ὧν</span> <span class='ocrx_word' id='word_1_247' title='bbox 580 3313 670 3388; x_wconf 82' lang='grc' dir='ltr'>ἠξίουν</span> <span class='ocrx_word' id='word_1_248' title='bbox 683 3362 692 3391; x_wconf 92' lang='grc'>,</span> <span class='ocrx_word' id='word_1_249' title='bbox 707 3314 766 3375; x_wconf 81' lang='grc' dir='ltr'>ἀλλ’</span> <span class='ocrx_word' id='word_1_250' title='bbox 784 3315 802 3387; x_wconf 76' lang='grc' dir='ltr'>ἢ</span> <span class='ocrx_word' id='word_1_251' title='bbox 824 3316 859 3375; x_wconf 93' lang='grc' dir='ltr'>τδι</span> <span class='ocrx_word' id='word_1_252' title='bbox 881 3342 924 3377; x_wconf 85' lang='grc' dir='ltr'>κε·</span> 
     </span>
     <span class='ocr_line' id='line_1_34' title="bbox 147 3402 924 3487; baseline -0.004 -18"><span class='ocrx_word' id='word_1_253' title='bbox 147 3408 276 3487; x_wconf 88' lang='grc' dir='ltr'>λιυόμενα</span> <span class='ocrx_word' id='word_1_254' title='bbox 289 3409 374 3467; x_wconf 80' lang='grc' dir='ltr'>ποιεῖν</span> <span class='ocrx_word' id='word_1_255' title='bbox 390 3402 574 3465; x_wconf 84' lang='grc' dir='ltr'>συνεόοόλευεν</span> <span class='ocrx_word' id='word_1_256' title='bbox 594 3403 738 3475; x_wconf 89' lang='grc' dir='ltr'>ἀπιόντας,</span> <span class='ocrx_word' id='word_1_257' title='bbox 767 3406 790 3462; x_wconf 87' lang='grc' dir='ltr'>εἰ</span> <span class='ocrx_word' id='word_1_258' title='bbox 805 3403 924 3466; x_wconf 89' lang='grc' dir='ltr'>θέλουσιν</span> 
     </span>
     <span class='ocr_line' id='line_1_35' title="bbox 149 3490 923 3577; baseline -0.001 -22"><span class='ocrx_word' id='word_1_259' title='bbox 149 3497 255 3577; x_wconf 84' lang='grc' dir='ltr'>εἰρήνην</span> <span class='ocrx_word' id='word_1_260' title='bbox 280 3495 370 3573; x_wconf 85' lang='grc' dir='ltr'>άγειν,</span> <span class='ocrx_word' id='word_1_261' title='bbox 388 3492 406 3564; x_wconf 74' lang='grc' dir='ltr'><strong>ἢ</strong></span> <span class='ocrx_word' id='word_1_262' title='bbox 421 3490 615 3574; x_wconf 85' lang='grc' dir='ltr'>προσδέχεσθαι</span> <span class='ocrx_word' id='word_1_263' title='bbox 629 3491 674 3551; x_wconf 78' lang='grc' dir='ltr'>τὸν</span> <span class='ocrx_word' id='word_1_264' title='bbox 695 3491 811 3568; x_wconf 86' lang='grc' dir='ltr'>πόλεμον</span> <span class='ocrx_word' id='word_1_265' title='bbox 825 3492 923 3565; x_wconf 75' lang='grc' dir='ltr'>ἥξοντα</span> 
     </span>
     <span class='ocr_line' id='line_1_36' title="bbox 89 3579 923 3664; baseline 0 -22"><span class='ocrx_word' id='word_1_266' title='bbox 89 3622 119 3663; x_wconf 61' lang='lat'>³5</span> <span class='ocrx_word' id='word_1_267' title='bbox 147 3582 215 3664; x_wconf 87' lang='grc' dir='ltr'>πρδς</span> <span class='ocrx_word' id='word_1_268' title='bbox 227 3581 276 3654; x_wconf 75' lang='grc' dir='ltr'>τὴν</span> <span class='ocrx_word' id='word_1_269' title='bbox 288 3580 365 3640; x_wconf 89' lang='grc' dir='ltr'>πόλιν</span> <span class='ocrx_word' id='word_1_270' title='bbox 375 3604 382 3620; x_wconf 96' lang='grc'>·</span> <span class='ocrx_word' id='word_1_271' title='bbox 394 3580 441 3641; x_wconf 90' lang='grc' dir='ltr'>καί</span> <span class='ocrx_word' id='word_1_272' title='bbox 455 3581 486 3641; x_wconf 91' lang='grc' dir='ltr'>τδ</span> <span class='ocrx_word' id='word_1_273' title='bbox 500 3579 592 3641; x_wconf 90' lang='grc' dir='ltr'>λοιπδν</span> <span class='ocrx_word' id='word_1_274' title='bbox 614 3581 712 3639; x_wconf 78' lang='grc' dir='ltr'>ἀπεῖπε</span> <span class='ocrx_word' id='word_1_275' title='bbox 735 3582 818 3658; x_wconf 80' lang='grc' dir='ltr'>μηδέν</span> <span class='ocrx_word' id='word_1_276' title='bbox 835 3582 923 3643; x_wconf 90' lang='grc' dir='ltr'>διαλέ-</span> 
     </span>
     <span class='ocr_line' id='line_1_37' title="bbox 148 3667 924 3753; baseline -0.004 -22"><span class='ocrx_word' id='word_1_277' title='bbox 148 3676 242 3753; x_wconf 88' lang='grc' dir='ltr'>γισθαι</span> <span class='ocrx_word' id='word_1_278' title='bbox 265 3669 329 3748; x_wconf 72' lang='grc' dir='ltr'>πρὸς</span> <span class='ocrx_word' id='word_1_279' title='bbox 351 3670 440 3730; x_wconf 77' lang='grc' dir='ltr'>αὐτόν.</span> <span class='ocrx_word' id='word_1_280' title='bbox 496 3669 546 3736; x_wconf 86' lang='grc' dir='ltr'>Ὧς</span> <span class='ocrx_word' id='word_1_281' title='bbox 568 3668 595 3727; x_wconf 87' lang='grc' dir='ltr'>δέ</span> <span class='ocrx_word' id='word_1_282' title='bbox 611 3670 657 3729; x_wconf 88' lang='grc' dir='ltr'>καί</span> <span class='ocrx_word' id='word_1_283' title='bbox 672 3667 770 3740; x_wconf 78' lang='grc' dir='ltr'>ταύτης</span> <span class='ocrx_word' id='word_1_284' title='bbox 793 3671 924 3751; x_wconf 84' lang='grc' dir='ltr'>ἀπέτυχον</span> 
     </span>
     <span class='ocr_line' id='line_1_38' title="bbox 148 3756 926 3839; baseline -0.004 -19"><span class='ocrx_word' id='word_1_285' title='bbox 148 3765 195 3833; x_wconf 74' lang='grc' dir='ltr'>τῆς</span> <span class='ocrx_word' id='word_1_286' title='bbox 219 3759 311 3839; x_wconf 89' lang='grc' dir='ltr'>πιίρας</span> <span class='ocrx_word' id='word_1_287' title='bbox 332 3761 356 3818; x_wconf 83' lang='lat' dir='ltr'>ol</span> <span class='ocrx_word' id='word_1_288' title='bbox 379 3757 524 3835; x_wconf 80' lang='grc' dir='ltr'>Ῥωμαῖοι,</span> <span class='ocrx_word' id='word_1_289' title='bbox 547 3766 637 3817; x_wconf 68' lang='grc' dir='ltr'>πᾶσαν</span> <span class='ocrx_word' id='word_1_290' title='bbox 659 3756 757 3817; x_wconf 76' lang='grc' dir='ltr'>ἐλπίδα</span> <span class='ocrx_word' id='word_1_291' title='bbox 781 3759 926 3838; x_wconf 83' lang='grc' dir='ltr'>διαλλαγῆς</span> 
     </span>
     <span class='ocr_line' id='line_1_39' title="bbox 149 3846 927 3929; baseline -0.005 -19"><span class='ocrx_word' id='word_1_292' title='bbox 149 3848 306 3929; x_wconf 85' lang='grc' dir='ltr'>ἀπογνόντις</span> <span class='ocrx_word' id='word_1_293' title='bbox 318 3852 354 3915; x_wconf 81' lang='grc' dir='ltr'>ὡς</span> <span class='ocrx_word' id='word_1_294' title='bbox 364 3846 602 3928; x_wconf 85' lang='grc' dir='ltr'>πολιορκησόμενοι</span> <span class='ocrx_word' id='word_1_295' title='bbox 616 3847 853 3926; x_wconf 76' lang='grc' dir='ltr'>παρεσκευάζοντο,</span> <span class='ocrx_word' id='word_1_296' title='bbox 868 3847 927 3917; x_wconf 82' lang='grc' dir='ltr'>τοὺς</span> 
     </span>
     <span class='ocr_line' id='line_1_40' title="bbox 150 3935 928 4016; baseline -0.001 -19"><span class='ocrx_word' id='word_1_297' title='bbox 150 3937 197 4015; x_wconf 79' lang='grc' dir='ltr'>μέν</span> <span class='ocrx_word' id='word_1_298' title='bbox 210 3937 403 4015; x_wconf 85' lang='grc' dir='ltr'>ἀκμαιοτάτους</span> <span class='ocrx_word' id='word_1_299' title='bbox 417 3936 468 4015; x_wconf 88' lang='grc' dir='ltr'>πρδ</span> <span class='ocrx_word' id='word_1_300' title='bbox 481 3939 528 4007; x_wconf 77' lang='grc' dir='ltr'>τῆς</span> <span class='ocrx_word' id='word_1_301' title='bbox 541 3936 642 4016; x_wconf 89' lang='grc' dir='ltr'>τάφρου</span> <span class='ocrx_word' id='word_1_302' title='bbox 661 3937 707 3996; x_wconf 86' lang='grc' dir='ltr'>καί</span> <span class='ocrx_word' id='word_1_303' title='bbox 721 3935 794 4016; x_wconf 76' lang='grc' dir='ltr'>παρά</span> <span class='ocrx_word' id='word_1_304' title='bbox 805 3940 864 4005; x_wconf 81' lang='grc' dir='ltr'>ταῖς</span> <span class='ocrx_word' id='word_1_305' title='bbox 879 3961 928 3996; x_wconf 85' lang='grc' dir='ltr'>πυ·</span> 
     </span>
     <span class='ocr_line' id='line_1_41' title="bbox 89 4023 925 4112; baseline -0.004 -24"><span class='ocrx_word' id='word_1_306' title='bbox 89 4070 121 4112; x_wconf 65' lang='lat'>40</span> <span class='ocrx_word' id='word_1_307' title='bbox 147 4029 208 4093; x_wconf 90' lang='grc' dir='ltr'>λαις</span> <span class='ocrx_word' id='word_1_308' title='bbox 222 4024 358 4096; x_wconf 80' lang='grc' dir='ltr'>τάξαντες,</span> <span class='ocrx_word' id='word_1_309' title='bbox 369 4023 428 4090; x_wconf 78' lang='grc' dir='ltr'>τοὺς</span> <span class='ocrx_word' id='word_1_310' title='bbox 440 4023 467 4083; x_wconf 85' lang='grc' dir='ltr'>δέ</span> <span class='ocrx_word' id='word_1_311' title='bbox 483 4025 638 4104; x_wconf 81' lang='grc' dir='ltr'>ἀφειμένους</span> <span class='ocrx_word' id='word_1_312' title='bbox 648 4024 699 4098; x_wconf 80' lang='grc' dir='ltr'>ἤδη</span> <span class='ocrx_word' id='word_1_313' title='bbox 713 4024 872 4102; x_wconf 86' lang='grc' dir='ltr'>στρατείας,</span> <span class='ocrx_word' id='word_1_314' title='bbox 887 4048 925 4094; x_wconf 91' lang='grc' dir='ltr'>οις</span> 
     </span>
     <span class='ocr_line' id='line_1_42' title="bbox 148 4105 927 4195; baseline -0.001 -20"><span class='ocrx_word' id='word_1_315' title='bbox 148 4115 188 4175; x_wconf 77' lang='grc' dir='ltr'>ότι</span> <span class='ocrx_word' id='word_1_316' title='bbox 204 4118 236 4175; x_wconf 85' lang='grc' dir='ltr'>τά</span> <span class='ocrx_word' id='word_1_317' title='bbox 251 4114 364 4192; x_wconf 80' lang='grc' dir='ltr'>σώματα</span> <span class='ocrx_word' id='word_1_318' title='bbox 379 4112 459 4173; x_wconf 81' lang='grc' dir='ltr'>ίκανά</span> <span class='ocrx_word' id='word_1_319' title='bbox 472 4105 505 4186; x_wconf 64' lang='grc' dir='ltr'>ἦν</span> <span class='ocrx_word' id='word_1_320' title='bbox 521 4117 696 4186; x_wconf 85' lang='grc' dir='ltr'>κακοπαθεῖν,</span> <span class='ocrx_word' id='word_1_321' title='bbox 715 4114 759 4172; x_wconf 83' lang='grc' dir='ltr'>ἰπὶ</span> <span class='ocrx_word' id='word_1_322' title='bbox 773 4115 825 4181; x_wconf 79' lang='grc' dir='ltr'>τοῖς</span> <span class='ocrx_word' id='word_1_323' title='bbox 840 4114 927 4195; x_wconf 76' lang='grc' dir='ltr'>τιίχσ·</span> 
     </span>
     <span class='ocr_line' id='line_1_43' title="bbox 148 4228 202 4265; baseline 0 0"><span class='ocrx_word' id='word_1_324' title='bbox 148 4228 202 4265; x_wconf 92' lang='grc' dir='ltr'>σιν.</span> 
     </span>
    </p>

    <p class='ocr_par' dir='ltr' id='par_1_4' title="bbox 89 4288 929 4632">
     <span class='ocr_line' id='line_1_44' title="bbox 189 4288 929 4370; baseline -0.008 -15"><span class='ocrx_word' id='word_1_325' title='bbox 189 4294 323 4355; x_wconf 76' lang='lat' dir='ltr'><strong>xxxix,</strong></span> <span class='ocrx_word' id='word_1_326' title='bbox 347 4293 383 4352; x_wconf 79' lang='grc' dir='ltr'>Αἰ</span> <span class='ocrx_word' id='word_1_327' title='bbox 403 4290 567 4368; x_wconf 83' lang='grc' dir='ltr'>δέγυναῖκες</span> <span class='ocrx_word' id='word_1_328' title='bbox 590 4293 677 4351; x_wconf 79' lang='grc' dir='ltr'>αὐτῶν</span> <span class='ocrx_word' id='word_1_329' title='bbox 700 4294 736 4358; x_wconf 78' lang='grc' dir='ltr'>ὣς</span> <span class='ocrx_word' id='word_1_330' title='bbox 755 4288 832 4370; x_wconf 72' lang='grc' dir='ltr'>ἔγγὺς</span> <span class='ocrx_word' id='word_1_331' title='bbox 855 4289 929 4359; x_wconf 83' lang='grc' dir='ltr'>ὄντος</span> 
     </span>
     <span class='ocr_line' id='line_1_45' title="bbox 146 4379 928 4457; baseline -0.004 -15"><span class='ocrx_word' id='word_1_332' title='bbox 146 4382 201 4455; x_wconf 77' lang='grc' dir='ltr'>ἤδη</span> <span class='ocrx_word' id='word_1_333' title='bbox 215 4386 260 4440; x_wconf 81' lang='grc' dir='ltr'>τοῦ</span> <span class='ocrx_word' id='word_1_334' title='bbox 275 4381 360 4439; x_wconf 78' lang='grc' dir='ltr'>δεινοῦ</span> <span class='ocrx_word' id='word_1_335' title='bbox 381 4381 576 4440; x_wconf 79' lang='grc' dir='ltr'>καταλιποῦσαι</span> <span class='ocrx_word' id='word_1_336' title='bbox 589 4385 637 4453; x_wconf 80' lang='grc' dir='ltr'>τῆς</span> <span class='ocrx_word' id='word_1_337' title='bbox 655 4379 723 4440; x_wconf 86' lang='grc' dir='ltr'>οίκοι</span> <span class='ocrx_word' id='word_1_338' title='bbox 742 4382 824 4457; x_wconf 81' lang='grc' dir='ltr'>μονῆς</span> <span class='ocrx_word' id='word_1_339' title='bbox 838 4380 870 4439; x_wconf 83' lang='grc' dir='ltr'>τδ</span> <span class='ocrx_word' id='word_1_340' title='bbox 882 4381 928 4440; x_wconf 81' lang='grc' dir='ltr'>εὖ·</span> 
     </span>
     <span class='ocr_line' id='line_1_46' title="bbox 89 4466 929 4632; baseline -0.001 -102"><span class='ocrx_word' id='word_1_341' title='bbox 89 4506 119 4547; x_wconf 66' lang='grc' dir='ltr'>,ς</span> <span class='ocrx_word' id='word_1_342' title='bbox 147 4469 260 4552; x_wconf 80' lang='grc' dir='ltr'>πρεπές,</span> <span class='ocrx_word' id='word_1_343' title='bbox 275 4468 347 4529; x_wconf 82' lang='grc' dir='ltr'>έθιον</span> <span class='ocrx_word' id='word_1_344' title='bbox 363 4466 408 4527; x_wconf 63' lang='lat' dir='ltr'><strong>tut</strong></span> <span class='ocrx_word' id='word_1_345' title='bbox 422 4468 456 4529; x_wconf 82' lang='grc' dir='ltr'>τά</span> <span class='ocrx_word' id='word_1_346' title='bbox 475 4467 573 4544; x_wconf 87' lang='grc' dir='ltr'>τιμίνη</span> <span class='ocrx_word' id='word_1_347' title='bbox 584 4472 637 4529; x_wconf 78' lang='grc' dir='ltr'>τῶν</span> <span class='ocrx_word' id='word_1_348' title='bbox 656 4471 723 4529; x_wconf 76' lang='grc' dir='ltr'>θεῶν</span> <span class='ocrx_word' id='word_1_349' title='bbox 736 4470 929 4632; x_wconf 71' lang='grc' dir='ltr'>όλοφιφόμιναί</span> 
     </span>
    </p>

    <p class='ocr_par' dir='ltr' id='par_1_5' title="bbox 148 4556 929 5175">
     <span class='ocr_line' id='line_1_47' title="bbox 148 4556 928 4639; baseline 0 -21"><span class='ocrx_word' id='word_1_350' title='bbox 148 4581 178 4618; x_wconf 91' lang='grc' dir='ltr'>τε</span> <span class='ocrx_word' id='word_1_351' title='bbox 203 4558 249 4619; x_wconf 85' lang='grc' dir='ltr'>καί</span> <span class='ocrx_word' id='word_1_352' title='bbox 265 4556 469 4639; x_wconf 87' lang='grc' dir='ltr'>προκυλιόμεναι</span> <span class='ocrx_word' id='word_1_353' title='bbox 493 4581 547 4618; x_wconf 87' lang='grc' dir='ltr'>των</span> <span class='ocrx_word' id='word_1_354' title='bbox 567 4557 677 4631; x_wconf 78' lang='grc' dir='ltr'>ξοάνων.</span> <span class='ocrx_word' id='word_1_355' title='bbox 734 4558 788 4620; x_wconf 77' lang='grc' dir='ltr'>Καὶ</span> <span class='ocrx_word' id='word_1_356' title='bbox 858 4559 928 4629; x_wconf 84' lang='grc' dir='ltr'>ἀπας</span> 
     </span>
     <span class='ocr_line' id='line_1_48' title="bbox 149 4646 928 4729; baseline 0 -24"><span class='ocrx_word' id='word_1_357' title='bbox 149 4646 200 4722; x_wconf 77' lang='grc' dir='ltr'>μέν</span> <span class='ocrx_word' id='word_1_358' title='bbox 221 4647 290 4729; x_wconf 85' lang='grc' dir='ltr'>ίιρδς</span> <span class='ocrx_word' id='word_1_359' title='bbox 310 4646 390 4712; x_wconf 81' lang='grc' dir='ltr'>τόπος</span> <span class='ocrx_word' id='word_1_360' title='bbox 408 4647 525 4726; x_wconf 78' lang='grc' dir='ltr'>οἰμωγῆς</span> <span class='ocrx_word' id='word_1_361' title='bbox 545 4670 575 4707; x_wconf 87' lang='grc' dir='ltr'>τε</span> <span class='ocrx_word' id='word_1_362' title='bbox 599 4647 645 4708; x_wconf 89' lang='grc' dir='ltr'>ιιαί</span> <span class='ocrx_word' id='word_1_363' title='bbox 666 4647 781 4716; x_wconf 88' lang='grc' dir='ltr'>ίκετείας</span> <span class='ocrx_word' id='word_1_364' title='bbox 794 4651 928 4726; x_wconf 80' lang='grc' dir='ltr'>γυναικῶν</span> 
     </span>
     <span class='ocr_line' id='line_1_49' title="bbox 151 4725 928 4815; baseline 0.003 -21"><span class='ocrx_word' id='word_1_365' title='bbox 151 4725 306 4815; x_wconf 83' lang='grc' dir='ltr'>ἀνάπλεως,</span> <span class='ocrx_word' id='word_1_366' title='bbox 329 4735 447 4815; x_wconf 78' lang='grc' dir='ltr'>μάλιστα</span> <span class='ocrx_word' id='word_1_367' title='bbox 467 4737 495 4796; x_wconf 79' lang='grc' dir='ltr'>δέ</span> <span class='ocrx_word' id='word_1_368' title='bbox 509 4736 539 4796; x_wconf 87' lang='grc' dir='ltr'>τδ</span> <span class='ocrx_word' id='word_1_369' title='bbox 552 4742 598 4798; x_wconf 76' lang='grc' dir='ltr'>τοῦ</span> <span class='ocrx_word' id='word_1_370' title='bbox 621 4736 792 4798; x_wconf 85' lang='grc' dir='ltr'>Καπιτωλίου</span> <span class='ocrx_word' id='word_1_371' title='bbox 813 4737 875 4805; x_wconf 66' lang='lat' dir='ltr'><strong>uc&lt;</strong></span> <span class='ocrx_word' id='word_1_372' title='bbox 888 4739 928 4796; x_wconf 82' lang='lat' dir='ltr'>te·</span> 
     </span>
     <span class='ocr_line' id='line_1_50' title="bbox 150 4822 929 4906; baseline 0.006 -23"><span class='ocrx_word' id='word_1_373' title='bbox 150 4822 207 4906; x_wconf 86' lang='grc' dir='ltr'>ρόν</span> <span class='ocrx_word' id='word_1_374' title='bbox 249 4823 335 4887; x_wconf 84' lang='grc' dir='ltr'>Ἔνθα</span> <span class='ocrx_word' id='word_1_375' title='bbox 359 4826 391 4898; x_wconf 83' lang='grc' dir='ltr'>δή</span> <span class='ocrx_word' id='word_1_376' title='bbox 374 4826 453 4898; x_wconf 83' lang='grc' dir='ltr'>ήτις</span> <span class='ocrx_word' id='word_1_377' title='bbox 477 4827 563 4885; x_wconf 84' lang='grc' dir='ltr'>αθτων</span> <span class='ocrx_word' id='word_1_378' title='bbox 579 4823 649 4904; x_wconf 83' lang='grc' dir='ltr'>γένει</span> <span class='ocrx_word' id='word_1_379' title='bbox 673 4849 702 4885; x_wconf 88' lang='grc' dir='ltr'>τε</span> <span class='ocrx_word' id='word_1_380' title='bbox 729 4829 775 4884; x_wconf 84' lang='grc' dir='ltr'>καί</span> <span class='ocrx_word' id='word_1_381' title='bbox 798 4824 929 4902; x_wconf 77' lang='grc' dir='ltr'>ἀξιώματι</span> 
     </span>
     <span class='ocr_line' id='line_1_51' title="bbox 90 4903 928 4998; baseline 0 -25"><span class='ocrx_word' id='word_1_382' title='bbox 90 4911 305 4998; x_wconf 64' lang='grc' dir='ltr'>ωπρυῦχουσα</span> <span class='ocrx_word' id='word_1_383' title='bbox 319 4913 366 4975; x_wconf 88' lang='grc' dir='ltr'>καί</span> <span class='ocrx_word' id='word_1_384' title='bbox 380 4914 486 4987; x_wconf 70' lang='grc' dir='ltr'>ἡλικίας</span> <span class='ocrx_word' id='word_1_385' title='bbox 498 4916 525 4974; x_wconf 87' lang='grc' dir='ltr'>ἰν</span> <span class='ocrx_word' id='word_1_386' title='bbox 537 4938 575 4997; x_wconf 82' lang='grc' dir='ltr'>τερ</span> <span class='ocrx_word' id='word_1_387' title='bbox 555 4913 763 4995; x_wconf 74' lang='grc' dir='ltr'>Ιἰιρατίατιρ’</span> <span class='ocrx_word' id='word_1_388' title='bbox 732 4936 792 4973; x_wconf 88' lang='grc' dir='ltr'>τοτι</span> <span class='ocrx_word' id='word_1_389' title='bbox 804 4903 872 4973; x_wconf 78' lang='grc' dir='ltr'>οάσα</span> <span class='ocrx_word' id='word_1_390' title='bbox 881 4913 928 4974; x_wconf 83' lang='grc' dir='ltr'>καί</span> 
     </span>
     <span class='ocr_line' id='line_1_52' title="bbox 149 5000 927 5084; baseline 0.001 -22"><span class='ocrx_word' id='word_1_391' title='bbox 149 5004 280 5084; x_wconf 71' lang='grc' dir='ltr'>φρονῆσαι</span> <span class='ocrx_word' id='word_1_392' title='bbox 291 5002 325 5064; x_wconf 87' lang='grc' dir='ltr'>τά</span> <span class='ocrx_word' id='word_1_393' title='bbox 335 5004 428 5064; x_wconf 84' lang='grc' dir='ltr'>θέοντα</span> <span class='ocrx_word' id='word_1_394' title='bbox 442 5003 606 5079; x_wconf 82' lang='grc' dir='ltr'>ίκαναιεάτη,</span> <span class='ocrx_word' id='word_1_395' title='bbox 620 5002 754 5081; x_wconf 71' lang='grc' dir='ltr'>Οὐαλερία</span> <span class='ocrx_word' id='word_1_396' title='bbox 771 5000 819 5078; x_wconf 79' lang='grc' dir='ltr'>μέν</span> <span class='ocrx_word' id='word_1_397' title='bbox 832 5000 927 5081; x_wconf 77' lang='grc' dir='ltr'>ὄνομα,</span> 
     </span>
     <span class='ocr_line' id='line_1_53' title="bbox 149 5091 926 5175; baseline 0.003 -23"><span class='ocrx_word' id='word_1_398' title='bbox 149 5092 307 5153; x_wconf 82' lang='grc' dir='ltr'>Ποπλικόλα</span> <span class='ocrx_word' id='word_1_399' title='bbox 319 5092 347 5153; x_wconf 82' lang='grc' dir='ltr'>δέ</span> <span class='ocrx_word' id='word_1_400' title='bbox 362 5117 409 5154; x_wconf 79' lang='grc' dir='ltr'>τοι</span> <span class='ocrx_word' id='word_1_401' title='bbox 392 5092 695 5175; x_wconf 73' lang='grc' dir='ltr'>’συνελινθιρόισαντος</span> <span class='ocrx_word' id='word_1_402' title='bbox 710 5091 813 5151; x_wconf 64' lang='lat' dir='ltr'>ml*</span> <span class='ocrx_word' id='word_1_403' title='bbox 777 5116 829 5151; x_wconf 89' lang='grc' dir='ltr'>των</span> <span class='ocrx_word' id='word_1_404' title='bbox 846 5096 926 5173; x_wconf 87' lang='grc' dir='ltr'>βασι·</span> 
     </span>
    </p>
   </div>
   <div class='ocr_carea' id='block_1_3' title="bbox 147 5179 928 5348">
    <p class='ocr_par' dir='ltr' id='par_1_6' title="bbox 147 5179 928 5348">
     <span class='ocr_line' id='line_1_54' title="bbox 148 5179 928 5263; baseline 0 -22"><span class='ocrx_word' id='word_1_405' title='bbox 148 5179 216 5241; x_wconf 75' lang='grc' dir='ltr'>δίων</span> <span class='ocrx_word' id='word_1_406' title='bbox 229 5179 279 5255; x_wconf 79' lang='grc' dir='ltr'>τὴν</span> <span class='ocrx_word' id='word_1_407' title='bbox 294 5182 373 5243; x_wconf 82' lang='grc' dir='ltr'>πόλιν</span> <span class='ocrx_word' id='word_1_408' title='bbox 392 5180 509 5262; x_wconf 72' lang='grc' dir='ltr'>ἀδελφὴ,</span> <span class='ocrx_word' id='word_1_409' title='bbox 527 5181 588 5263; x_wconf 84' lang='grc' dir='ltr'>θείῳ</span> <span class='ocrx_word' id='word_1_410' title='bbox 611 5180 663 5240; x_wconf 90' lang='grc' dir='ltr'>τινί</span> <span class='ocrx_word' id='word_1_411' title='bbox 677 5181 871 5261; x_wconf 66' lang='grc' dir='ltr'>παραστήματι</span> <span class='ocrx_word' id='word_1_412' title='bbox 884 5205 928 5241; x_wconf 84' lang='grc' dir='ltr'>κι·</span> 
     </span>
     <span class='ocr_line' id='line_1_55' title="bbox 147 5269 927 5348; baseline 0.003 -19"><span class='ocrx_word' id='word_1_413' title='bbox 147 5274 256 5345; x_wconf 78' lang='grc' dir='ltr'>νηθεῖσα</span> <span class='ocrx_word' id='word_1_414' title='bbox 270 5270 316 5330; x_wconf 82' lang='grc' dir='ltr'>έπί</span> <span class='ocrx_word' id='word_1_415' title='bbox 329 5274 377 5344; x_wconf 83' lang='grc' dir='ltr'>τῆς</span> <span class='ocrx_word' id='word_1_416' title='bbox 389 5270 518 5330; x_wconf 80' lang='grc' dir='ltr'>ἀνωτάτω</span> <span class='ocrx_word' id='word_1_417' title='bbox 531 5271 657 5345; x_wconf 83' lang='grc' dir='ltr'>κρηπῖδος</span> <span class='ocrx_word' id='word_1_418' title='bbox 669 5269 732 5345; x_wconf 75' lang='lat' dir='ltr'><strong>tos-q</strong></span> <span class='ocrx_word' id='word_1_419' title='bbox 744 5274 790 5331; x_wconf 73' lang='grc' dir='ltr'>τῶ</span> <span class='ocrx_word' id='word_1_420' title='bbox 804 5276 865 5348; x_wconf 76' lang='lat' dir='ltr'><strong>stul,</strong></span> <span class='ocrx_word' id='word_1_421' title='bbox 881 5270 927 5331; x_wconf 83' lang='grc' dir='ltr'>καί</span> 
     </span>
    </p>
   </div>
   <div class='ocr_carea' id='block_1_4' title="bbox 1699 447 1758 506">
    <p class='ocr_par' dir='ltr' id='par_1_7' title="bbox 1699 447 1758 506">
     <span class='ocr_line' id='line_1_56' title="bbox 1699 447 1758 506; baseline 0.034 -2"><span class='ocrx_word' id='word_1_422' title='bbox 1699 447 1758 506; x_wconf 75' lang='grc'>475</span> 
     </span>
    </p>
   </div>
   <div class='ocr_carea' id='block_1_5' title="bbox 980 583 1763 1777">
    <p class='ocr_par' dir='ltr' id='par_1_8' title="bbox 980 583 1763 1777">
     <span class='ocr_line' id='line_1_57' title="bbox 980 583 1761 649; baseline 0.003 -16"><span class='ocrx_word' id='word_1_423' title='bbox 980 586 1032 633; x_wconf 84' lang='lat' dir='ltr'>tem</span> <span class='ocrx_word' id='word_1_424' title='bbox 1051 586 1152 634; x_wconf 78' lang='lat' dir='ltr'><strong>mustus</strong></span> <span class='ocrx_word' id='word_1_425' title='bbox 1163 583 1269 648; x_wconf 88' lang='lat' dir='ltr'><strong>superba</strong></span> <span class='ocrx_word' id='word_1_426' title='bbox 1281 583 1369 634; x_wconf 75' lang='lat' dir='ltr'><strong>Marcii</strong></span> <span class='ocrx_word' id='word_1_427' title='bbox 1384 596 1502 648; x_wconf 86' lang='lat' dir='ltr'><strong>responsa</strong></span> <span class='ocrx_word' id='word_1_428' title='bbox 1512 585 1539 634; x_wconf 89' lang='lat' dir='ltr'>et</span> <span class='ocrx_word' id='word_1_429' title='bbox 1552 583 1633 634; x_wconf 83' lang='lat' dir='ltr'><strong>miuus</strong></span> <span class='ocrx_word' id='word_1_430' title='bbox 1646 596 1679 635; x_wconf 87' lang='lat' dir='ltr'><strong>ex</strong></span> <span class='ocrx_word' id='word_1_431' title='bbox 1691 583 1761 649; x_wconf 86' lang='lat' dir='ltr'><strong>lega·</strong></span> 
     </span>
     <span class='ocr_line' id='line_1_58' title="bbox 981 674 1759 745; baseline 0.01 -21"><span class='ocrx_word' id='word_1_432' title='bbox 981 674 1015 724; x_wconf 88' lang='lat' dir='ltr'>tis</span> <span class='ocrx_word' id='word_1_433' title='bbox 1034 676 1161 740; x_wconf 74' lang='lat' dir='ltr'>audisset,</span> <span class='ocrx_word' id='word_1_434' title='bbox 1182 693 1213 730; x_wconf 91' lang='lat' dir='ltr'>ne</span> <span class='ocrx_word' id='word_1_435' title='bbox 1229 682 1291 730; x_wconf 88' lang='lat' dir='ltr'><strong>tunc</strong></span> <span class='ocrx_word' id='word_1_436' title='bbox 1305 680 1408 745; x_wconf 88' lang='lat' dir='ltr'><strong>quidem</strong></span> <span class='ocrx_word' id='word_1_437' title='bbox 1427 681 1512 745; x_wconf 88' lang='lat' dir='ltr'><strong>copias</strong></span> <span class='ocrx_word' id='word_1_438' title='bbox 1523 695 1554 732; x_wconf 83' lang='lat' dir='ltr'><strong>er</strong></span> <span class='ocrx_word' id='word_1_439' title='bbox 1576 682 1639 732; x_wconf 88' lang='lat' dir='ltr'><strong>urbe</strong></span> <span class='ocrx_word' id='word_1_440' title='bbox 1652 681 1759 733; x_wconf 82' lang='lat' dir='ltr'><strong>educere</strong></span> 
     </span>
     <span class='ocr_line' id='line_1_59' title="bbox 981 771 1761 845; baseline 0.012 -24"><span class='ocrx_word' id='word_1_441' title='bbox 981 771 1107 836; x_wconf 86' lang='lat' dir='ltr'><strong>decrerit;</strong></span> <span class='ocrx_word' id='word_1_442' title='bbox 1100 776 1173 827; x_wconf 86' lang='lat' dir='ltr'><strong>·sire</strong></span> <span class='ocrx_word' id='word_1_443' title='bbox 1186 777 1254 842; x_wconf 90' lang='lat' dir='ltr'><strong>quod</strong></span> <span class='ocrx_word' id='word_1_444' title='bbox 1264 778 1374 830; x_wconf 89' lang='lat' dir='ltr'><strong>militum</strong></span> <span class='ocrx_word' id='word_1_445' title='bbox 1396 793 1509 840; x_wconf 88' lang='lat' dir='ltr'><strong>suorum,</strong></span> <span class='ocrx_word' id='word_1_446' title='bbox 1522 793 1631 843; x_wconf 90' lang='lat' dir='ltr'><strong>quorum</strong></span> <span class='ocrx_word' id='word_1_447' title='bbox 1648 780 1761 845; x_wconf 79' lang='lat' dir='ltr'>plerique</span> 
     </span>
     <span class='ocr_line' id='line_1_60' title="bbox 981 869 1762 940; baseline 0.01 -22"><span class='ocrx_word' id='word_1_448' title='bbox 981 869 1074 920; x_wconf 87' lang='lat' dir='ltr'><strong>tirones</strong></span> <span class='ocrx_word' id='word_1_449' title='bbox 1086 876 1172 933; x_wconf 87' lang='lat' dir='ltr'><strong>erant,</strong></span> <span class='ocrx_word' id='word_1_450' title='bbox 1191 874 1217 923; x_wconf 92' lang='lat' dir='ltr'>in</span> <span class='ocrx_word' id='word_1_451' title='bbox 1234 873 1301 925; x_wconf 89' lang='lat' dir='ltr'><strong>bello</strong></span> <span class='ocrx_word' id='word_1_452' title='bbox 1318 875 1469 940; x_wconf 84' lang='lat' dir='ltr'><strong>irnperItiam</strong></span> <span class='ocrx_word' id='word_1_453' title='bbox 1480 876 1599 938; x_wconf 78' lang='lat' dir='ltr'><strong>timebnt3</strong></span> <span class='ocrx_word' id='word_1_454' title='bbox 1622 876 1675 926; x_wconf 89' lang='lat' dir='ltr'><strong>sire</strong></span> <span class='ocrx_word' id='word_1_455' title='bbox 1693 875 1762 940; x_wconf 80' lang='lat' dir='ltr'><strong>quod</strong></span> 
     </span>
     <span class='ocr_line' id='line_1_61' title="bbox 981 968 1763 1035; baseline 0.006 -20"><span class='ocrx_word' id='word_1_456' title='bbox 981 968 1156 1018; x_wconf 78' lang='lat' dir='ltr'><strong>consulum⁰</strong></span> <span class='ocrx_word' id='word_1_457' title='bbox 1131 985 1156 1018; x_wconf 71' lang='grc' dir='ltr'>ιι·</span> <span class='ocrx_word' id='word_1_458' title='bbox 1141 970 1256 1033; x_wconf 70' lang='lat' dir='ltr'><strong>„naviam</strong></span> <span class='ocrx_word' id='word_1_459' title='bbox 1285 973 1354 1035; x_wconf 84' lang='lat' dir='ltr'><strong>(nam</strong></span> <span class='ocrx_word' id='word_1_460' title='bbox 1374 971 1427 1024; x_wconf 84' lang='lat' dir='ltr'><strong>iere</strong></span> <span class='ocrx_word' id='word_1_461' title='bbox 1447 972 1531 1023; x_wconf 82' lang='lat' dir='ltr'><strong>nihil</strong></span> <span class='ocrx_word' id='word_1_462' title='bbox 1523 986 1549 1023; x_wconf 87' lang='grc' dir='ltr'>ιιι</span> <span class='ocrx_word' id='word_1_463' title='bbox 1561 973 1592 1022; x_wconf 88' lang='lat' dir='ltr'>iis</span> <span class='ocrx_word' id='word_1_464' title='bbox 1605 975 1660 1021; x_wconf 84' lang='lat' dir='ltr'><strong>erat</strong></span> <span class='ocrx_word' id='word_1_465' title='bbox 1680 970 1763 1021; x_wconf 89' lang='lat' dir='ltr'><strong>indus·</strong></span> 
     </span>
     <span class='ocr_line' id='line_1_62' title="bbox 982 1063 1762 1129; baseline 0.006 -18"><span class='ocrx_word' id='word_1_466' title='bbox 982 1063 1050 1125; x_wconf 83' lang='lat' dir='ltr'><strong>trice)</strong></span> <span class='ocrx_word' id='word_1_467' title='bbox 1073 1064 1241 1129; x_wconf 83' lang='lat' dir='ltr'><strong>perleulosam</strong></span> <span class='ocrx_word' id='word_1_468' title='bbox 1262 1067 1433 1119; x_wconf 75' lang='lat' dir='ltr'>arbitrabatur</span> <span class='ocrx_word' id='word_1_469' title='bbox 1454 1068 1486 1120; x_wconf 80' lang='lat' dir='ltr'><strong>acl</strong></span> <span class='ocrx_word' id='word_1_470' title='bbox 1514 1072 1613 1119; x_wconf 84' lang='lat' dir='ltr'><strong>tautum</strong></span> <span class='ocrx_word' id='word_1_471' title='bbox 1636 1071 1762 1119; x_wconf 84' lang='lat' dir='ltr'><strong>certamen</strong></span> 
     </span>
     <span class='ocr_line' id='line_1_63' title="bbox 982 1158 1760 1229; baseline 0.008 -21"><span class='ocrx_word' id='word_1_472' title='bbox 982 1158 1154 1224; x_wconf 87' lang='lat' dir='ltr'><strong>subeundum;</strong></span> <span class='ocrx_word' id='word_1_473' title='bbox 1172 1163 1225 1213; x_wconf 88' lang='lat' dir='ltr'><strong>sive</strong></span> <span class='ocrx_word' id='word_1_474' title='bbox 1240 1163 1315 1213; x_wconf 87' lang='lat' dir='ltr'><strong>etiam</strong></span> <span class='ocrx_word' id='word_1_475' title='bbox 1328 1164 1397 1229; x_wconf 87' lang='lat' dir='ltr'><strong>quud</strong></span> <span class='ocrx_word' id='word_1_476' title='bbox 1417 1179 1508 1217; x_wconf 91' lang='lat' dir='ltr'><strong>numen</strong></span> <span class='ocrx_word' id='word_1_477' title='bbox 1519 1166 1633 1217; x_wconf 84' lang='lat' dir='ltr'><strong>divinum</strong></span> <span class='ocrx_word' id='word_1_478' title='bbox 1645 1165 1678 1215; x_wconf 87' lang='lat' dir='ltr'>ab</span> <span class='ocrx_word' id='word_1_479' title='bbox 1697 1165 1760 1215; x_wconf 79' lang='lat' dir='ltr'><strong>eulu-</strong></span> 
     </span>
     <span class='ocr_line' id='line_1_64' title="bbox 982 1254 1762 1327; baseline 0.01 -23"><span class='ocrx_word' id='word_1_480' title='bbox 982 1254 1067 1305; x_wconf 87' lang='lat' dir='ltr'><strong>cendis</strong></span> <span class='ocrx_word' id='word_1_481' title='bbox 1082 1257 1162 1321; x_wconf 87' lang='lat' dir='ltr'><strong>copiis</strong></span> <span class='ocrx_word' id='word_1_482' title='bbox 1178 1258 1260 1322; x_wconf 76' lang='lat' dir='ltr'><strong>Ipsum</strong></span> <span class='ocrx_word' id='word_1_483' title='bbox 1271 1258 1428 1321; x_wconf 88' lang='lat' dir='ltr'><strong>deterrebat,</strong></span> <span class='ocrx_word' id='word_1_484' title='bbox 1450 1266 1495 1313; x_wconf 88' lang='lat' dir='ltr'><strong>aut</strong></span> <span class='ocrx_word' id='word_1_485' title='bbox 1515 1264 1644 1327; x_wconf 81' lang='lat' dir='ltr'><strong>auspicia.</strong></span> <span class='ocrx_word' id='word_1_486' title='bbox 1660 1266 1706 1315; x_wconf 85' lang='lat' dir='ltr'>cut</span> <span class='ocrx_word' id='word_1_487' title='bbox 1720 1261 1762 1314; x_wconf 86' lang='lat' dir='ltr'><strong>Si-</strong></span> 
     </span>
     <span class='ocr_line' id='line_1_65' title="bbox 984 1349 1763 1421; baseline 0.008 -22"><span class='ocrx_word' id='word_1_488' title='bbox 984 1349 1077 1413; x_wconf 82' lang='lat' dir='ltr'><strong>byllina</strong></span> <span class='ocrx_word' id='word_1_489' title='bbox 1097 1353 1211 1410; x_wconf 81' lang='lat' dir='ltr'><strong>oracula,</strong></span> <span class='ocrx_word' id='word_1_490' title='bbox 1234 1357 1279 1403; x_wconf 84' lang='lat' dir='ltr'><strong>aut</strong></span> <span class='ocrx_word' id='word_1_491' title='bbox 1301 1354 1382 1418; x_wconf 86' lang='lat' dir='ltr'><strong>patria</strong></span> <span class='ocrx_word' id='word_1_492' title='bbox 1409 1355 1495 1420; x_wconf 84' lang='lat' dir='ltr'><strong>attqrm</strong></span> <span class='ocrx_word' id='word_1_493' title='bbox 1520 1357 1606 1421; x_wconf 89' lang='lat' dir='ltr'><strong>religio</strong></span> <span class='ocrx_word' id='word_1_494' title='bbox 1637 1360 1763 1421; x_wconf 85' lang='lat' dir='ltr'><strong>(quoram</strong></span> 
     </span>
     <span class='ocr_line' id='line_1_66' title="bbox 982 1447 1763 1516; baseline 0.01 -23"><span class='ocrx_word' id='word_1_495' title='bbox 982 1447 1045 1494; x_wconf 82' lang='lat' dir='ltr'><strong>aetas</strong></span> <span class='ocrx_word' id='word_1_496' title='bbox 1056 1459 1083 1495; x_wconf 86' lang='lat' dir='ltr'><strong>ea</strong></span> <span class='ocrx_word' id='word_1_497' title='bbox 1099 1450 1153 1497; x_wconf 85' lang='lat' dir='ltr'><strong>erat</strong></span> <span class='ocrx_word' id='word_1_498' title='bbox 1166 1447 1428 1511; x_wconf 86' lang='lat' dir='ltr'><strong>longeobserrsntior.</strong></span> <span class='ocrx_word' id='word_1_499' title='bbox 1444 1465 1522 1516; x_wconf 83' lang='lat' dir='ltr'><strong>quam</strong></span> <span class='ocrx_word' id='word_1_500' title='bbox 1532 1453 1611 1502; x_wconf 83' lang='lat' dir='ltr'><strong>nostri</strong></span> <span class='ocrx_word' id='word_1_501' title='bbox 1628 1451 1706 1502; x_wconf 87' lang='lat' dir='ltr'><strong>seculi</strong></span> <span class='ocrx_word' id='word_1_502' title='bbox 1715 1451 1763 1502; x_wconf 82' lang='lat' dir='ltr'>ho-</span> 
     </span>
     <span class='ocr_line' id='line_1_67' title="bbox 982 1540 1763 1608; baseline 0.008 -18"><span class='ocrx_word' id='word_1_503' title='bbox 982 1540 1133 1603; x_wconf 55' lang='grc' dir='ltr'>πέπαλται</span> <span class='ocrx_word' id='word_1_504' title='bbox 1149 1542 1238 1593; x_wconf 88' lang='lat' dir='ltr'><strong>urbem</strong></span> <span class='ocrx_word' id='word_1_505' title='bbox 1255 1542 1377 1607; x_wconf 79' lang='lat' dir='ltr'><strong>presidiis</strong></span> <span class='ocrx_word' id='word_1_506' title='bbox 1397 1543 1670 1608; x_wconf 68' lang='lat' dir='ltr'><strong>diligentissume,</strong></span> <span class='ocrx_word' id='word_1_507' title='bbox 1693 1548 1719 1596; x_wconf 88' lang='lat' dir='ltr'>et</span> <span class='ocrx_word' id='word_1_508' title='bbox 1732 1559 1763 1596; x_wconf 83' lang='lat' dir='ltr'><strong>ex</strong></span> 
     </span>
     <span class='ocr_line' id='line_1_68' title="bbox 983 1613 1763 1704; baseline 0.008 -21"><span class='ocrx_word' id='word_1_509' title='bbox 983 1635 1043 1698; x_wconf 84' lang='lat' dir='ltr'><strong>ipsis</strong></span> <span class='ocrx_word' id='word_1_510' title='bbox 1070 1635 1246 1689; x_wconf 69' lang='lat' dir='ltr'><strong>munitionibus</strong></span> <span class='ocrx_word' id='word_1_511' title='bbox 1259 1638 1382 1703; x_wconf 86' lang='lat' dir='ltr'><strong>impetum</strong></span> <span class='ocrx_word' id='word_1_512' title='bbox 1405 1613 1687 1704; x_wconf 81' lang='lat' dir='ltr'><strong>bostiumpropulsare</strong></span> <span class='ocrx_word' id='word_1_513' title='bbox 1709 1642 1763 1689; x_wconf 90' lang='lat' dir='ltr'><strong>sta-</strong></span> 
     </span>
     <span class='ocr_line' id='line_1_69' title="bbox 982 1727 1040 1777; baseline 0.034 -2"><span class='ocrx_word' id='word_1_514' title='bbox 982 1727 1040 1777; x_wconf 86' lang='lat' dir='ltr'><strong>tuit.</strong></span> 
     </span>
    </p>
   </div>
   <div class='ocr_carea' id='block_1_6' title="bbox 980 1914 1765 3702">
    <p class='ocr_par' dir='ltr' id='par_1_9' title="bbox 980 1914 1765 3702">
     <span class='ocr_line' id='line_1_70' title="bbox 1014 1914 1762 1983; baseline 0.007 -18"><span class='ocrx_word' id='word_1_515' title='bbox 1014 1916 1268 1967; x_wconf 82' lang='lat' dir='ltr'><strong>xxxvl11.tnterim</strong></span> <span class='ocrx_word' id='word_1_516' title='bbox 1287 1914 1350 1966; x_wconf 88' lang='lat' dir='ltr'><strong>dum</strong></span> <span class='ocrx_word' id='word_1_517' title='bbox 1370 1917 1423 1967; x_wconf 76' lang='lat' dir='ltr'><strong>hac</strong></span> <span class='ocrx_word' id='word_1_518' title='bbox 1446 1919 1568 1979; x_wconf 87' lang='lat' dir='ltr'><strong>geruntur</strong></span> <span class='ocrx_word' id='word_1_519' title='bbox 1588 1920 1614 1969; x_wconf 88' lang='lat' dir='ltr'>et</span> <span class='ocrx_word' id='word_1_520' title='bbox 1632 1923 1762 1983; x_wconf 85' lang='lat' dir='ltr'><strong>parantur,</strong></span> 
     </span>
     <span class='ocr_line' id='line_1_71' title="bbox 982 2012 1762 2081; baseline 0.008 -19"><span class='ocrx_word' id='word_1_521' title='bbox 982 2013 1092 2064; x_wconf 84' lang='lat' dir='ltr'><strong>nondum</strong></span> <span class='ocrx_word' id='word_1_522' title='bbox 1107 2013 1203 2065; x_wconf 85' lang='lat' dir='ltr'><strong>abIceta</strong></span> <span class='ocrx_word' id='word_1_523' title='bbox 1221 2012 1289 2063; x_wconf 87' lang='lat' dir='ltr'><strong>omni</strong></span> <span class='ocrx_word' id='word_1_524' title='bbox 1300 2027 1344 2077; x_wconf 88' lang='lat' dir='ltr'>spe</span> <span class='ocrx_word' id='word_1_525' title='bbox 1362 2013 1450 2064; x_wconf 74' lang='lat' dir='ltr'><strong>Marcii</strong></span> <span class='ocrx_word' id='word_1_526' title='bbox 1466 2013 1594 2074; x_wconf 85' lang='lat' dir='ltr'><strong>flectendi,</strong></span> <span class='ocrx_word' id='word_1_527' title='bbox 1615 2015 1637 2065; x_wconf 87' lang='lat' dir='ltr'>si</span> <span class='ocrx_word' id='word_1_528' title='bbox 1653 2030 1698 2081; x_wconf 92' lang='lat' dir='ltr'><strong>per</strong></span> <span class='ocrx_word' id='word_1_529' title='bbox 1708 2030 1762 2068; x_wconf 85' lang='lat' dir='ltr'><strong>rne-</strong></span> 
     </span>
     <span class='ocr_line' id='line_1_72' title="bbox 983 2111 1765 2178; baseline 0.004 -15"><span class='ocrx_word' id='word_1_530' title='bbox 983 2126 1065 2178; x_wconf 73' lang='lat' dir='ltr'><strong>Jorem</strong></span> <span class='ocrx_word' id='word_1_531' title='bbox 1079 2116 1105 2163; x_wconf 87' lang='lat' dir='ltr'>et</span> <span class='ocrx_word' id='word_1_532' title='bbox 1124 2111 1309 2163; x_wconf 76' lang='lat' dir='ltr'><strong>honoratiorem</strong></span> <span class='ocrx_word' id='word_1_533' title='bbox 1333 2111 1481 2176; x_wconf 78' lang='lat' dir='ltr'><strong>legetionem</strong></span> <span class='ocrx_word' id='word_1_534' title='bbox 1498 2118 1697 2175; x_wconf 73' lang='lat' dir='ltr'><strong>emanassent,</strong></span> <span class='ocrx_word' id='word_1_535' title='bbox 1719 2115 1765 2167; x_wconf 86' lang='lat' dir='ltr'><strong>de-</strong></span> 
     </span>
     <span class='ocr_line' id='line_1_73' title="bbox 982 2208 1764 2273; baseline 0.008 -15"><span class='ocrx_word' id='word_1_536' title='bbox 982 2211 1129 2267; x_wconf 82' lang='lat' dir='ltr'><strong>creverunt,</strong></span> <span class='ocrx_word' id='word_1_537' title='bbox 1145 2211 1174 2258; x_wconf 91' lang='lat' dir='ltr'><strong>ut</strong></span> <span class='ocrx_word' id='word_1_538' title='bbox 1186 2208 1316 2272; x_wconf 85' lang='lat' dir='ltr'><strong>pontitices</strong></span> <span class='ocrx_word' id='word_1_539' title='bbox 1325 2212 1351 2259; x_wconf 87' lang='lat' dir='ltr'>et</span> <span class='ocrx_word' id='word_1_540' title='bbox 1365 2222 1473 2273; x_wconf 77' lang='lat' dir='ltr'><strong>augures</strong></span> <span class='ocrx_word' id='word_1_541' title='bbox 1484 2213 1510 2261; x_wconf 88' lang='lat' dir='ltr'>et</span> <span class='ocrx_word' id='word_1_542' title='bbox 1524 2210 1600 2262; x_wconf 88' lang='lat' dir='ltr'><strong>ceteri</strong></span> <span class='ocrx_word' id='word_1_543' title='bbox 1620 2213 1764 2264; x_wconf 74' lang='lat' dir='ltr'><strong>sacerdotes</strong></span> 
     </span>
     <span class='ocr_line' id='line_1_74' title="bbox 982 2298 1762 2373; baseline 0.01 -18"><span class='ocrx_word' id='word_1_544' title='bbox 982 2319 1081 2367; x_wconf 85' lang='lat' dir='ltr'><strong>omnes,</strong></span> <span class='ocrx_word' id='word_1_545' title='bbox 1094 2298 1220 2370; x_wconf 79' lang='lat' dir='ltr'><strong>quotquot</strong></span> <span class='ocrx_word' id='word_1_546' title='bbox 1238 2318 1323 2356; x_wconf 88' lang='lat' dir='ltr'><strong>sacros</strong></span> <span class='ocrx_word' id='word_1_547' title='bbox 1343 2306 1450 2357; x_wconf 87' lang='lat' dir='ltr'><strong>bonores</strong></span> <span class='ocrx_word' id='word_1_548' title='bbox 1469 2311 1549 2373; x_wconf 90' lang='lat' dir='ltr'><strong>atque</strong></span> <span class='ocrx_word' id='word_1_549' title='bbox 1560 2322 1645 2359; x_wconf 88' lang='lat' dir='ltr'><strong>rerum</strong></span> <span class='ocrx_word' id='word_1_550' title='bbox 1664 2310 1762 2363; x_wconf 82' lang='lat' dir='ltr'><strong>diviua·</strong></span> 
     </span>
     <span class='ocr_line' id='line_1_75' title="bbox 983 2402 1763 2476; baseline 0.009 -21"><span class='ocrx_word' id='word_1_551' title='bbox 983 2419 1040 2455; x_wconf 86' lang='lat' dir='ltr'><strong>rum</strong></span> <span class='ocrx_word' id='word_1_552' title='bbox 1054 2418 1141 2454; x_wconf 88' lang='lat' dir='ltr'><strong>curam</strong></span> <span class='ocrx_word' id='word_1_553' title='bbox 1155 2402 1280 2468; x_wconf 90' lang='lat' dir='ltr'><strong>publicam</strong></span> <span class='ocrx_word' id='word_1_554' title='bbox 1300 2404 1420 2468; x_wconf 87' lang='lat' dir='ltr'><strong>gerebant</strong></span> <span class='ocrx_word' id='word_1_555' title='bbox 1437 2406 1573 2470; x_wconf 77' lang='lat' dir='ltr'><strong>(permulti</strong></span> <span class='ocrx_word' id='word_1_556' title='bbox 1595 2413 1681 2460; x_wconf 88' lang='lat' dir='ltr'><strong>autem</strong></span> <span class='ocrx_word' id='word_1_557' title='bbox 1695 2411 1763 2476; x_wconf 85' lang='lat' dir='ltr'><strong>apud</strong></span> 
     </span>
     <span class='ocr_line' id='line_1_76' title="bbox 981 2500 1763 2572; baseline 0.009 -21"><span class='ocrx_word' id='word_1_558' title='bbox 981 2501 1039 2552; x_wconf 92' lang='lat' dir='ltr'><strong>illos</strong></span> <span class='ocrx_word' id='word_1_559' title='bbox 1048 2505 1107 2552; x_wconf 89' lang='lat' dir='ltr'><strong>sunt</strong></span> <span class='ocrx_word' id='word_1_560' title='bbox 1121 2500 1264 2553; x_wconf 85' lang='lat' dir='ltr'><strong>sacerdotes</strong></span> <span class='ocrx_word' id='word_1_561' title='bbox 1276 2504 1301 2552; x_wconf 94' lang='lat' dir='ltr'>et</span> <span class='ocrx_word' id='word_1_562' title='bbox 1319 2502 1424 2553; x_wconf 84' lang='lat' dir='ltr'><strong>deorum</strong></span> <span class='ocrx_word' id='word_1_563' title='bbox 1443 2502 1566 2567; x_wconf 80' lang='lat' dir='ltr'><strong>micistri,</strong></span> <span class='ocrx_word' id='word_1_564' title='bbox 1580 2508 1657 2570; x_wconf 83' lang='lat' dir='ltr'><strong>atque</strong></span> <span class='ocrx_word' id='word_1_565' title='bbox 1669 2507 1697 2557; x_wconf 93' lang='lat' dir='ltr'><strong>hi</strong></span> <span class='ocrx_word' id='word_1_566' title='bbox 1716 2507 1763 2572; x_wconf 88' lang='lat' dir='ltr'><strong>ipsi</strong></span> 
     </span>
     <span class='ocr_line' id='line_1_77' title="bbox 982 2598 1764 2660; baseline 0.001 -10"><span class='ocrx_word' id='word_1_567' title='bbox 982 2598 1164 2650; x_wconf 88' lang='lat' dir='ltr'><strong>santumnium</strong></span> <span class='ocrx_word' id='word_1_568' title='bbox 1179 2598 1342 2658; x_wconf 78' lang='lat' dir='ltr'><strong>nobilissimI‚</strong></span> <span class='ocrx_word' id='word_1_569' title='bbox 1364 2603 1420 2648; x_wconf 89' lang='lat' dir='ltr'>tum</span> <span class='ocrx_word' id='word_1_570' title='bbox 1434 2598 1467 2649; x_wconf 92' lang='lat' dir='ltr'>ob</span> <span class='ocrx_word' id='word_1_571' title='bbox 1478 2598 1560 2650; x_wconf 88' lang='lat' dir='ltr'><strong>claros</strong></span> <span class='ocrx_word' id='word_1_572' title='bbox 1581 2601 1691 2660; x_wconf 80' lang='lat' dir='ltr'><strong>natales.</strong></span> <span class='ocrx_word' id='word_1_573' title='bbox 1710 2604 1764 2651; x_wconf 89' lang='lat' dir='ltr'>tum</span> 
     </span>
     <span class='ocr_line' id='line_1_78' title="bbox 981 2696 1763 2759; baseline -0.001 -10"><span class='ocrx_word' id='word_1_574' title='bbox 981 2699 1014 2749; x_wconf 91' lang='lat' dir='ltr'>ob</span> <span class='ocrx_word' id='word_1_575' title='bbox 1030 2711 1090 2749; x_wconf 87' lang='lat' dir='ltr'><strong>snas</strong></span> <span class='ocrx_word' id='word_1_576' title='bbox 1103 2697 1226 2756; x_wconf 86' lang='lat' dir='ltr'><strong>vlrtntes)</strong></span> <span class='ocrx_word' id='word_1_577' title='bbox 1237 2696 1384 2759; x_wconf 83' lang='lat' dir='ltr'><strong>dignitatem</strong></span> <span class='ocrx_word' id='word_1_578' title='bbox 1401 2710 1460 2748; x_wconf 85' lang='grc' dir='ltr'>εσιιι</span> <span class='ocrx_word' id='word_1_579' title='bbox 1471 2696 1613 2748; x_wconf 83' lang='lat' dir='ltr'><strong>obtinentes</strong></span> <span class='ocrx_word' id='word_1_580' title='bbox 1640 2712 1692 2748; x_wconf 91' lang='lat' dir='ltr'><strong>una</strong></span> <span class='ocrx_word' id='word_1_581' title='bbox 1705 2712 1763 2748; x_wconf 89' lang='lat' dir='ltr'>cum</span> 
     </span>
     <span class='ocr_line' id='line_1_79' title="bbox 981 2790 1763 2858; baseline 0 -14"><span class='ocrx_word' id='word_1_582' title='bbox 981 2793 1041 2858; x_wconf 91' lang='lat' dir='ltr'><strong>ipsis</strong></span> <span class='ocrx_word' id='word_1_583' title='bbox 1054 2790 1192 2857; x_wconf 77' lang='lat' dir='ltr'><strong>insignibus</strong></span> <span class='ocrx_word' id='word_1_584' title='bbox 1210 2790 1329 2848; x_wconf 83' lang='lat' dir='ltr'><strong>deorum,</strong></span> <span class='ocrx_word' id='word_1_585' title='bbox 1350 2803 1459 2855; x_wconf 89' lang='lat' dir='ltr'><strong>quorum</strong></span> <span class='ocrx_word' id='word_1_586' title='bbox 1480 2802 1550 2840; x_wconf 88' lang='lat' dir='ltr'><strong>sacra</strong></span> <span class='ocrx_word' id='word_1_587' title='bbox 1564 2790 1723 2843; x_wconf 86' lang='lat' dir='ltr'><strong>celebrantur</strong></span> <span class='ocrx_word' id='word_1_588' title='bbox 1736 2795 1763 2844; x_wconf 92' lang='lat' dir='ltr'>et</span> 
     </span>
     <span class='ocr_line' id='line_1_80' title="bbox 981 2883 1764 2952; baseline 0 -15"><span class='ocrx_word' id='word_1_589' title='bbox 981 2887 1026 2952; x_wconf 92' lang='lat' dir='ltr'><strong>qui</strong></span> <span class='ocrx_word' id='word_1_590' title='bbox 1056 2899 1075 2935; x_wconf 87' lang='lat' dir='ltr'><strong>a</strong></span> <span class='ocrx_word' id='word_1_591' title='bbox 1101 2884 1199 2950; x_wconf 84' lang='lat' dir='ltr'><strong>populo</strong></span> <span class='ocrx_word' id='word_1_592' title='bbox 1220 2888 1336 2935; x_wconf 82' lang='lat' dir='ltr'><strong>tinomao</strong></span> <span class='ocrx_word' id='word_1_593' title='bbox 1359 2883 1515 2945; x_wconf 84' lang='lat' dir='ltr'><strong>colebantur,</strong></span> <span class='ocrx_word' id='word_1_594' title='bbox 1536 2887 1562 2935; x_wconf 89' lang='lat' dir='ltr'>et</span> <span class='ocrx_word' id='word_1_595' title='bbox 1585 2886 1662 2937; x_wconf 86' lang='lat' dir='ltr'><strong>sacris</strong></span> <span class='ocrx_word' id='word_1_596' title='bbox 1686 2886 1764 2937; x_wconf 83' lang='lat' dir='ltr'><strong>velati</strong></span> 
     </span>
     <span class='ocr_line' id='line_1_81' title="bbox 980 2976 1762 3044; baseline 0.001 -16"><span class='ocrx_word' id='word_1_597' title='bbox 980 2978 1109 3039; x_wconf 84' lang='lat' dir='ltr'><strong>vestibus,</strong></span> <span class='ocrx_word' id='word_1_598' title='bbox 1133 2991 1183 3028; x_wconf 89' lang='lat' dir='ltr'>nno</span> <span class='ocrx_word' id='word_1_599' title='bbox 1197 2976 1293 3041; x_wconf 79' lang='lat' dir='ltr'><strong>agmine</strong></span> <span class='ocrx_word' id='word_1_600' title='bbox 1309 2976 1419 3027; x_wconf 83' lang='lat' dir='ltr'><strong>hostiurn</strong></span> <span class='ocrx_word' id='word_1_601' title='bbox 1442 2982 1524 3029; x_wconf 82' lang='lat' dir='ltr'><strong>cestra</strong></span> <span class='ocrx_word' id='word_1_602' title='bbox 1545 2982 1673 3044; x_wconf 86' lang='lat' dir='ltr'><strong>peterent,</strong></span> <span class='ocrx_word' id='word_1_603' title='bbox 1704 2994 1762 3031; x_wconf 90' lang='lat' dir='ltr'>cum</span> 
     </span>
     <span class='ocr_line' id='line_1_82' title="bbox 982 3070 1764 3137; baseline -0.003 -11"><span class='ocrx_word' id='word_1_604' title='bbox 982 3075 1071 3126; x_wconf 89' lang='lat' dir='ltr'><strong>iisdem</strong></span> <span class='ocrx_word' id='word_1_605' title='bbox 1097 3071 1237 3133; x_wconf 84' lang='lat' dir='ltr'><strong>mandatis,</strong></span> <span class='ocrx_word' id='word_1_606' title='bbox 1260 3084 1318 3136; x_wconf 81' lang='lat' dir='ltr'><strong>quae</strong></span> <span class='ocrx_word' id='word_1_607' title='bbox 1345 3070 1440 3135; x_wconf 84' lang='lat' dir='ltr'><strong>priores</strong></span> <span class='ocrx_word' id='word_1_608' title='bbox 1462 3071 1538 3137; x_wconf 85' lang='lat' dir='ltr'><strong>legati</strong></span> <span class='ocrx_word' id='word_1_609' title='bbox 1568 3074 1687 3125; x_wconf 86' lang='lat' dir='ltr'><strong>tulerant.</strong></span> <span class='ocrx_word' id='word_1_610' title='bbox 1713 3074 1764 3134; x_wconf 86' lang='lat' dir='ltr'><strong>Qui</strong></span> 
     </span>
     <span class='ocr_line' id='line_1_83' title="bbox 982 3165 1764 3233; baseline 0 -14"><span class='ocrx_word' id='word_1_611' title='bbox 982 3168 1026 3219; x_wconf 91' lang='lat' dir='ltr'>nbi</span> <span class='ocrx_word' id='word_1_612' title='bbox 1058 3181 1087 3218; x_wconf 89' lang='lat' dir='ltr'><strong>eo</strong></span> <span class='ocrx_word' id='word_1_613' title='bbox 1117 3168 1301 3231; x_wconf 85' lang='lat' dir='ltr'><strong>pervenerunt,</strong></span> <span class='ocrx_word' id='word_1_614' title='bbox 1333 3167 1358 3215; x_wconf 89' lang='lat' dir='ltr'>et</span> <span class='ocrx_word' id='word_1_615' title='bbox 1379 3168 1481 3216; x_wconf 84' lang='lat' dir='ltr'><strong>senatus</strong></span> <span class='ocrx_word' id='word_1_616' title='bbox 1502 3165 1621 3216; x_wconf 83' lang='lat' dir='ltr'><strong>mandata</strong></span> <span class='ocrx_word' id='word_1_617' title='bbox 1642 3180 1764 3233; x_wconf 83' lang='lat' dir='ltr'><strong>exposue-</strong></span> 
     </span>
     <span class='ocr_line' id='line_1_84' title="bbox 981 3260 1761 3326; baseline 0 -12"><span class='ocrx_word' id='word_1_618' title='bbox 981 3266 1041 3314; x_wconf 86' lang='lat' dir='ltr'><strong>runt</strong></span> <span class='ocrx_word' id='word_1_619' title='bbox 1050 3303 1056 3323; x_wconf 91' lang='lat'>‚</span> <span class='ocrx_word' id='word_1_620' title='bbox 1066 3262 1176 3313; x_wconf 80' lang='lat' dir='ltr'><strong>Marcius</strong></span> <span class='ocrx_word' id='word_1_621' title='bbox 1189 3275 1220 3311; x_wconf 88' lang='lat' dir='ltr'>ne</span> <span class='ocrx_word' id='word_1_622' title='bbox 1234 3260 1273 3310; x_wconf 82' lang='lat' dir='ltr'>nis</span> <span class='ocrx_word' id='word_1_623' title='bbox 1282 3260 1396 3325; x_wconf 83' lang='lat' dir='ltr'><strong>quidem,</strong></span> <span class='ocrx_word' id='word_1_624' title='bbox 1411 3274 1469 3326; x_wconf 82' lang='lat' dir='ltr'><strong>qum</strong></span> <span class='ocrx_word' id='word_1_625' title='bbox 1480 3261 1606 3325; x_wconf 85' lang='lat' dir='ltr'><strong>petebant,</strong></span> <span class='ocrx_word' id='word_1_626' title='bbox 1626 3264 1761 3325; x_wconf 87' lang='lat' dir='ltr'><strong>concessit;</strong></span> 
     </span>
     <span class='ocr_line' id='line_1_85' title="bbox 981 3353 1763 3420; baseline -0.001 -10"><span class='ocrx_word' id='word_1_627' title='bbox 981 3359 1025 3411; x_wconf 89' lang='lat' dir='ltr'>sed</span> <span class='ocrx_word' id='word_1_628' title='bbox 1044 3356 1140 3418; x_wconf 88' lang='lat' dir='ltr'><strong>suasit,</strong></span> <span class='ocrx_word' id='word_1_629' title='bbox 1155 3357 1185 3405; x_wconf 91' lang='lat' dir='ltr'><strong>ut</strong></span> <span class='ocrx_word' id='word_1_630' title='bbox 1195 3358 1240 3404; x_wconf 85' lang='lat' dir='ltr'><strong>aut</strong></span> <span class='ocrx_word' id='word_1_631' title='bbox 1255 3354 1347 3404; x_wconf 85' lang='lat' dir='ltr'><strong>reversi</strong></span> <span class='ocrx_word' id='word_1_632' title='bbox 1361 3354 1483 3418; x_wconf 87' lang='lat' dir='ltr'><strong>imperata</strong></span> <span class='ocrx_word' id='word_1_633' title='bbox 1502 3353 1627 3414; x_wconf 85' lang='lat' dir='ltr'><strong>Iacerent.</strong></span> <span class='ocrx_word' id='word_1_634' title='bbox 1643 3356 1664 3406; x_wconf 89' lang='lat' dir='ltr'>si</span> <span class='ocrx_word' id='word_1_635' title='bbox 1677 3371 1763 3420; x_wconf 87' lang='lat' dir='ltr'><strong>pacem</strong></span> 
     </span>
     <span class='ocr_line' id='line_1_86' title="bbox 981 3448 1763 3515; baseline -0.004 -9"><span class='ocrx_word' id='word_1_636' title='bbox 981 3454 1072 3506; x_wconf 88' lang='lat' dir='ltr'><strong>babere</strong></span> <span class='ocrx_word' id='word_1_637' title='bbox 1085 3450 1195 3511; x_wconf 78' lang='lat' dir='ltr'><strong>vellent,</strong></span> <span class='ocrx_word' id='word_1_638' title='bbox 1218 3453 1262 3499; x_wconf 85' lang='lat' dir='ltr'>cut</span> <span class='ocrx_word' id='word_1_639' title='bbox 1279 3448 1373 3500; x_wconf 87' lang='lat' dir='ltr'><strong>bellum</strong></span> <span class='ocrx_word' id='word_1_640' title='bbox 1392 3449 1425 3500; x_wconf 86' lang='lat' dir='ltr'>ud</span> <span class='ocrx_word' id='word_1_641' title='bbox 1436 3449 1490 3515; x_wconf 88' lang='lat' dir='ltr'><strong>ipsu</strong></span> <span class='ocrx_word' id='word_1_642' title='bbox 1510 3450 1580 3502; x_wconf 91' lang='lat' dir='ltr'><strong>urbis</strong></span> <span class='ocrx_word' id='word_1_643' title='bbox 1593 3455 1684 3503; x_wconf 88' lang='lat' dir='ltr'><strong>moenia</strong></span> <span class='ocrx_word' id='word_1_644' title='bbox 1702 3467 1763 3504; x_wconf 88' lang='lat' dir='ltr'><strong>ven-</strong></span> 
     </span>
     <span class='ocr_line' id='line_1_87' title="bbox 980 3542 1763 3611; baseline -0.001 -13"><span class='ocrx_word' id='word_1_645' title='bbox 980 3552 1067 3598; x_wconf 89' lang='lat' dir='ltr'><strong>turum</strong></span> <span class='ocrx_word' id='word_1_646' title='bbox 1079 3545 1268 3608; x_wconf 73' lang='lat' dir='ltr'><strong>exspectarent3</strong></span> <span class='ocrx_word' id='word_1_647' title='bbox 1297 3542 1441 3607; x_wconf 68' lang='lat' dir='ltr'><strong>edicitque,</strong></span> <span class='ocrx_word' id='word_1_648' title='bbox 1464 3558 1495 3594; x_wconf 92' lang='lat' dir='ltr'>ne</span> <span class='ocrx_word' id='word_1_649' title='bbox 1509 3544 1573 3608; x_wconf 84' lang='lat' dir='ltr'><strong>quid</strong></span> <span class='ocrx_word' id='word_1_650' title='bbox 1587 3545 1613 3607; x_wconf 86' lang='lat' dir='ltr'><strong>iu</strong></span> <span class='ocrx_word' id='word_1_651' title='bbox 1635 3549 1763 3611; x_wconf 87' lang='lat' dir='ltr'><strong>posterum</strong></span> 
     </span>
     <span class='ocr_line' id='line_1_88' title="bbox 982 3635 1763 3702; baseline -0.001 -14"><span class='ocrx_word' id='word_1_652' title='bbox 982 3650 1067 3689; x_wconf 84' lang='lat' dir='ltr'><strong>secum</strong></span> <span class='ocrx_word' id='word_1_653' title='bbox 1085 3636 1296 3700; x_wconf 82' lang='lat' dir='ltr'><strong>colloquerentur.</strong></span> <span class='ocrx_word' id='word_1_654' title='bbox 1331 3639 1366 3684; x_wconf 84' lang='lat' dir='ltr'><strong>Ac</strong></span> <span class='ocrx_word' id='word_1_655' title='bbox 1390 3636 1507 3694; x_wconf 76' lang='lat' dir='ltr'><strong>Romani,</strong></span> <span class='ocrx_word' id='word_1_656' title='bbox 1525 3635 1573 3686; x_wconf 88' lang='lat' dir='ltr'><strong>hoc</strong></span> <span class='ocrx_word' id='word_1_657' title='bbox 1598 3651 1699 3702; x_wconf 90' lang='lat' dir='ltr'><strong>quoque</strong></span> <span class='ocrx_word' id='word_1_658' title='bbox 1720 3652 1763 3687; x_wconf 82' lang='lat' dir='ltr'><strong>co·</strong></span> 
     </span>
    </p>
   </div>
   <div class='ocr_carea' id='block_1_7' title="bbox 982 3725 1763 3884">
    <p class='ocr_par' dir='ltr' id='par_1_10' title="bbox 982 3725 1763 3884">
     <span class='ocr_line' id='line_1_89' title="bbox 982 3725 1763 3791; baseline 0 -12"><span class='ocrx_word' id='word_1_659' title='bbox 982 3731 1042 3780; x_wconf 85' lang='lat' dir='ltr'><strong>natu</strong></span> <span class='ocrx_word' id='word_1_660' title='bbox 1056 3725 1186 3783; x_wconf 80' lang='lat' dir='ltr'><strong>frustrati,</strong></span> <span class='ocrx_word' id='word_1_661' title='bbox 1204 3729 1230 3775; x_wconf 92' lang='lat' dir='ltr'>et</span> <span class='ocrx_word' id='word_1_662' title='bbox 1243 3726 1310 3776; x_wconf 90' lang='lat' dir='ltr'><strong>omni</strong></span> <span class='ocrx_word' id='word_1_663' title='bbox 1327 3740 1370 3791; x_wconf 91' lang='lat' dir='ltr'>spe</span> <span class='ocrx_word' id='word_1_664' title='bbox 1386 3727 1454 3790; x_wconf 84' lang='lat' dir='ltr'><strong>pacis</strong></span> <span class='ocrx_word' id='word_1_665' title='bbox 1466 3726 1597 3790; x_wconf 87' lang='lat' dir='ltr'><strong>deposita,</strong></span> <span class='ocrx_word' id='word_1_666' title='bbox 1611 3743 1637 3779; x_wconf 91' lang='lat' dir='ltr'>se</span> <span class='ocrx_word' id='word_1_667' title='bbox 1651 3728 1683 3778; x_wconf 79' lang='lat' dir='ltr'>aul</span> <span class='ocrx_word' id='word_1_668' title='bbox 1695 3729 1763 3779; x_wconf 89' lang='lat' dir='ltr'><strong>obsi-</strong></span> 
     </span>
     <span class='ocr_line' id='line_1_90' title="bbox 982 3816 1763 3884; baseline -0.001 -13"><span class='ocrx_word' id='word_1_669' title='bbox 982 3820 1083 3871; x_wconf 87' lang='lat' dir='ltr'><strong>dionem</strong></span> <span class='ocrx_word' id='word_1_670' title='bbox 1101 3816 1255 3868; x_wconf 86' lang='lat' dir='ltr'><strong>toleramlam</strong></span> <span class='ocrx_word' id='word_1_671' title='bbox 1268 3817 1402 3881; x_wconf 81' lang='lat' dir='ltr'><strong>parabaut;</strong></span> <span class='ocrx_word' id='word_1_672' title='bbox 1425 3831 1454 3867; x_wconf 85' lang='lat' dir='ltr'>sc</span> <span class='ocrx_word' id='word_1_673' title='bbox 1469 3817 1638 3869; x_wconf 76' lang='lat' dir='ltr'><strong>validissimos</strong></span> <span class='ocrx_word' id='word_1_674' title='bbox 1649 3833 1763 3884; x_wconf 90' lang='lat' dir='ltr'><strong>quosque</strong></span> 
     </span>
    </p>
   </div>
   <div class='ocr_carea' id='block_1_8' title="bbox 899 3907 1763 4075">
    <p class='ocr_par' dir='ltr' id='par_1_11' title="bbox 899 3907 1763 4075">
     <span class='ocr_line' id='line_1_91' title="bbox 906 3907 1762 3975; baseline -0.005 -9"><span class='ocrx_word' id='word_1_675' title='bbox 906 3937 914 3959; x_wconf 72' lang='grc' dir='ltr'>ι</span> <span class='ocrx_word' id='word_1_676' title='bbox 981 3910 1129 3967; x_wconf 72' lang='lat' dir='ltr'><strong>iuvenescit</strong></span> <span class='ocrx_word' id='word_1_677' title='bbox 1143 3907 1223 3960; x_wconf 79' lang='lat' dir='ltr'><strong>iussas</strong></span> <span class='ocrx_word' id='word_1_678' title='bbox 1233 3912 1259 3960; x_wconf 91' lang='lat' dir='ltr'>et</span> <span class='ocrx_word' id='word_1_679' title='bbox 1278 3913 1377 3975; x_wconf 87' lang='lat' dir='ltr'><strong>portas,</strong></span> <span class='ocrx_word' id='word_1_680' title='bbox 1391 3912 1522 3961; x_wconf 85' lang='lat' dir='ltr'><strong>veteranos</strong></span> <span class='ocrx_word' id='word_1_681' title='bbox 1533 3923 1595 3960; x_wconf 85' lang='lat' dir='ltr'><strong>vero</strong></span> <span class='ocrx_word' id='word_1_682' title='bbox 1608 3910 1659 3960; x_wconf 83' lang='lat' dir='ltr'><strong>iarn</strong></span> <span class='ocrx_word' id='word_1_683' title='bbox 1673 3912 1762 3962; x_wconf 85' lang='lat' dir='ltr'><strong>emeri-</strong></span> 
     </span>
     <span class='ocr_line' id='line_1_92' title="bbox 899 4006 1763 4075; baseline -0.001 -13"><span class='ocrx_word' id='word_1_684' title='bbox 899 4016 916 4046; x_wconf 65' lang='lat' dir='ltr'><strong>e</strong></span> <span class='ocrx_word' id='word_1_685' title='bbox 983 4015 1038 4071; x_wconf 87' lang='lat' dir='ltr'><strong>tos,</strong></span> <span class='ocrx_word' id='word_1_686' title='bbox 1058 4009 1104 4075; x_wconf 86' lang='lat' dir='ltr'>qni</span> <span class='ocrx_word' id='word_1_687' title='bbox 1122 4007 1206 4060; x_wconf 90' lang='lat' dir='ltr'><strong>adbuc</strong></span> <span class='ocrx_word' id='word_1_688' title='bbox 1222 4007 1255 4058; x_wconf 85' lang='lat' dir='ltr'>ad</span> <span class='ocrx_word' id='word_1_689' title='bbox 1271 4007 1369 4059; x_wconf 82' lang='lat' dir='ltr'><strong>labores</strong></span> <span class='ocrx_word' id='word_1_690' title='bbox 1392 4006 1508 4059; x_wconf 85' lang='lat' dir='ltr'><strong>ferendos</strong></span> <span class='ocrx_word' id='word_1_691' title='bbox 1529 4006 1612 4058; x_wconf 77' lang='lat' dir='ltr'><strong>monci</strong></span> <span class='ocrx_word' id='word_1_692' title='bbox 1633 4013 1720 4069; x_wconf 80' lang='lat' dir='ltr'><strong>aaut,</strong></span> <span class='ocrx_word' id='word_1_693' title='bbox 1737 4010 1763 4061; x_wconf 91' lang='lat' dir='ltr'><strong>ia</strong></span> 
     </span>
    </p>
   </div>
   <div class='ocr_carea' id='block_1_9' title="bbox 983 4107 1306 4173">
    <p class='ocr_par' dir='ltr' id='par_1_12' title="bbox 983 4107 1306 4173">
     <span class='ocr_line' id='line_1_93' title="bbox 983 4107 1306 4173; baseline -0.012 -12"><span class='ocrx_word' id='word_1_694' title='bbox 983 4108 1108 4161; x_wconf 83' lang='lat' dir='ltr'><strong>moenibus</strong></span> <span class='ocrx_word' id='word_1_695' title='bbox 1120 4107 1306 4173; x_wconf 85' lang='lat' dir='ltr'><strong>disposuerunt.</strong></span> 
     </span>
    </p>
   </div>
   <div class='ocr_carea' id='block_1_10' title="bbox 982 4301 1763 4815">
    <p class='ocr_par' dir='ltr' id='par_1_13' title="bbox 982 4301 1763 4815">
     <span class='ocr_line' id='line_1_94' title="bbox 1016 4301 1762 4371; baseline -0.003 -14"><span class='ocrx_word' id='word_1_696' title='bbox 1016 4307 1124 4357; x_wconf 88' lang='lat' dir='ltr'><strong>XXXIX.</strong></span> <span class='ocrx_word' id='word_1_697' title='bbox 1142 4306 1266 4369; x_wconf 81' lang='lat' dir='ltr'><strong>coniuges</strong></span> <span class='ocrx_word' id='word_1_698' title='bbox 1285 4317 1345 4355; x_wconf 80' lang='lat' dir='ltr'><strong>vero</strong></span> <span class='ocrx_word' id='word_1_699' title='bbox 1358 4305 1388 4354; x_wconf 92' lang='lat' dir='ltr'>nt</span> <span class='ocrx_word' id='word_1_700' title='bbox 1403 4301 1549 4356; x_wconf 83' lang='lat' dir='ltr'><strong>lmmtnente</strong></span> <span class='ocrx_word' id='word_1_701' title='bbox 1562 4303 1613 4356; x_wconf 88' lang='lat' dir='ltr'>iam</span> <span class='ocrx_word' id='word_1_702' title='bbox 1627 4306 1684 4357; x_wconf 92' lang='lat' dir='ltr'><strong>urbi</strong></span> <span class='ocrx_word' id='word_1_703' title='bbox 1695 4305 1762 4371; x_wconf 90' lang='lat' dir='ltr'><strong>peri·</strong></span> 
     </span>
     <span class='ocr_line' id='line_1_95' title="bbox 983 4392 1762 4460; baseline -0.004 -14"><span class='ocrx_word' id='word_1_704' title='bbox 983 4396 1040 4447; x_wconf 89' lang='lat' dir='ltr'><strong>culo</strong></span> <span class='ocrx_word' id='word_1_705' title='bbox 1051 4408 1083 4446; x_wconf 80' lang='lat' dir='ltr'><strong>ex</strong></span> <span class='ocrx_word' id='word_1_706' title='bbox 1097 4394 1253 4460; x_wconf 83' lang='lat' dir='ltr'><strong>privatarum</strong></span> <span class='ocrx_word' id='word_1_707' title='bbox 1261 4392 1355 4445; x_wconf 75' lang='lat' dir='ltr'><strong>aedium</strong></span> <span class='ocrx_word' id='word_1_708' title='bbox 1365 4393 1536 4459; x_wconf 76' lang='lat' dir='ltr'><strong>penetralibus</strong></span> <span class='ocrx_word' id='word_1_709' title='bbox 1548 4395 1660 4459; x_wconf 90' lang='lat' dir='ltr'><strong>neglecto</strong></span> <span class='ocrx_word' id='word_1_710' title='bbox 1671 4395 1762 4445; x_wconf 87' lang='lat' dir='ltr'><strong>decoro</strong></span> 
     </span>
     <span class='ocr_line' id='line_1_96' title="bbox 983 4481 1763 4547; baseline -0.001 -14"><span class='ocrx_word' id='word_1_711' title='bbox 983 4495 1087 4547; x_wconf 76' lang='lat' dir='ltr'><strong>egressos</strong></span> <span class='ocrx_word' id='word_1_712' title='bbox 1098 4481 1131 4531; x_wconf 84' lang='lat' dir='ltr'>ad</span> <span class='ocrx_word' id='word_1_713' title='bbox 1146 4481 1251 4532; x_wconf 88' lang='lat' dir='ltr'><strong>deorum</strong></span> <span class='ocrx_word' id='word_1_714' title='bbox 1265 4481 1360 4545; x_wconf 85' lang='lat' dir='ltr'><strong>templa</strong></span> <span class='ocrx_word' id='word_1_715' title='bbox 1378 4481 1521 4545; x_wconf 77' lang='lat' dir='ltr'><strong>currebant,</strong></span> <span class='ocrx_word' id='word_1_716' title='bbox 1536 4486 1562 4533; x_wconf 89' lang='lat' dir='ltr'>et</span> <span class='ocrx_word' id='word_1_717' title='bbox 1576 4497 1633 4533; x_wconf 89' lang='lat' dir='ltr'>cum</span> <span class='ocrx_word' id='word_1_718' title='bbox 1647 4481 1763 4532; x_wconf 84' lang='lat' dir='ltr'><strong>lamentis</strong></span> 
     </span>
     <span class='ocr_line' id='line_1_97' title="bbox 983 4568 1763 4634; baseline -0.003 -12"><span class='ocrx_word' id='word_1_719' title='bbox 983 4585 1010 4622; x_wconf 89' lang='lat' dir='ltr'>se</span> <span class='ocrx_word' id='word_1_720' title='bbox 1021 4574 1079 4621; x_wconf 86' lang='lat' dir='ltr'><strong>ante</strong></span> <span class='ocrx_word' id='word_1_721' title='bbox 1089 4569 1223 4620; x_wconf 86' lang='lat' dir='ltr'><strong>simulacra</strong></span> <span class='ocrx_word' id='word_1_722' title='bbox 1244 4568 1406 4628; x_wconf 86' lang='lat' dir='ltr'><strong>volutabant,</strong></span> <span class='ocrx_word' id='word_1_723' title='bbox 1425 4571 1502 4634; x_wconf 88' lang='lat' dir='ltr'><strong>atque</strong></span> <span class='ocrx_word' id='word_1_724' title='bbox 1516 4569 1597 4620; x_wconf 84' lang='lat' dir='ltr'><strong>omnis</strong></span> <span class='ocrx_word' id='word_1_725' title='bbox 1612 4583 1682 4619; x_wconf 82' lang='lat' dir='ltr'><strong>sacer</strong></span> <span class='ocrx_word' id='word_1_726' title='bbox 1692 4568 1763 4620; x_wconf 86' lang='lat' dir='ltr'><strong>locus</strong></span> 
     </span>
     <span class='ocr_line' id='line_1_98' title="bbox 982 4655 1763 4722; baseline -0.004 -11"><span class='ocrx_word' id='word_1_727' title='bbox 982 4660 1092 4711; x_wconf 88' lang='lat' dir='ltr'><strong>eiulatus</strong></span> <span class='ocrx_word' id='word_1_728' title='bbox 1104 4661 1129 4709; x_wconf 92' lang='lat' dir='ltr'>et</span> <span class='ocrx_word' id='word_1_729' title='bbox 1148 4656 1283 4708; x_wconf 88' lang='lat' dir='ltr'><strong>mulierum</strong></span> <span class='ocrx_word' id='word_1_730' title='bbox 1298 4655 1493 4721; x_wconf 82' lang='lat' dir='ltr'><strong>supplicantium</strong></span> <span class='ocrx_word' id='word_1_731' title='bbox 1513 4657 1602 4722; x_wconf 91' lang='lat' dir='ltr'><strong>plenus</strong></span> <span class='ocrx_word' id='word_1_732' title='bbox 1613 4660 1684 4719; x_wconf 86' lang='lat' dir='ltr'><strong>erat,</strong></span> <span class='ocrx_word' id='word_1_733' title='bbox 1697 4671 1763 4721; x_wconf 80' lang='lat' dir='ltr'><strong>prce·</strong></span> 
     </span>
     <span class='ocr_line' id='line_1_99' title="bbox 984 4746 1762 4815; baseline 0 -15"><span class='ocrx_word' id='word_1_734' title='bbox 984 4749 1057 4815; x_wconf 84' lang='lat' dir='ltr'><strong>cipue</strong></span> <span class='ocrx_word' id='word_1_735' title='bbox 1076 4762 1137 4801; x_wconf 76' lang='lat' dir='ltr'><strong>vero</strong></span> <span class='ocrx_word' id='word_1_736' title='bbox 1157 4748 1223 4799; x_wconf 87' lang='lat' dir='ltr'><strong>loris</strong></span> <span class='ocrx_word' id='word_1_737' title='bbox 1241 4746 1375 4813; x_wconf 81' lang='lat' dir='ltr'><strong>cnpttulini</strong></span> <span class='ocrx_word' id='word_1_738' title='bbox 1394 4746 1525 4812; x_wconf 88' lang='lat' dir='ltr'><strong>templum.</strong></span> <span class='ocrx_word' id='word_1_739' title='bbox 1558 4749 1628 4798; x_wconf 81' lang='lat' dir='ltr'><strong>Tunc</strong></span> <span class='ocrx_word' id='word_1_740' title='bbox 1646 4748 1762 4813; x_wconf 83' lang='lat' dir='ltr'><strong>quadum</strong></span> 
     </span>
    </p>
   </div>
   <div class='ocr_carea' id='block_1_11' title="bbox 984 4834 1845 4901">
    <p class='ocr_par' dir='ltr' id='par_1_14' title="bbox 984 4834 1845 4901">
     <span class='ocr_line' id='line_1_100' title="bbox 984 4834 1845 4901; baseline -0.006 -12"><span class='ocrx_word' id='word_1_741' title='bbox 984 4839 1118 4889; x_wconf 77' lang='lat' dir='ltr'><strong>canumet</strong></span> <span class='ocrx_word' id='word_1_742' title='bbox 1138 4848 1226 4901; x_wconf 88' lang='lat' dir='ltr'><strong>genere</strong></span> <span class='ocrx_word' id='word_1_743' title='bbox 1245 4837 1271 4886; x_wconf 91' lang='lat' dir='ltr'>et</span> <span class='ocrx_word' id='word_1_744' title='bbox 1290 4834 1411 4899; x_wconf 76' lang='lat' dir='ltr'><strong>(lignitate</strong></span> <span class='ocrx_word' id='word_1_745' title='bbox 1438 4834 1528 4886; x_wconf 88' lang='lat' dir='ltr'><strong>ceteris</strong></span> <span class='ocrx_word' id='word_1_746' title='bbox 1548 4834 1714 4899; x_wconf 82' lang='lat' dir='ltr'><strong>antecellens,</strong></span> <span class='ocrx_word' id='word_1_747' title='bbox 1737 4838 1763 4887; x_wconf 91' lang='lat' dir='ltr'>et</span> <span class='ocrx_word' id='word_1_748' title='bbox 1836 4846 1845 4861; x_wconf 95' lang='lat'><strong>·</strong></span> 
     </span>
    </p>
   </div>
   <div class='ocr_carea' id='block_1_12' title="bbox 982 4922 1763 5341">
    <p class='ocr_par' dir='ltr' id='par_1_15' title="bbox 982 4922 1763 5341">
     <span class='ocr_line' id='line_1_101' title="bbox 983 4922 1760 4989; baseline 0 -14"><span class='ocrx_word' id='word_1_749' title='bbox 983 4927 1044 4976; x_wconf 87' lang='lat' dir='ltr'><strong>tunc</strong></span> <span class='ocrx_word' id='word_1_750' title='bbox 1056 4924 1314 4984; x_wconf 76' lang='lat' dir='ltr'><strong>mtateiurnmatura.</strong></span> <span class='ocrx_word' id='word_1_751' title='bbox 1330 4936 1486 4989; x_wconf 76' lang='lat' dir='ltr'><strong>summaque</strong></span> <span class='ocrx_word' id='word_1_752' title='bbox 1501 4922 1642 4988; x_wconf 75' lang='lat' dir='ltr'><strong>prudentiae</strong></span> <span class='ocrx_word' id='word_1_753' title='bbox 1660 4922 1760 4983; x_wconf 86' lang='lat' dir='ltr'><strong>femina,</strong></span> 
     </span>
     <span class='ocr_line' id='line_1_102' title="bbox 982 5012 1762 5079; baseline -0.003 -14"><span class='ocrx_word' id='word_1_754' title='bbox 982 5014 1081 5065; x_wconf 85' lang='lat' dir='ltr'><strong>nomIne</strong></span> <span class='ocrx_word' id='word_1_755' title='bbox 1105 5013 1219 5073; x_wconf 75' lang='lat' dir='ltr'><strong>valerie,</strong></span> <span class='ocrx_word' id='word_1_756' title='bbox 1240 5012 1485 5074; x_wconf 73' lang='lat' dir='ltr'><strong>comtemnentis,</strong></span> <span class='ocrx_word' id='word_1_757' title='bbox 1505 5013 1552 5079; x_wconf 90' lang='lat' dir='ltr'>qni</span> <span class='ocrx_word' id='word_1_758' title='bbox 1574 5026 1631 5064; x_wconf 87' lang='lat' dir='ltr'>enm</span> <span class='ocrx_word' id='word_1_759' title='bbox 1658 5012 1762 5078; x_wconf 88' lang='lat' dir='ltr'><strong>reliquis</strong></span> 
     </span>
     <span class='ocr_line' id='line_1_103' title="bbox 983 5101 1763 5168; baseline -0.003 -14"><span class='ocrx_word' id='word_1_760' title='bbox 983 5101 1162 5168; x_wconf 86' lang='lat' dir='ltr'><strong>rempublicam</strong></span> <span class='ocrx_word' id='word_1_761' title='bbox 1173 5115 1188 5152; x_wconf 81' lang='lat' dir='ltr'><strong>a</strong></span> <span class='ocrx_word' id='word_1_762' title='bbox 1206 5116 1293 5167; x_wconf 87' lang='lat' dir='ltr'><strong>regum</strong></span> <span class='ocrx_word' id='word_1_763' title='bbox 1304 5101 1435 5166; x_wconf 81' lang='lat' dir='ltr'><strong>tyrannide</strong></span> <span class='ocrx_word' id='word_1_764' title='bbox 1448 5102 1582 5163; x_wconf 84' lang='lat' dir='ltr'><strong>liberarat,</strong></span> <span class='ocrx_word' id='word_1_765' title='bbox 1601 5102 1687 5154; x_wconf 76' lang='lat' dir='ltr'><strong>diuino</strong></span> <span class='ocrx_word' id='word_1_766' title='bbox 1698 5116 1763 5168; x_wconf 88' lang='lat' dir='ltr'><strong>quo-</strong></span> 
     </span>
     <span class='ocr_line' id='line_1_104' title="bbox 982 5187 1761 5254; baseline 0.001 -14"><span class='ocrx_word' id='word_1_767' title='bbox 982 5189 1042 5240; x_wconf 80' lang='lat' dir='ltr'><strong>‹lam</strong></span> <span class='ocrx_word' id='word_1_768' title='bbox 1055 5188 1176 5240; x_wconf 84' lang='lat' dir='ltr'><strong>InstInctn</strong></span> <span class='ocrx_word' id='word_1_769' title='bbox 1192 5187 1299 5253; x_wconf 87' lang='lat' dir='ltr'><strong>impulsa</strong></span> <span class='ocrx_word' id='word_1_770' title='bbox 1313 5188 1339 5238; x_wconf 91' lang='lat' dir='ltr'>in</span> <span class='ocrx_word' id='word_1_771' title='bbox 1353 5201 1451 5239; x_wconf 83' lang='lat' dir='ltr'><strong>summe</strong></span> <span class='ocrx_word' id='word_1_772' title='bbox 1462 5189 1549 5253; x_wconf 89' lang='lat' dir='ltr'><strong>templi</strong></span> <span class='ocrx_word' id='word_1_773' title='bbox 1564 5189 1691 5254; x_wconf 84' lang='lat' dir='ltr'><strong>crepidIne</strong></span> <span class='ocrx_word' id='word_1_774' title='bbox 1702 5202 1761 5241; x_wconf 91' lang='lat' dir='ltr'><strong>coa·</strong></span> 
     </span>
     <span class='ocr_line' id='line_1_105' title="bbox 984 5275 1762 5341; baseline 0 -11"><span class='ocrx_word' id='word_1_775' title='bbox 984 5277 1068 5340; x_wconf 82' lang='lat' dir='ltr'><strong>stitit,</strong></span> <span class='ocrx_word' id='word_1_776' title='bbox 1081 5281 1108 5330; x_wconf 92' lang='lat' dir='ltr'>et</span> <span class='ocrx_word' id='word_1_777' title='bbox 1118 5279 1215 5330; x_wconf 84' lang='lat' dir='ltr'><strong>ceteras</strong></span> <span class='ocrx_word' id='word_1_778' title='bbox 1230 5280 1358 5328; x_wconf 82' lang='lat' dir='ltr'><strong>matronas</strong></span> <span class='ocrx_word' id='word_1_779' title='bbox 1369 5275 1504 5328; x_wconf 76' lang='lat' dir='ltr'><strong>advocatas</strong></span> <span class='ocrx_word' id='word_1_780' title='bbox 1517 5276 1627 5341; x_wconf 89' lang='lat' dir='ltr'><strong>primum</strong></span> <span class='ocrx_word' id='word_1_781' title='bbox 1643 5281 1682 5331; x_wconf 86' lang='lat' dir='ltr'>est</span> <span class='ocrx_word' id='word_1_782' title='bbox 1702 5291 1762 5330; x_wconf 87' lang='lat' dir='ltr'><strong>oon·</strong></span> 
     </span>
    </p>
   </div>
   <div class='ocr_carea' id='block_1_13' title="bbox 0 0 2029 5924">
    <p class='ocr_par' dir='ltr' id='par_1_16' title="bbox 0 0 2029 5924">
     <span class='ocr_line' id='line_1_106' title="bbox 0 0 2029 5924; baseline 0 0"><span class='ocrx_word' id='word_1_783' title='bbox 0 0 2029 5924; x_wconf 95' lang='lat' dir='ltr'> </span> 
     </span>
    </p>
   </div>
  </div>
 </body>
</html>
