4048 5924
630 394 925 469 AN'IIQUITATUM
947 399 1094 460 nonnil.
1118 400 1191 462 LIB.
1215 398 1294 460 VIII.
1696 400 1754 462 tlt

147 632 317 708 ιιὴγιμονίαν
347 628 391 685 καὶ
419 624 494 704 ίοχύν
526 632 570 681 καὶ
600 622 684 684 κλέος.
708 618 814 678 Οὐκοῦν
846 640 926 699 προσ-

146 720 227 794 «ἧκέ
255 741 300 796 μοι
325 720 452 795 τιμᾶσθαι
480 713 527 790 μὲν
550 715 665 772 ὑπατῶν
690 734 718 770 ευ
702 701 925 780 πεπονθότων,

147 806 351 886 ι’μισεῖσθαιδ
367 803 418 864 ὑπὸ
433 808 484 863 τῶν
506 802 688 878 ἠδικημένων,
709 803 732 860 εί
752 806 815 881 γοῦν
830 823 857 860 τι
874 803 927 857 τῶν

106 929 119 966 5
146 897 325 958 ιεέκότων’
314 894 427 970 εγίνετο,
449 892 539 952 Ἀνέστ
541 894 602 973 ρεψε
629 892 696 952 δὲ’
681 892 818 974 αμρότερα
843 896 926 950 ταῦτα

147 994 194 1060 «ἡ
217 987 287 1067 τύχη
305 984 350 1043 καλ
375 985 459 1051 εἰς’
428 982 554 1041 ταναντία
579 981 707 1059 μετέθηκε
730 979 777 1048 τόις
795 978 924 1050 ἀξιώσεις.

148 1078 304 1158 ιιΥμεῖς
275 1101 347 1158 μενγ
330 1075 394 1157 γδιρ,
406 1061 708 1152 ὐπὲρῶντούτοιςέχθρ
700 1060 779 1143 οςήν,
791 1068 926 1151 ἀφείλεσθέ

148 1192 211 1244 «με
224 1189 312 1228 ποντα
327 1163 400 1239 τάμθι
413 1161 457 1221 καλ
473 1182 503 1218 το
490 1157 598 1268 μηδέν
612 1156 772 1228 ποιήσαντες
784 1157 924 1238 ἐρρίψατε·

148 1248 246 1317 «aizos
261 1256 288 1314 δὲ
302 1257 325 1315 oi
339 1224 374 1313 τό
395 1247 491 1311 δεινδι
480 1271 518 1308 υπ
518 1247 607 1324 ’ἐμοῦ
622 1245 749 1313 παθόντες
768 1244 812 1304 τόν
827 1245 925 1324 τίπορον

93 1366 120 1406 Ιο
148 1344 221 1406 ικαὶ
244 1344 361 1405 άνέστιον
382 1341 428 1400 καὶ
442 1337 565 1398 ταπεινὸν
585 1335 629 1395 καλ
654 1333 749 1393 σ’ίπολιν
758 1332 926 1443 ὐπεδέξριντύ

148 1466 160 1491 ιι
176 1461 209 1514 με
227 1444 284 1500 ταῖς
302 1434 403 1492 ἑαυτῶν
424 1428 528 1489 πόλεσι.
573 1425 629 1486 Καὶ
648 1424 696 1482 οὐκ
713 1421 819 1534 ἀπέχρη
840 1422 926 1487 αὐτοῖς

148 1556 161 1580 ιι
174 1531 253 1587 τοῦτο
266 1522 422 1595 ποιήσασι
416 1520 493 1578 μόνον
515 1514 585 1576 σύτο)
603 1511 727 1591 λαμπρόν
748 1534 794 1570 και
784 1511 925 1589 μεγαλό-

148 1644 160 1668 ιι
177 1612 300 1729 ψυχον
286 1636 298 1670 ε
301 1634 372 1691 γον,
394 1608 463 1667 ἀλλὰ
487 1606 532 1665 καὶ
554 1600 688 1661 πολιτείαν
714 1597 807 1658 έδοσσίν
834 1620 879 1677 μοι
900 1602 926 1659 ἐν

147 1732 160 1757 ιι
175 1703 292 1768 άπάσαις
309 1708 367 1767 ταῖς
385 1700 485 1756 ίαντῶν
507 1693 600 1753 πόλεσι
613 1713 660 1751 και
650 1687 758 1766 ὐρχδις
775 1687 821 1747 καλ
835 1689 924 1765 τιμδις,

107 1816 119 1854 s
147 1820 160 1845 ιι
178 1790 207 1851 ai
225 1791 348 1869 μέγισται
363 1786 426 1867 παρ’
447 1785 533 1850 αὐτοῖς
557 1785 632 1842 εἰσιν.
676 1777 733 1839 ’itai
754 1774 856 1836 τᾶλλα·
847 1777 926 1837 ·νυνι

93 3141 121 3184 θθ

147 1912 159 1937 ιι
176 1878 324 1993 στρατηγόν
338 1873 524 1954 ἀποδεδείχασί
539 1898 572 1951 με
586 1871 767 1954 αὐτοκράτορσι
782 1873 829 1940 τῆς
845 1872 925 1949 ὓπερ-

147 2000 160 2025 ιι
176 1970 247 2050 ορίου
271 1976 407 2048 στρατιάς,
427 1962 474 2023 καί
495 1962 584 2021 πάντα
598 1962 632 2020 ei
647 1960 721 2021 κοινδι
744 1961 787 2018 ἐπ’
807 1958 867 2033 ἐμοὶ
880 1980 927 2015 πε-

148 2088 160 2113 «
174 2057 302 2128 ποιήκασι
323 2053 408 2135 μόνῳ.
453 2051 527 2132 Φέρε
551 2050 595 2124 88,
617 2050 675 2110 τίνα
699 2049 790 2108 lafita
815 2048 926 2128 καρδίαν

148 2178 160 2203 ιι
174 2146 298 2259 προδοίην
321 2144 353 2204 ἂν
375 2143 414 2204 ἐτι
433 2143 551 2208 τούτους,
569 2140 612 2221 ὐφ’
630 2131 667 2199 ῶν
686 2135 857 2210 τηλικαύταις
880 2161 925 2197 κε-

148 2268 161 2293 ιι
176 2238 315 2314 κόσμημαι
338 2237 437 2311 τιμαῖς,
457 2229 580 2292 οὐδὲν
551 2253 610 2289 ουτε
632 2225 772 2306 μεῖζον”
743 2252 789 2287 ουτ
789 2226 926 2286 ’ἔλαττον

149 2327 295 2399 ιάδικηθ’
272 2351 322 2400 τις,
343 2327 366 2384 εἰ
388 2321 466 2401 μὴ’
450 2346 484 2404 αρ
484 2322 539 2379 ἀἱ
564 2319 672 2402 χάριτες
696 2321 826 2378 αὐτῶναι
809 2316 927 2377 ἀδικοῦσί

148 2447 161 2472 ι
177 2443 222 2496 με,
243 2417 333 2495 ῶσπερ
349 2418 418 2491 ὑμᾶς
433 2414 461 2471 αἱ
482 2407 556 2487 ἐμαί.
603 2407 697 2479 Καλήν
719 2431 749 2488 γε
770 2405 845 2474 δόξαν
862 2404 927 2465 οίσει

149 2537 162 2562 ι
178 2531 223 2585 μοι
234 2504 307 2584 παρά
320 2511 401 2562 πᾶσιν
418 2498 564 2580 ἀνθρώποις
578 2501 753 2606 γνωσθεῖσαή
769 2496 928 2573 παλιμπρο-

150 2624 163 2650 ιι
179 2594 267 2654 θυσία.
309 2591 394 2656 Τίςδ
380 2588 465 2650 itte
489 2586 656 2663 ἐπιτιμήσειέ
680 2609 714 2663 με
738 2582 863 2655 ἀκούσας,
888 2582 928 2641 ότι

150 2713 163 2740 ιι
179 2681 262 2759 τούς
258 2681 305 2741 μὲν
323 2677 445 2759 [ρίλους],
465 2678 508 2756 ὐρ’
535 2665 616 2733 ῶνιῗ
588 2698 618 2734 ευ
635 2673 749 2753 πάσχειν
770 2695 815 2749 μοι
827 2694 928 2786 προσ

149 2803 162 2829 ιι
177 2777 238 2845 ἧκε,
257 2768 398 2846 πολεμίους
420 2763 516 2846 εὑρὼν,
536 2762 594 2831 τούς
615 2763 642 2822 88
666 2759 765 2842 [ἐχθρ
744 2784 785 2828 ους
800 2806 808 2837 ,
826 2764 868 2841 ὐφ
891 2751 928 2818 ῶν

148 2893 161 2917 ιι
176 2864 258 2943 ἐχρῆν
274 2884 308 2937 με
327 2853 505 2927 ἀπολωλέναι,
524 2851 623 2934 φίλους,
642 2850 700 2910 διντι
719 2855 765 2908 τοῦ
779 2859 864 2925 μισεῖν
880 2846 926 2922 μὲν

148 2982 161 3007 ιι
176 2951 211 3010 τό
226 2953 371 3028 μισοῦντα,
392 2945 475 3027 φιλεῖν
491 2942 520 3003 δέ
538 2940 572 3002 r8
586 2943 723 3023 φιλοῦντα,
743 2939 819 3011 τλνέ
806 2936 927 2998 ἐναντίαν

149 3035 352 3176 amful&
347 3056 427 3172 ονλθι
443 3107 493 3185 8
515 3105 609 3168 σκόπει
632 3104 678 3164 καλ
697 3102 732 3165 τὰ
750 3102 826 3184 παρθ
842 3105 925 3180 θεῶν,

148 3201 346 3281 ιΜηνύκιε,ο
332 3189 376 3260 οἷσί
396 3221 442 3276 μοι
457 3203 502 3256 νῦν
520 3219 547 3254 τε
566 3193 736 3271 ἀπήντηται,
755 3193 801 3252 καὶ
816 3191 925 3272 ἐθνᾶρα

148 3318 161 3345 ι
175 3289 290 3355 πεισθεὶς
302 3293 365 3369 ύμῖν
379 3288 469 3366 προδῶ
482 3285 531 3357 τήν
545 3282 644 3343 τούτων
658 3283 748 3342 πίστιν
760 3273 803 3341 οἷα
814 3280 859 3341 τδν
875 3284 929 3341 λοι·

147 3407 161 3434 ι
175 3379 225 3439 πδν
239 3377 348 3458 ὑπάρξει
368 3399 412 3454 μοι
433 3373 502 3453 βίον.
545 3375 602 3433 Νῦν
624 3372 671 3448 μέν
658 3393 725 3450 νγε
746 3370 835 3440 πάσης
859 3369 929 3449 πρά·

149 3496 162 3523 ιι
176 3468 240 3537 ξεως
264 3459 296 3539 ής
318 3466 349 3525 ἂν
369 3466 485 3546 ἅψωμαι
514 3464 574 3522 καθ’
599 3463 675 3538 ὑμῶν
708 3457 929 3531 σνλλαμύάνουσί

150 3579 243 3633 ιι,μοι
258 3556 303 3614 καλ
317 3555 439 3632 οὐδεμιᾶς
452 3552 571 3633 πείρας’
555 3572 623 3609 αποτ
614 3545 741 3627 ..υγχάνω
783 3547 838 3606 Καί
852 3554 930 3612 τοῦτο

151 3648 294 3717 «πηλίκον
306 3634 426 3701 οίεσθε
401 3664 468 3702 ειναι
475 3639 624 3784 τεκμήριρν
637 3634 817 3702 εὐσιόείας”
783 3658 830 3706 της
843 3636 927 3713 ίμῆςς

151 3760 164 3785 ιι
180 3731 248 3791 τί
218 3755 270 3812 γαρ
285 3728 317 3803 88
285 3730 362 3789 δάν
376 3731 492 3791 κατὰ
459 3753 505 3799 της
523 3726 648 3807 πατρίδος
661 3726 712 3804 οὐχ
727 3723 796 3784 όσιον
811 3723 915 3802 ἐγῶ’
879 3747 929 3784 πο·

150 3851 164 3875 ιι
178 3824 259 3900 λτμον
273 3820 469 3928 ἐνεστησάμην,
482 3820 588 3877 ἅπαντα
604 3818 685 3896 ἐχρῆν
708 3814 813 3872 ἐναντία
831 3836 876 3890 μοι
892 3816 931 3892 γί·

151 3917 267 3972 ινεσθαι
288 3909 322 3968 τὰ
343 3907 416 3988 παρὰ
442 3911 524 3968 θεῶν·
549 3904 628 3967 ὁπότε
655 3903 683 3963 δὲ
707 3903 787 3984 οὐρίῳ
814 3902 929 3984 πνεούσῃ

95 4023 124 4062 ιο
150 4030 165 4057 ιι
179 4001 313 4083 κέχρημαι
328 4003 362 4079 τῇ
385 4021 447 4079 περι
460 3995 519 4064 τούς
541 3994 722 4073 πολέμους’
693 4017 780 4073 τυχη,
803 3993 848 4052 καλ
869 3995 930 4053 ὁπό-

151 4114 235 4159 ιισοις
255 4091 286 4148 ἂν
302 4086 517 4160 ἐπιύοίλιομαιπ
497 4085 638 4167 πράγμασι
660 4104 712 4143 κατ
712 4082 779 4161 ’θόρ
766 4081 810 4140 θδν
825 4080 930 4140 άπαντά

151 4202 224 4256 «μοι
242 4180 391 4259 χωρεῑ,η
358 4178 438 4248 δῆλον
452 4173 492 4233 ότι
508 4171 617 4244 εὐσεὸής
637 4173 692 4250 εέμι
713 4169 779 4250 ἀνήρ
799 4169 845 4228 καί
864 4168 931 4248 πρά-

83 4286 102 4303 “
151 4294 164 4321 ιι
180 4267 230 4337 ξεις
249 4266 405 4346 προῄρημαι
424 4264 518 4330 καλάς.
531 4263 567 4323 'lt
586 4251 631 4320 οὐν
639 4232 704 4336 ,ἐὰν
723 4258 931 4336 μεταόάλιομαι,

151 4384 164 4411 ι
178 4381 224 4416 και
213 4355 272 4414 τά
295 4354 342 4431 μὲν
356 4349 517 4433 θμέτερα’
484 4376 530 4412 ου’
520 4353 587 4428 ζειν,
602 4350 636 4411 τδι
653 4350 681 4410 88
697 4349 797 4409 τούτων
820 4345 932 4406 ταπεινά

151 4452 264 4504 ιποιιῖν
286 4445 373 4521 ζητῶ,
397 4442 537 4521 γενήσεταί
561 4463 617 4520 μοι,
642 4463 675 4519 αρ
676 4438 764 4518 ὀὐχί
787 4435 932 4509 τάναντία,

152 4558 230 4593 ικαι
250 4530 421 4613 πονηρθν’
393 4555 498 4609 νεμεσιν
513 4530 564 4643 ἐξρι
578 4528 652 4608 παρὰ
667 4551 713 4588 του
695 4525 864 4605 δαιμονίου
878 4533 933 4593 τοῖς

152 4621 346 4700 ιήδικημίνοις
358 4622 491 4701 τιμωρόν,
506 4620 551 4679 και
565 4617 655 4697 ὥσπερ
667 4620 698 4676 ἐκ
712 4621 836 4675 ταπεινοῦ
851 4614 933 4724 μέγας

153 4740 167 4766 ιι
180 4713 224 4772 διὰ
245 4710 305 4779 τούς
318 4710 391 4780 θεοὺς
414 4708 560 4787 ἐγενόμην,
577 4705 658 4772 οῦτιος
682 4697 754 4772 αὐθις
768 4707 799 4764 ἐκ
818 4705 932 4782 μεγάλου

137 4832 166 4869 ,ι
181 4802 303 4871 ταπεινός
322 4798 484 4901 γενήσομαι,
498 4796 545 4857 καί
558 4795 632 4873 τάμθ
656 4793 806 4869 παθήματα
819 4792 931 4851 παιδεύ-

154 4911 167 4936 ι
184 4907 257 4959 ματα
269 4886 364 4961 γενήσε
354 4905 409 4941 ssu
424 4889 477 4947 τοῖς
491 4881 593 4951 ἄλλοις,
603 4878 684 4954 Ἐμοί
699 4880 747 4954 μέν
760 4881 845 4935 ταῦτα
857 4878 934 4957 παρέ·

154 4998 167 5024 ι
183 4992 279 5029 σταται
293 4969 354 5050 περὶ
371 4993 417 5030 του
400 4965 567 5046 ’δαιμονίου
578 4973 690 5045 ιρρονείν,
703 4964 750 5025 καλ
764 4963 891 5045 πείθομαί
902 4990 932 5044 γε

152 5098 165 5124 ι
179 5067 227 5135 τθις
244 5066 347 5147 ἐρινύας
363 5066 465 5132 ἐκείνας
478 5061 527 5130 ate
539 5059 621 5144 ρούερ
623 5059 652 5127 θις
675 5058 721 5119 καλ
734 5060 790 5117 aaa
794 5057 932 5139 ραιτήτονς

152 5184 165 5210 ι
181 5164 236 5225 τοῖς
250 5153 354 5216 ἀνόσιόν
378 5178 403 5214 τι
425 5139 703 5236 διαπραξαμίνοις,”
683 5171 720 5207 ιον
738 5144 784 5206 καλ
794 5082 833 5204 ρσύ
848 5145 931 5222 ἐμνή·

153 5275 166 5300 ι
180 5250 262 5321 σθης,
296 5232 319 5303 8
348 5242 489 5317 Μηνύκιε,
522 5240 581 5302 τότε
612 5262 658 5317 μοι
684 5233 930 5318 παρακολουθήσειν

142 573 156 601 ιι
170 568 243 619 χησα
258 540 351 609 αὐτούς
366 540 443 600 ἐν”’
407 561 446 618 τῳ
467 531 595 613 πολέμῳ,
617 553 651 610 τη
633 524 774 608 πατρίδι
797 522 922 607 πράττων
978 552 1093 590 oscorum
1105 538 1186 590 hostis
1199 539 1249 599 tui,
1270 544 1297 590 et
1310 538 1367 589 illos
1380 537 1489 606 patriae
1481 539 1615 603 imperium
1633 541 1659 590 et
1672 542 1758 604 poten-

980 619 1070 670 ‹tiam
1096 622 1122 670 et
1150 620 1254 684 gloriam
1283 634 1375 684 paraus
1402 618 1518 670 multis
1510 618 1609 669 ruiuriis
1638 619 1666 671 in
1692 620 1759 674 bello

980 718 993 744 ι
1008 699 1090 753 affeci.
1114 704 1208 760 ¹llonne
1219 702 1297 767 igitur
1311 714 1414 768 equum
1431 703 1505 764 erat,
1523 714 1564 752 me
1579 700 1626 751 coli
1639 701 1759 752 abhomi-

981 804 994 829 ιι
1007 770 1096 846 nibus,
1113 786 1145 837 de
1168 787 1262 853 quibus
1279 788 1341 839 bene
1360 801 1427 838 eram
1449 786 1570 847 meritus,
1598 790 1624 837 et
1646 787 1694 847 iis,
1714 786 1759 851 qui

980 888 994 913 ιι
1010 869 1092 921 inuria
1110 869 1196 921 aiiecti
1207 870 1319 932 inerant,
1337 870 1451 922 odiosum
1463 871 1538 921 esset
1555 870 1644 930 Certe,
1657 871 1680 920 si
1697 870 1760 935 quid

982 967 1112 1014 «eorum,
1124 954 1193 1019 quod
1210 954 1263 1004 iteri
1279 954 1383 1015 debuit,
1398 952 1493 1003 factum
1507 950 1604 1015 fpisset.
1639 952 1689 1005 Sed
1708 953 1760 1004 ior·

982 1053 994 1077 ι
1007 1037 1068 1085 tuna
1079 1036 1126 1086 hoc
1140 1040 1275 1100 utrumque
1285 1034 1406 1090 invertit.
1417 1036 1443 1085 et
1452 1033 1560 1084 rationes
1571 1033 1598 1085 in
1606 1035 1759 1086 contrarium

982 1134 994 1157 ιι
1009 1117 1125 1167 mutavit.
1159 1120 1211 1167 Vos
1225 1117 1307 1177 enim,
1325 1117 1351 1166 in
1373 1105 1482 1180 (piorum
1504 1115 1611 1179 gratiam
1623 1116 1671 1167 iliis
1691 1131 1760 1168 eram

982 1218 995 1242 ι
1012 1199 1144 1261 iuimicus,
1159 1214 1200 1251 me
1213 1200 1277 1251 meis
1289 1200 1361 1251 bonis
1383 1198 1499 1249 omnibus
1511 1200 1631 1261 exuistis,
1646 1205 1672 1254 et
1683 1202 1709 1253 in
1721 1203 1761 1253 ui-

982 1304 995 1328 ιι
1007 1282 1087 1334 hlium
1099 1282 1229 1334 redactum
1242 1281 1375 1348 abjecistis
1388 1282 1421 1332 lli
1433 1296 1510 1342 uero,
1524 1286 1562 1332 tot
1572 1283 1684 1337 cladibus
1694 1300 1710 1337 a
1720 1300 1761 1339 me
1830 1302 1833 1309 ’

983 1388 995 1412 ι
1010 1365 1110 1427 affecti,
1135 1382 1176 1419 me
1193 1368 1308 1431 inopem,
1320 1368 1454 1423 extorrem.
1483 1368 1509 1414 et
1529 1365 1668 1427 abiectum,
1684 1371 1761 1433 atque

982 1467 995 1493 ι
1009 1450 1135 1509 exsulem,
1155 1449 1181 1500 in
1194 1449 1247 1499 suis
1260 1446 1406 1498 civitatibus
1422 1450 1577 1510 receperunt.
1589 1450 1640 1499 Neo
1651 1452 1761 1503 contenti

983 1551 996 1576 ιι
1010 1530 1112 1584 fuerunt
1131 1534 1182 1599 troc¹
1197 1536 1249 1582 tam
1269 1530 1358 1594 insigni
1377 1534 1404 1579 et
1416 1529 1574 1591 magnanimo
1590 1528 1699 1582 facinore
1717 1534 1762 1585 sed

982 1634 996 1661 ι
1011 1615 1087 1666 ctiam
1107 1614 1169 1665 mihi
1187 1613 1253 1679 apud
1273 1626 1360 1664 omnes
1375 1625 1434 1663 suos
1453 1611 1559 1677 populos
1578 1611 1618 1662 ius
1637 1611 1763 1677 civitatis,

983 1705 1035 1754 aet
1049 1701 1225 1767 magistratus,
1247 1703 1273 1752 et
1290 1701 1412 1758 honores,
1435 1699 1480 1764 qui
1500 1697 1568 1763 apud
1585 1698 1642 1750 iilos
1659 1702 1762 1753 maximi

983 1788 1082 1847 «suut,
1100 1785 1233 1836 dederunt.
1268 1785 1358 1836 cetera
1378 1783 1484 1845 omitt03
1502 1781 1547 1833 sed
1568 1795 1634 1833 nunc
1653 1796 1762 1837 mecum

983 1883 1109 1922 «summa
1125 1873 1248 1935 potestate
1266 1870 1383 1920 crearunt
1415 1866 1592 1931 imperatorem
1621 1866 1762 1929 copiamm,

983 1967 1076 2019 quas
1082 1956 1154 2005 extra
1163 1953 1224 2003 lines
1231 1952 1319 2017 patriae
1326 1950 1473 2013 emiserunt,
1485 1948 1613 2014 totiusque
1620 1949 1763 2014 reipublicae

982 2055 995 2080 ιι
1007 2036 1174 2102 gubernacula
1187 2037 1250 2087 mibi
1261 2035 1309 2086 soli
1324 2033 1510 2086 commiserunt.
1543 2033 1594 2096 Age
1603 2032 1687 2097 igitur,
1698 2048 1761 2099 qno·

981 2140 994 2165 ιι
1009 2136 1067 2172 uam
1081 2121 1222 2171 animabus
1237 2131 1335 2184 possem
1356 2116 1475 2182 prodere,
1496 2115 1541 2180 qui
1562 2129 1603 2166 me
1618 2117 1697 2168 tantis
1716 2118 1763 2168 ho·

981 2224 994 2248 ιι
1008 2204 1111 2255 noribns
1128 2206 1267 2264 ornarunt,
1288 2200 1409 2265 nullaque
1427 2198 1468 2249 vel
1481 2197 1595 2263 grauiore
1610 2198 1652 2249 rel
1671 2199 1764 2253 leviore

980 2289 1098 2342 «iniuria
1123 2287 1279 2340 effecerunt?
1304 2286 1353 2336 nisi
1374 2284 1438 2336 torte
1456 2297 1543 2334 eorum
1568 2297 1613 2348 ego
1638 2284 1764 2337 beneticiis

980 2391 993 2417 ι
1010 2372 1095 2428 ledor,
1118 2372 1184 2422 sicut
1209 2384 1255 2420 vos
1273 2369 1344 2419 meis.
1359 2366 1491 2431 EgregIam
1510 2379 1570 2415 vero
1583 2365 1683 2417 laudem
1701 2369 1761 2419 mihi

980 2473 993 2499 ιι
1008 2453 1075 2519 apud
1086 2467 1171 2504 omnes
1183 2451 1301 2502 mortales
1314 2451 1403 2501 iterata
1419 2447 1528 2512 proditio
1542 2449 1641 2512 cognita
1650 2449 1763 2518 afferret,

979 2556 992 2581 ιι
1010 2538 1073 2597 Quis
1087 2550 1146 2587 vero
1158 2549 1199 2587 me
1218 2533 1342 2593 laudarit,
1359 2532 1381 2583 si
1400 2530 1509 2582 audierit
1526 2544 1577 2588 me,
1596 2531 1640 2583 ubi
1656 2533 1762 2591 amicos.

980 2640 993 2665 ι
1008 2633 1073 2685 quos
1092 2619 1119 2670 in
1136 2632 1178 2669 me
1196 2617 1316 2669 beneficia
1345 2615 1457 2666 conterre
1478 2613 1658 2677 conveniebat,
1679 2615 1764 2667 hostes

982 2727 995 2751 ιι
1013 2719 1068 2757 esse
1083 2703 1275 2769 comperissem,
1289 2700 1403 2751 inimicos
1415 2712 1487 2757 vero,
1502 2711 1517 2747 a
1531 2698 1625 2763 quibus
1638 2712 1680 2749 me
1693 2699 1764 2764 perdi

982 2811 995 2835 ι
1010 2786 1156 2853 oportebat,
1173 2784 1280 2845 amicos,
1299 2797 1357 2833 cum
1372 2780 1491 2831 deberem
1506 2778 1564 2829 odio
1582 2780 1699 2845 prosequi
1711 2794 1762 2844 eos,

983 2890 996 2915 «
1009 2873 1055 2938 qui
1065 2885 1106 2923 me
1123 2870 1244 2928 oderam,
1264 2871 1290 2919 et
1308 2868 1392 2917 amare
1407 2878 1462 2923 eos,
1476 2863 1521 2929 qni
1533 2877 1574 2915 me
1590 2867 1692 2924 amant,
1707 2877 1764 2917 con.

1012 2966 1092 3015 traria
1104 2963 1181 3014 tuisse
1197 2961 1297 3013 animo?

1014 3090 1126 3141 xiiiilll.
1145 3107 1158 3132 ι
1170 3088 1208 3137 En
1225 3086 1310 3151 igitur,
1324 3085 1433 3146 Minuci,
1446 3087 1588 3149 considera,
1601 3090 1689 3154 quales
1699 3102 1765 3141 nunc

985 3203 997 3228 ι
1014 3196 1072 3247 erga
1089 3194 1131 3231 me
1144 3178 1194 3229 sint
1205 3177 1256 3238 dii,
1270 3180 1296 3228 et
1307 3178 1396 3243 quales
1407 3177 1576 3244 reliqueritis
1589 3182 1670 3245 spatio
1685 3180 1765 3232 futuri

985 3273 1078 3331 «sint,
1097 3269 1119 3321 si
1132 3266 1393 3319 restrumconsiiium
1413 3268 1599 3319 secutusiidcm
1619 3246 1766 3321 lais‘datam

984 3384 997 3405 ι
1010 3359 1153 3428 prodidero.
1199 3355 1329 3421 Siquidem
1356 3369 1438 3418 nunc,
1459 3356 1584 3423 quidquid
1606 3363 1693 3408 contra
1721 3372 1767 3410 vos

985 3471 998 3497 ι
1017 3448 1189 3515 aggrediente
1201 3459 1230 3496 eo
1242 3459 1282 3496 me
1293 3445 1396 3507 iuvant,
1409 3444 1529 3509 nulloque
1544 3449 1635 3496 conatu
1649 3444 1767 3498 frustror.

986 3560 998 3584 ιι
1016 3537 1090 3597 Quod
1101 3538 1224 3601 quantum
1245 3534 1340 3597 putatis
1357 3548 1412 3585 esse
1433 3546 1495 3584 meaa
1511 3532 1612 3599 pietatis
1633 3549 1767 3599 argumen-

986 3650 998 3674 ι
1013 3620 1086 3679 tum?
1110 3625 1137 3675 Si
1155 3624 1221 3675 enlm
1240 3621 1362 3673 netarium
1390 3622 1483 3673 bellum
1504 3623 1592 3688 patries
1612 3624 1765 3688 intulissem,

987 3720 1040 3769 ain
1059 3715 1176 3769 omuibus
1195 3712 1302 3763 adversa
1320 3725 1361 3761 mc
1387 3710 1480 3761 habere
1503 3712 1606 3761 numina
1632 3716 1768 3776 oporteret.

986 3831 999 3857 ιι
1013 3807 1064 3861 Sed
1078 3804 1196 3871 quoniam
1207 3800 1317 3854 emunda
1330 3798 1430 3851 fortuna
1444 3800 1471 3849 in
1480 3798 1551 3849 bellis
1568 3798 1630 3848 mibi
1647 3799 1767 3863 adspirat,

986 3919 1000 3944 ι
1014 3900 1040 3949 et
1053 3893 1178 3963 quidquid
1196 3889 1326 3956 aggredior
1344 3888 1451 3940 feliciter
1472 3886 1535 3937 milri
1553 3885 1681 3948 succedit,
1699 3891 1769 3951 patet

987 4011 1000 4037 ι
1014 4002 1055 4041 mc
1072 3999 1127 4038 esse
1137 3984 1221 4035 virum
1234 3982 1318 4047 pium,
1334 3983 1361 4030 et
1371 3978 1473 4029 honesta
1487 3975 1590 4027 consilia
1600 3976 1680 4041 sequi.
1702 3977 1768 4035 Quid

987 4101 1001 4126 ι
1014 4080 1099 4145 Igitur,
1121 4076 1143 4127 si
1159 4072 1308 4125 senientiam
1323 4072 1434 4126 mutem,
1456 4070 1482 4117 et
1502 4079 1543 4116 res
1554 4068 1652 4116 vestras
1665 4081 1767 4132 augere,

988 4191 1001 4217 ι
1018 4170 1109 4220 borum
1123 4178 1183 4216 vero
1206 4161 1314 4226 aiiiigere
1330 4171 1420 4218 coner,
1439 4155 1502 4206 mibi
1524 4154 1669 4219 coutIngetl
1689 4170 1769 4207 nonne

988 4277 1001 4301 ι
1014 4256 1097 4307 omnia
1111 4250 1253 4303 ooutrnria‘l
1270 4261 1350 4299 nonne
1366 4244 1477 4296 numinis
1499 4257 1601 4305 eorum,
1621 4244 1667 4309 qni
1679 4243 1770 4295 iniuria

988 4367 1002 4394 ι
1016 4350 1076 4399 snut
1102 4342 1205 4401 allecti,
1228 4338 1335 4389 vindicis
1361 4333 1554 4399 indignationem
1580 4333 1710 4398 experiari
1744 4336 1770 4384 et

988 4457 1002 4483 ι
1018 4434 1093 4487 sicuti
1114 4448 1146 4485 ex
1164 4430 1252 4483 lrnrnili
1272 4428 1377 4478 deornm
1390 4422 1509 4475 beneficio
1520 4435 1626 4487 magnus
1646 4434 1702 4472 sum
1715 4419 1769 4470 tac-

989 4545 1002 4569 ι
1016 4528 1072 4585 tus,
1082 4523 1119 4574 sic
1128 4524 1231 4581 muira,
1246 4533 1278 4570 ex
1287 4529 1377 4581 magno
1389 4526 1484 4580 parvus
1495 4510 1570 4572 fiam,
1584 4513 1611 4561 et
1627 4509 1691 4561 meis
1701 4509 1768 4559 cala·

989 4634 1002 4658 ι
1018 4611 1150 4665 mitatibns
1159 4609 1203 4661 alii
1218 4605 1392 4659 docebuntur?
1409 4602 1472 4654 Mihi
1483 4600 1587 4666 quidem
1599 4599 1655 4650 haec
1663 4597 1690 4648 in
1703 4611 1771 4648 men·

989 4722 1002 4748 ι
1016 4706 1068 4753 tem
1088 4699 1207 4759 veniunt,
1227 4710 1285 4762 que
1305 4694 1338 4745 de
1360 4692 1410 4743 diis
1434 4691 1555 4750 sentiam3
1577 4690 1603 4738 et
1623 4700 1770 4752 persuasum

988 4811 1001 4837 ι
1019 4791 1112 4851 babeo,
1128 4789 1216 4840 Furias
1226 4786 1289 4837 istas
1307 4779 1454 4834 facinorosis
1467 4776 1639 4829 formidabiles
1649 4780 1675 4827 et
1688 4777 1771 4827 inexo-

988 4901 1001 4927 ιι
1017 4880 1125 4939 rabiles,
1137 4888 1244 4942 quarum
1262 4876 1291 4924 tu
1310 4883 1427 4937 quoquc,
1441 4867 1544 4928 Minuci,
1560 4866 1712 4918 mentionem
1730 4864 1769 4917 Ie·

988 4990 1001 5016 ι
1013 4969 1085 5027 aisti,
1104 4971 1166 5017 tunc
1183 4977 1266 5015 meam
1285 4961 1395 5012 animam
1414 4969 1555 5021 corpusque
1573 4955 1730 5007 insecuturae
1744 4960 1771 5005 et

988 5078 1001 5103 ιι
1015 5054 1168 5107 cruciatibus
1191 5055 1335 5115 vexaturas,
1379 5058 1459 5110 quum
1479 5043 1593 5094 deseram
1617 5043 1772 5108 pmdamque

988 5167 1001 5193 ι
1015 5159 1072 5206 eos,
1096 5143 1140 5211 qni
1161 5155 1235 5194 mea
1258 5138 1331 5190 vobis
1357 5133 1486 5200 perditum
1504 5134 1651 5192 servarunt,
1679 5133 1705 5183 ct
1726 5131 1772 5196 qui

988 5256 1000 5281 ιι
1017 5237 1074 5304 post
1085 5233 1172 5288 datam
1183 5230 1290 5287 ευΙυιειο
1301 5225 1390 5283 multis
1399 5236 1440 5279 me
1453 5219 1632 5295 preclarisqne
1644 5219 1771 5275 mnedcds
