4034 5922
88 52 179 103 εςο
221 9 462 93 laifino&
497 4 642 67 witam&
668 4 692 42 Γ·
716 2 807 61 (πολ
834 20 847 37 .
885 8 998 38 οωιιυ

661 395 950 471 ΑΝΤΙΟΠΙΤΑΤΠΠ
971 400 1118 466 ἱὶΟΜΑΝ.
1143 402 1217 465 tia.
1239 406 1261 470 Ι,
1719 407 1759 466 29

153 526 296 607 εθτύχημα
314 525 363 597 τήν
383 525 518 597 ἀποθολήν
538 528 680 587 ίποιοῦντο.
721 530 759 590 Οἱ
780 527 808 587 δὲ
822 528 931 600 πένητες

154 618 242 676 «orbs
257 613 370 680 κλάδους
385 614 545 694 δρεψάμενοι
558 615 697 697 δάφνης,ή
714 614 800 688 πολλὴ
815 618 875 695 περὶ
887 616 931 676 τὸν

155 705 238 763 τόπον
251 701 358 783 ίφύετο,
374 703 471 762 ἐκεῖνόν
486 726 514 762 τε
528 704 572 762 καί
590 703 683 770 abaci:
697 703 852 785 ἀνίστεφον·
866 697 931 777 ἧκον

985 538 1088 590 latronis
1106 541 1171 591 illius
1185 544 1280 595 codem
1299 557 1411 608 magnam
1424 544 1565 595 felicitatem
1579 542 1759 597 existimabant.

988 632 1068 701 Atque
1082 644 1202 696 pauperes
1215 632 1315 696 quidem
1330 633 1454 697 decerptis
1468 634 1530 684 lauri
1544 635 1636 697 ramis,
1648 634 1721 685 cuius
1734 635 1760 685 lu

986 732 1016 771 eo
1027 721 1081 771 loco
1090 734 1178 787 magna
1191 729 1243 774 erat
1257 723 1338 786 copia,
1351 729 1376 774 et
1388 725 1456 774 iilum
1469 729 1494 775 et
1503 738 1530 776 se
1542 727 1705 788 coronarunt,
1718 737 1761 776 re-

155 792 180 851 δ
195 793 221 853 οἱ
237 791 354 870 βασιλεῖς
367 792 521 861 αθτῶίιὲπὶ
535 790 605 860 Uilli
617 792 661 850 τὸν
673 790 809 871 Ἧρακδία
823 796 931 852 καλοῦν·
985 824 1029 874 ges
1052 826 1111 863 vero
1128 817 1249 865 uenerunt
1268 815 1400 865 Herculem
1414 813 1447 865 ad
1468 815 1603 879 hospitium
1620 814 1761 865 invitantes:

112 902 128 940 ν
154 903 209 947 τες.
256 878 304 945 Ὦς
319 879 347 937 δὶ
360 877 407 937 καί
420 878 533 953 τούνομα
546 879 590 938 καί
604 880 634 937 τὸ
645 879 717 957 γένος
734 882 812 939 αὑτοῦ
829 881 875 939 καί
886 881 932 947 τδις

155 966 267 1047 πράξεις
289 965 425 1033 διεξιόντος
444 966 559 1042 ἔμαθον,
579 967 730 1046 ἀνιχείριζον
748 968 819 1048 αὐτῷ
836 968 884 1039 τήν
903 990 932 1027 τε

156 1054 250 1137 χώραν
266 1053 312 1112 καί
329 1061 396 1133 σφᾶς
408 1053 501 1121 αύτοδς
513 1053 556 1113 tui
568 1055 653 1134 φιλὶφ.
698 1054 831 1133 Εὔανδρος
841 1056 868 1114 δὲ
880 1078 933 1114 ιτα·

156 1143 281 1221 λαίτερον
308 1139 347 1199 ίτι
366 1144 414 1211 τῆς
435 1140 553 1218 Θέμιδος
573 1141 694 1213 ἀκηκοὼς
716 1140 873 1215 διεξιούσης,
893 1140 934 1200 ὅτι

156 1228 333 1308 πεπφωμίνον
348 1226 389 1299 είη
403 1226 448 1285 τδν
463 1229 493 1286 tx
504 1228 566 1295 Διδς
578 1228 624 1287 καί
635 1228 783 1306 Ἀλκμήνης
797 1230 933 1306 γενόμενον

106 1348 130 1387 ιο
158 1317 299 1397 Ἡρακλέα
322 1316 499 1395 διαμείψαντα
519 1315 567 1386 τὴν
589 1317 684 1389 θνητὴν
706 1317 782 1396 φύσιν
805 1319 933 1376 ἀθάνατον

155 1404 280 1486 γενὶσθαι
291 1401 325 1462 δι’
333 1401 428 1483 ἀρετήν
438 1448 447 1473 ,
457 1402 546 1475 ίπειδή
562 1404 665 1484 τάχισθ’
680 1402 750 1470 ὅστις
769 1395 801 1477 ήν
813 1405 932 1480 ἐπύθετο,

158 1494 261 1575 φθάσαι
287 1491 445 1570 βουλόμενος
476 1491 594 1557 ἅπαντας
626 1491 777 1571 ἀνθρώπους
797 1491 934 1570 Ἡρακλεά

157 1586 226 1641 θεῶν
243 1588 334 1659 τιμαῖς
348 1583 450 1658 πρῶτος
469 1580 644 1657 ἱλασάμενος,
663 1580 752 1660 βωμὸν
768 1581 934 1659 αὐτοσχέδιον

159 1670 213 1728 ἱνπδ
226 1670 342 1740 σπουδῆς
354 1668 489 1747 ἱδρύεται,
505 1668 551 1726 καί
564 1666 680 1742 δάμαλιν
700 1668 785 1744 ἄζυγα
801 1668 856 1727 θύει
871 1666 935 1747 πρδς

109 1773 132 1811 ¹⁶
159 1777 284 1908 mg:
294 1753 802 1921 ἱάίφίλθναλοάτάζξάάθσάλμωῖθγάἀσρθάίάεδί
812 1754 935 1909 {13:822-

159 1929 280 2008 θριίπους
302 1933 350 2001 τῆς
375 1928 520 2009 φιλοξενίας
540 1928 677 2009 Ἡρακλῆς
709 1931 753 1989 τὸν
780 1929 827 2006 μίν
853 1933 934 2008 δῆμον

158 2019 276 2078 ἑστιάσει
297 2016 469 2095 ὑποδέχεται,
487 2017 566 2082 θύσας
583 2020 636 2076 τῶν
652 2021 720 2097 βοῶν
737 2042 810 2083 τινας
829 2018 874 2077 καί
889 2023 936 2091 τῆς

159 2107 243 2177 ἄλλης
261 2104 335 2171 λείας
357 2105 404 2169 τδς
426 2103 538 2172 δεκάτας
559 2103 667 2174 ἐξελών·
684 2104 745 2172 τοδς
767 2105 794 2165 δδ
820 2107 936 2183 βασιλεῖς

108 2221 133 2260 η
158 2194 235 2276 χάρφ
247 2193 333 2271 πολλῇ
345 2196 468 2273 δωρεῖται
479 2191 585 2271 Λιγύων
595 2194 679 2253 τεκαὶ
690 2198 742 2252 τῶν
755 2194 843 2253 ἄλλων
854 2217 936 2274 προσ·

158 2281 255 2356 οίκων,
269 2272 301 2352 ἧς
322 2281 389 2357 με’γα
404 2283 536 2340 ἱπυιοῦντο
557 2279 662 2360 ἄρχειν,
682 2280 850 2359 παρανόμους
863 2281 936 2348 τινάς

159 2367 186 2436 ίξ
204 2371 287 2437 αὐτῆς
300 2366 421 2426 ἶκύαλδιν
434 2367 594 2446 ἀνθρώπους.
639 2368 753 2448 Αίγεται
763 2370 791 2429 δί
802 2369 866 2451 πρδς
875 2370 935 2429 τού-

160 2477 234 2526 τοις,
250 2458 285 2520 ύις
302 2454 347 2513 καί
368 2454 458 2526 δίησίν
475 2478 534 2512 τινα
548 2455 689 2527 ποιήσαιτο
704 2460 756 2515 τῶν
772 2457 935 2536 ἀπιχωρὶων,

161 2542 254 2612 ἐπειδή
272 2545 374 2623 πρῶτοι
389 2544 446 2602 θεὸν
459 2542 538 2602 αάτδν
551 2544 675 2621 ίνάμισαν
685 2589 693 2617 ,
705 2545 777 2613 teu<
790 2546 935 2607 ἀθανάτοις

104 2646 131 2688 ὓ
161 2631 237 2710 αὐτῷ
259 2629 457 2709 διαφυλάττωσι
478 2631 526 2697 τδς
545 2633 638 2708 τιμδις,
662 2630 764 2700 θύοντες
783 2632 831 2708 μδν
853 2633 935 2712 ἄζυγα

163 2716 280 2792 δάμαλιν
295 2717 345 2777 uisi
360 2727 413 2776 πᾶν
429 2717 501 2791 ἔτος,
523 2719 701 2797 δγιστεύοντες
716 2720 744 2779 δί
767 2721 815 2792 τήν
835 2726 936 2801 ἱερουρ-

160 2806 224 2884 γίαν
247 2803 332 2864 ἔθεσιν
347 2804 530 2878 Ἑλληνικοῖς·
552 2808 596 2866 καί
611 2811 647 2875 ὣς
660 2808 785 2876 διδάξειεν
803 2810 878 2876 αὐτὸς
890 2811 937 2875 τδις

161 2894 273 2971 θυσίας,
301 2891 344 2951 ἱνα
369 2893 412 2952 διδ
432 2895 530 2962 παντὸς
540 2896 615 2970 αύτῷ
637 2896 815 2975 κεχαρισμένα
835 2896 934 2969 θύοιεν,

161 2979 249 3047 σίκαις
272 2980 317 3040 δύο
344 2985 395 3040 τῶν
423 2984 554 3060 θπιφανῶν
577 2982 790 3064 [παραλαύύν]·
815 2976 882 3042 εἶναι
907 2984 935 3043 δί

104 3084 134 3125 ευ
163 3067 226 3136 τοὺς
238 3069 372 3146 μαθόντας
386 3070 445 3129 τότε
460 3071 508 3143 τήν
520 3068 680 3216 Ἓλληνῖμήν
694 3069 936 3154 ἱερουργίαν-[13]..

163 3156 236 3223 τίους
256 3157 345 3216 τεκαὶ
368 3158 466 3218 Πιναί
515 3203 523 3235 ,
547 3161 563 3216 ἀ
584 3159 592 3182 ‘
634 3182 648 3213 ν
670 3158 703 3216 τδ
722 3158 783 3235 γίνη
804 3160 846 3217 δια
880 3160 934 3218 ἴναι

161 3181 583 3323 ρἰἷχῙπ-ολῇδῆἱξτῒάἀλειαθ
600 3244 743 3321 ποιούμενα
756 3249 808 3303 τῶν
824 3182 935 3320 θύάίῶν,

161 3334 198 3398 ὥς
215 3333 313 3398 ἐκεῖνος
324 3331 519 3406 κατεστήσατο,
530 3333 660 3392 Ποτιτίων
672 3332 719 3407 μίν
727 3332 879 3411 ἠγουμίνων
888 3338 935 3405 τῆς

160 3419 309 3497 ἱερουργίας
321 3420 367 3477 καί
377 3422 429 3478 τῶν
439 3420 564 3502 ἀμπύρων
575 3420 784 3500 ἀπαρχομένων,
797 3422 933 3501 Πιναρίων

106 3523 135 3563 aa
163 3507 192 3565 δλ
208 3507 370 3586 σπλάγχνων
389 3530 419 3566 τε
435 3509 575 3585 μετουσίας
590 3509 745 3587 είργομίνων
761 3511 806 3568 καί
820 3508 859 3569 ύσ’
874 3512 934 3571 ἀλλ’

160 3596 242 3674 ἐχρῆν
259 3596 306 3651 ὑπ’
329 3594 424 3676 ἀμφοῖν
439 3596 555 3674 γίνεσθαι
565 3594 613 3667 τήν
626 3596 747 3676 δευτέραν
761 3596 841 3673 τιμὴν
857 3599 934 3678 ίχύν·

161 3705 225 3743 των.
269 3679 377 3753 Ἰἀύτην
399 3684 424 3741 δ’
445 3686 533 3753 αὐτοῖς
557 3688 732 3766 προστεθῆναι
755 3684 802 3757 τήν
826 3687 935 3761 ἀτιμίαν

160 3770 259 3850 diripera
282 3774 330 3841 τῆς
347 3770 493 3849 παρουσίας
506 3770 599 3844 ίνικα,
620 3770 721 3842 ἐπειδὴ,
742 3771 821 3830 ἕωθεν
846 3776 933 3838 αὐτοῖς

161 3859 300 3918 κελευσθὲν
320 3858 407 3932 ήκειν,
421 3860 695 3939 σπλαγχνευσαμίνων
706 3858 758 3932 ἤδη
772 3863 823 3918 τῶν
838 3859 934 3938 ἱτίρων

108 3962 136 4000 00
162 3946 298 4026 ἀφίκοντο.
342 3947 399 4006 Νῦν
419 3948 508 4022 μέντοι
526 3947 612 4005 οιὶκίτι
625 3956 678 4013 τοῖς
692 3947 780 4023 γίνεαι
801 3948 900 4013 τούτοις
915 3951 931 4015 ἡ

161 4035 223 4111 περὶ
236 4035 285 4100 τάς
300 4034 445 4112 ἱερουργίας
466 4035 603 4109 ἐπιμέλεια
622 4034 773 4105 ἀνάκειται,
788 4033 856 4093 ἀλλά
870 4040 932 4094 παῖ·

167 4124 209 4189 δις
224 4125 255 4181 ἀοι
267 4126 311 4179 τοῖ-
327 4121 454 4198 δημοσίου
464 4122 561 4193 ὠνητοὶ
572 4122 668 4201 δρῶσιν
680 4120 767 4189 αὐτάς.
808 4121 850 4182 Δι’
866 4122 931 4189 ἀςδ’

162 4210 247 4277 αίτίας
263 4210 294 4267 τδ
312 4209 367 4275 ἔθος
381 4208 523 4286 μετέπεσε,
537 4209 583 4269 καί
597 4208 635 4276 τίς
650 4213 726 4280 ἠτοῧ
741 4208 862 4286 δαίμονος
874 4211 934 4268 ίπι·

162 4297 257 4375 φάνεια
279 4296 341 4372 περὶ
362 4296 411 4368 τήν
434 4294 553 4372 ἀλλαγήν
577 4298 629 4354 τῶν
654 4298 790 4377 ἱεροποιῶν
817 4296 934 4374 ἐγίνετο,

108 4402 135 4444 ιε
161 4385 269 4443 ἀτειδδν
291 4383 362 4443 κατὰ
382 4388 459 4442 τοῦτο
481 4384 600 4462 γένωμαι
616 4390 663 4444 τοῦ
684 4384 762 4459 λόγου
782 4385 812 4442 τδ
835 4383 932 4463 μέρος,

162 4470 336 4550 διηγήσομαι.
378 4469 415 4531 '0
429 4471 454 4530 ἀί
468 4470 574 4551 βωμδς,
589 4473 629 4552 ἐφ’
642 4463 671 4530 οἶ
688 4472 734 4538 τάς
750 4472 858 4540 δεκάτας
871 4472 936 4530 ἀπί-

162 4566 240 4618 θυσιν
255 4559 407 4639 Ἡρακλῆς,
419 4563 539 4619 καλεῖται
562 4560 610 4637 μίν
624 4561 673 4619 ὑπὸ
689 4559 832 4636 Ῥωμαίων
851 4560 933 4638 Μέγι·

162 4666 242 4719 στος,
267 4644 324 4704 ian
347 4644 375 4704 δί
398 4646 512 4724 Βοαρίας
534 4648 676 4724 λιγομίνης
693 4648 789 4725 ἀγορᾶς
808 4646 934 4717 πλησίον,

162 4733 366 4811 ἁγιστευόμενος
388 4733 411 4790 εί
425 4733 471 4791 καί
483 4757 522 4800 τις
543 4735 622 4800 ἀλλος
635 4735 687 4792 bno
701 4736 753 4791 τῶν
767 4730 933 4810 ἐπιχωρίων·

109 4834 137 4873 ⁸⁸
160 4818 235 4899 ὄρειοι
248 4844 278 4880 τε
294 4820 348 4901 γδρ
361 4822 405 4880 ἀπ’
416 4823 489 4902 αύτῷ
503 4821 548 4880 καί
563 4826 688 4894 συνθῆκαι
702 4829 756 4887 τοῖς
771 4818 935 4898 βουλομένοις

163 4908 279 4987 βαθείαις
297 4912 324 4968 τὶ
340 4909 560 4990 διαπράττεσθαι,
577 4910 623 4969 καί
643 4908 808 4974 δεκατεύσεις
826 4907 935 4986 χρημά-

160 5020 215 5055 των
232 4998 352 5077 γίνονται
373 4995 470 5077 συχναί
492 4998 553 5055 κατ’
579 4995 721 5077 ιύχάς·τῇ
745 4994 832 5074 με’ντοι
853 5016 934 5053 κατα·

161 5091 244 5164 στενῇ
268 5085 339 5145 πολὺ
361 5088 408 5157 τῆς
434 5084 510 5159 δόξης
528 5084 585 5144 ίστί
606 5084 820 5164 καταδεέστερος.
864 5085 935 5141 Πολ·

159 5171 233 5254 λαχῇ
253 5173 281 5232 δί
305 5172 354 5231 καί
371 5172 439 5253 άλλη
453 5177 499 5245 τῆς
522 5171 636 5238 Ἰταλίας
656 5175 756 5231 ἀνεῖται
777 5168 874 5250 τεμίνη
897 5172 934 5249 τῷ

988 902 1051 953 cum
1065 906 1148 954 autern
1168 910 1193 954 et
1207 919 1296 956 nornen
1316 907 1341 956 el
1355 918 1432 968 genus
1443 908 1468 956 et
1483 920 1523 956 res
1540 909 1621 969 gans
1636 907 1689 970 ipso
1701 919 1761 955 nar·

988 996 1056 1045 rante
1067 996 1251 1058 cognovissent,
1267 996 1392 1060 regionem
1409 998 1434 1047 et
1445 1001 1523 1048 sanet
1541 997 1607 1062 ipsos
1619 998 1643 1045 in
1657 998 1712 1048 eius
1727 996 1760 1046 ti-

986 1083 1043 1134 dem
1055 1087 1128 1148 atque
1140 1086 1273 1136 amicitiam
1282 1086 1438 1137 dediderunt.
1456 1089 1487 1136 nt
1494 1086 1616 1148 Euander,
1626 1087 1670 1150 qui
1683 1087 1763 1137 multo

988 1176 1044 1226 autc
1059 1190 1090 1227 en
1104 1178 1156 1240 ipsa
1168 1177 1287 1227 Themide
1301 1177 1429 1238 andierat,
1444 1176 1470 1227 iu
1481 1177 1539 1227 latis
1550 1190 1605 1228 esse
1622 1180 1652 1227 ut
1663 1179 1761 1228 Hercu-

987 1266 1038 1328 ies,
1058 1269 1117 1317 lore
1132 1271 1157 1317 cl
1170 1268 1286 1317 Alcmena
1297 1270 1446 1331 prognatus,
1464 1271 1564 1335 propter
1584 1268 1703 1318 virtutem
1715 1280 1763 1317 ua-

988 1361 1070 1407 turnm
1089 1361 1217 1409 mortalem
1233 1373 1290 1408 curn
1311 1358 1442 1408 immortali
1466 1359 1762 1418 comminuendam,

988 1451 1135 1515 simulatque
1148 1450 1262 1514 cognovit
1273 1452 1331 1516 quis
1341 1449 1383 1500 ille
1401 1453 1483 1511 esset,
1499 1452 1554 1499 autc
1567 1454 1664 1500 ceteros
1678 1463 1764 1501 omnes

988 1542 1098 1592 homiues
1117 1542 1248 1592 Herculem
1262 1541 1351 1591 divinis
1370 1540 1505 1590 bonoribus
1528 1540 1624 1604 placare
1648 1541 1763 1604 οιιφίοιιι,

989 1646 1058 1682 aram
1080 1644 1132 1697 praa
1157 1633 1234 1682 nimia
1258 1631 1413 1682 testinatione
1441 1645 1472 1682 ex
1494 1633 1604 1695 tempore
1625 1630 1715 1680 iactam
1741 1630 1766 1680 ei

989 1722 1075 1783 aresii,
1090 1726 1115 1772 et
1127 1736 1201 1786 supra
1213 1721 1278 1772 hauc
1289 1723 1417 1773 iuvencam
1434 1721 1578 1772 indomitam
1597 1721 1621 1772 ei
1636 1721 1764 1781 mactavit,

990 1809 1117 1860 oraculum
1147 1811 1246 1859 Herculi
1276 1822 1380 1860 narrans
1402 1823 1508 1872 eumque
1532 1821 1620 1871 rogans
1648 1814 1677 1859 ut
1697 1822 1766 1863 sacra

990 1899 1167 1963 auspicaretur.
1212 1901 1331 1950 Hercules
1350 1913 1409 1952 vero
1434 1901 1513 1963 gentis
1543 1899 1609 1949 illius
1634 1898 1765 1963 hospitali·

989 1992 1067 2042 tatem
1095 1990 1244 2053 admiratus,
1273 1994 1344 2055 epnio
1375 1991 1494 2056 populum
1521 1991 1630 2057 accepit,
1651 1992 1766 2042 mactatis

991 2083 1084 2146 aliquot
1108 2081 1188 2133 bobus
1209 2086 1235 2134 et
1254 2081 1349 2133 decima
1371 2097 1403 2134 ex
1422 2082 1515 2145 reliqna
1534 2081 1618 2146 preda
1640 2086 1765 2146 exempta.

991 2176 1023 2225 nt
1043 2187 1112 2237 reges
1130 2175 1212 2238 amplo
1231 2174 1350 2238 Ligurum
1366 2179 1391 2224 et
1405 2175 1509 2225 aliorum
1528 2174 1689 2225 finitimorum
1707 2187 1766 2238 agro

990 2265 1106 2325 donavit,
1120 2264 1193 2314 euius
1206 2264 1335 2329 imperium
1352 2265 1509 2317 venementer
1527 2265 1659 2330 optabant,
1671 2266 1764 2331 impro-

989 2355 1028 2405 bis
1046 2354 1195 2420 quibusdam
1220 2355 1361 2405 homiuibus
1380 2356 1437 2407 inde
1462 2355 1545 2419 pulsis.
1579 2357 1673 2406 Ferunt
1697 2368 1764 2420 prm·

990 2451 1057 2497 terea
1077 2447 1181 2510 regionis
1195 2447 1262 2496 illius
1282 2447 1375 2498 incolas
1397 2446 1428 2497 ab
1449 2461 1478 2497 eo
1502 2450 1615 2510 rogatos,
1641 2451 1684 2506 ut,
1701 2461 1766 2510 quo·

989 2538 1055 2588 niam
1070 2537 1151 2602 ipsum
1163 2537 1237 2602 primi
1252 2537 1328 2588 deum
1348 2541 1478 2602 putarant,
1497 2536 1603 2588 bonores
1614 2538 1766 2588 immortales

989 2628 1034 2693 ipsi
1053 2632 1170 2692 perpetuo
1181 2632 1320 2687 servarent,
1336 2627 1467 2691 quotannis
1479 2628 1608 2677 iuvencam
1623 2627 1766 2677 indomitam

988 2722 1124 2769 mactantes
1149 2719 1246 2781 rituque
1265 2720 1355 2770 Gracc
1379 2732 1449 2768 sacra
1474 2724 1624 2783 peragentes.
1665 2722 1699 2769 Ut
1720 2732 1766 2769 au·

989 2813 1040 2862 tcrn
1062 2810 1109 2875 ipsi
1127 2809 1246 2860 munificis
1268 2814 1338 2872 gata
1358 2823 1455 2873 semper
1474 2810 1505 2860 ab
1525 2810 1573 2860 illis
1586 2809 1687 2870 tierent,
1701 2810 1765 2861 duas

989 2902 1082 2952 nobiles
1096 2904 1180 2967 gentes
1193 2900 1225 2951 ab
1241 2915 1271 2950 co
1283 2900 1393 2951 deiectas
1407 2906 1433 2951 et
1446 2915 1572 2951 sacrorum
1585 2902 1646 2952 ritus
1665 2902 1766 2953 edoctas

989 3005 1052 3044 ease.
1085 2993 1144 3042 iilos
1162 3006 1234 3052 sero,
1249 2993 1292 3055 qni
1314 2995 1374 3042 tunc
1388 2993 1499 3043 Graecam
1514 3005 1640 3042 sacrorum
1656 2993 1765 3058 discipli.

988 3098 1045 3135 nam
1057 3083 1213 3145 didicerunt,
1232 3084 1309 3133 tuisse
1319 3084 1422 3132 Potitios
1436 3086 1462 3133 et
1476 3084 1599 3143 binarios,
1617 3098 1690 3148 penos
1703 3098 1767 3148 quas

989 3179 1073 3241 gentes
1087 3189 1174 3226 curam
1194 3188 1337 3236 sacrorum,
1354 3179 1381 3224 ui
1404 3175 1444 3224 ille
1467 3174 1621 3236 instituerat,
1636 3175 1679 3225 diu
1693 3189 1765 3226 mau-

988 3267 1057 3318 siase.
1090 3266 1193 3317 Potitios
1205 3265 1307 3329 quidem
1326 3265 1404 3315 sacris
1424 3265 1568 3330 prefuisse.
1594 3270 1670 3328 atque
1691 3266 1766 3316 victi·

988 3371 1084 3408 marum
1096 3359 1150 3422 igue
1163 3363 1324 3408 namuurum
1336 3357 1457 3423 primitias
1469 3359 1580 3420 accipere
1590 3357 1677 3407 solitos
1696 3372 1764 3417 esse,

989 3451 1098 3503 Pinarius
1114 3454 1197 3501 ουὶειιι
1209 3464 1224 3499 a
1237 3449 1361 3500 viscerum
1374 3451 1545 3499 communione
1556 3448 1671 3499 exclusos
1692 3455 1760 3501 cete·

989 3542 1022 3592 ris
1042 3555 1140 3605 quoquc
1161 3541 1186 3590 in
1204 3540 1290 3599 rebus,
1305 3553 1367 3603 quas
1388 3540 1514 3590 oomrnuni
1531 3543 1695 3603 utrorumque
1719 3540 1765 3591 mi·

988 3631 1088 3680 nisterio
1107 3630 1159 3680 lieri
1179 3630 1322 3693 oportebat,
1345 3629 1482 3680 secundum
1499 3630 1615 3680 bonorem
1639 3630 1763 3681 habaima.

990 3723 1060 3770 Hanc
1080 3733 1140 3768 nero
1161 3719 1298 3781 ignominias
1319 3722 1403 3769 notam
1428 3722 1529 3783 propter
1543 3719 1666 3768 adventus
1686 3719 1765 3768 tardi·

991 3813 1069 3860 tatem
1087 3808 1133 3859 iilis
1153 3821 1207 3858 esse
1232 3808 1384 3871 impositam,
1402 3809 1467 3872 quod
1488 3820 1559 3856 inane
1582 3807 1668 3857 adesse
1687 3806 1763 3868 iussi,

990 3914 1047 3950 oum
1065 3897 1151 3961 reliqui
1170 3899 1228 3948 eata
1246 3897 1295 3946 iam
1313 3895 1449 3947 dividerent
1465 3897 1599 3945 venissent.
1635 3897 1705 3945 Nunc
1723 3898 1764 3945 ta-

989 4005 1045 4043 men
1057 3991 1146 4042 horum
1165 4002 1294 4040 sacrorum
1307 4001 1367 4038 cura
1384 3999 1433 4036 non
1449 3985 1606 4049 estamplius
1622 3999 1696 4049 penos
1718 3986 1764 4038 aas

988 4088 1089 4151 gentes,
1113 4082 1157 4133 sed
1180 4081 1245 4132 servi
1270 4093 1326 4130 aere
1346 4077 1444 4142 publico
1463 4080 1539 4140 erupti
1568 4091 1638 4127 sacra
1662 4079 1765 4130 iaciunt.

989 4176 1084 4235 eribns
1095 4188 1154 4225 sero
1170 4172 1203 4224 de
1220 4172 1315 4223 caussis
1329 4183 1384 4220 mos
1399 4169 1446 4218 iste
1465 4168 1498 4219 sit
1510 4173 1637 4230 mutatus,
1655 4173 1682 4220 et
1702 4182 1764 4235 quo-

988 4267 1063 4319 modo
1082 4267 1144 4318 deus
1165 4264 1297 4315 manifesto
1319 4262 1344 4311 in
1366 4260 1522 4311 sacerdotum
1535 4263 1669 4311 mutatione
1686 4275 1764 4326 appa-

989 4359 1081 4419 ruerit,
1096 4371 1153 4407 cum
1169 4357 1201 4406 ad
1215 4356 1278 4406 hano
1294 4353 1405 4404 historin
1422 4366 1484 4404 meaa
1505 4357 1599 4417 partem
1613 4366 1761 4416 pervenero,

990 4450 1068 4499 insius
1084 4449 1201 4512 aperiam.
1233 4450 1282 4495 Ara
1300 4458 1375 4506 uero,
1394 4458 1468 4516 supra
1481 4458 1555 4507 quam
1568 4443 1687 4493 ilercules
1699 4444 1765 4491 deci·

989 4552 1043 4588 mas
1058 4537 1164 4597 obtulit,
1177 4549 1192 4586 a
1205 4534 1322 4586 Romanis
1335 4535 1443 4586 Maxima
1459 4539 1570 4592 vocatur,
1586 4536 1675 4595 estque
1688 4545 1763 4597 prope

989 4631 1069 4680 lorum
1083 4628 1151 4691 quod
1162 4627 1277 4677 Βοιιὶυιιι
1290 4626 1437 4691 appellatur,
1449 4638 1464 4675 a
1476 4625 1581 4688 regionis
1595 4623 1662 4673 iliius
1676 4623 1763 4674 incolis

989 4722 1011 4771 si
1031 4734 1081 4784 qua
1101 4720 1147 4770 alia
1167 4718 1278 4783 religiose
1297 4718 1397 4770 cultam.
1429 4716 1465 4766 Ad
1486 4716 1549 4765 bano
1570 4715 1635 4764 cuim
1650 4729 1719 4765 aram
1737 4720 1764 4767 et

988 4807 1159 4859 iusiurandum
1173 4811 1198 4856 et
1209 4811 1281 4871 pacta
1296 4805 1404 4864 iaciunt,
1415 4804 1457 4867 qui
1469 4801 1560 4866 aliquid
1574 4802 1638 4852 lirmi
1648 4816 1677 4852 ac
1689 4802 1765 4856 validi

988 4899 1122 4963 transigere
1135 4898 1236 4958 volunt;
1246 4897 1287 4947 bic
1296 4897 1371 4947 etiam
1379 4908 1462 4944 rerum
1473 4893 1581 4943 (lacunas
1591 4907 1619 4942 ex
1629 4895 1687 4945 voto
1697 4906 1764 4958 sepe

988 4991 1104 5041 offerunt.
1136 4989 1197 5038 Eius
1218 4990 1301 5039 tamen
1320 4990 1453 5051 apparatus
1462 4988 1487 5036 εί
1498 4989 1668 5035 oruamentum
1680 4985 1763 5036 homi·

989 5095 1047 5132 num
1065 5080 1172 5145 opinioni
1192 5092 1280 5143 parum
1298 5075 1439 5141 respondet.
1472 5075 1601 5126 tumultis
1617 5075 1693 5127 οίὶιιιιι
1708 5074 1763 5125 aliis

991 5173 1068 5225 ltalia
1084 5171 1144 5223 iocis
1160 5172 1252 5234 templa
1261 5169 1320 5219 huie
1332 5168 1379 5219 deo
1389 5172 1446 5218 sunt
1458 5170 1570 5229 morata,
1583 5169 1609 5218 et
1621 5167 1647 5217 in
1659 5164 1763 5216 mamus
