4068 5924
649 411 941 485 ANTIQUlTATUM
962 414 1110 477 ROMAN.
1134 417 1208 480 LIB.
1232 421 1283 480 lll.
1706 427 1764 486 tea

163 546 265 609 όντων,
286 540 322 604 ώς
346 537 398 596 ἀπὸ
428 540 523 607 παντὸς
547 545 592 599 τοῦ
619 541 754 619 βελτίστου
787 545 942 620 γενομένην,

166 625 329 698 ἐσκήπτετο,
344 625 389 685 καί
409 629 462 685 τῶν
474 626 576 687 ἱππίων
593 628 686 707 μοῖράν
709 654 768 688 τινα
786 632 894 711 πέμψας
908 635 942 698 ὡς

166 715 245 774 aisis
262 713 335 786 ἠξίου
364 714 466 784 τελείαν
493 716 680 783 ἀποδείξασθαι
701 718 749 789 την
777 720 940 800 προθυμίαν,

165 802 227 870 τοὺς
240 802 279 879 μὴ
295 803 450 873 δυνηθέντας
470 805 504 869 είς
518 803 551 863 τδι
565 804 641 883 τείχη
662 809 714 864 τῶν
727 807 880 880 Φιδηναίων
893 832 941 867 κα·

119 902 134 937 ¹²
165 892 320 973 ταφεύγειν,
340 890 399 950 ἀλλ’
417 891 620 969 ίσκεδασμένους
640 892 690 951 ἀνθ
703 893 751 965 την
766 894 875 974 χώραν,
891 919 940 953 συ-

165 979 245 1060 χνοθς
273 978 365 1053 ὄντας,
390 978 503 1038 κελεύων
540 980 740 1059 διερευνώμενον
770 984 941 1042 ἀποκτείνειν.

167 1069 306 1139 Κάκεῖνος,
321 1069 356 1130 ὡς
369 1067 474 1147 θάτερον
489 1058 526 1126 ὧν
539 1067 634 1139 ἤλπισε
650 1069 877 1149 διαπεπραγμένος
895 1072 941 1130 καί

166 1154 285 1227 λεληθὼς
298 1154 343 1213 τδν
366 1153 487 1227 Τύλλον,
512 1154 601 1235 ἔχαιρέ
625 1178 653 1214 τε
675 1156 720 1214 καί
742 1154 822 1238 μέχρι
842 1160 941 1217 πολλοῦ

166 1242 339 1304 καθιππεύων
353 1242 387 1303 τδι
405 1245 484 1304 πεδία
503 1241 562 1311 τοὺς
581 1244 865 1321 καταλαμόανομένους
887 1245 940 1304 διί-

9 1398 10 1421 φ
111 1359 138 1395 ro
165 1338 284 1414 φθειρεν·
307 1333 357 1405 ἤδη
380 1332 408 1391 δέ
430 1332 564 1399 δεδυκότος
586 1332 661 1403 ἡλίου
681 1331 740 1398 τοὺς
757 1332 854 1400 ίππέας
878 1326 940 1402 ἧκεν

167 1420 240 1498 ἄγων
255 1422 299 1479 ἐπὶ
314 1421 345 1479 τὸ
358 1419 534 1500 στρατόπεδον
549 1419 580 1479 τδ
589 1419 743 1496 Ῥωμαικὸν
757 1423 786 1478 έκ
801 1426 846 1481 τοῦ
857 1423 940 1500 διοιγ-

165 1513 226 1582 prob,
240 1508 287 1566 καί
304 1505 351 1578 eris
388 1508 551 1567 ἐπελθοῦσαν
576 1507 648 1566 νύκτ’
667 1509 694 1565 έν
721 1508 868 1576 εὐπαθείαις
883 1509 940 1585 ἅμα

164 1595 219 1660 τοῖς
240 1594 352 1673 ἑταίροις
367 1586 410 1667 ἦν.
453 1593 487 1656 Ὁ
502 1593 530 1654 δέ
542 1595 644 1661 Τύλλος
668 1598 693 1653 έν
716 1599 754 1676 τῷ
777 1596 940 1661 Ούίιντανῶν

164 1682 267 1763 χάρακι
282 1683 372 1761 μείνας
386 1685 449 1763 άχρι
467 1683 574 1763 πρώτης
591 1686 719 1763 φυλακῆς,
739 1683 784 1742 καί
806 1684 864 1751 τοὺς
878 1686 938 1742 έπι-

9 1844 10 1847 ,
112 1799 137 1835 rs
164 1772 341 1852 φανεστάτους
356 1775 408 1830 τῶν
435 1770 613 1850 αἰχμαλώτων
636 1771 775 1849 ἀνακρίνας
792 1772 858 1836 τίνες
872 1764 940 1842 ἦσαν

164 1863 189 1919 σί
208 1863 255 1931 τῆς
273 1861 443 1927 ἀποστάσεως
456 1860 599 1937 ἡγεμόνες,
614 1865 650 1927 ὡς
668 1859 749 1936 ἔμαθε
766 1860 810 1918 καί
824 1860 868 1919 τόν
882 1862 940 1921 'dl-

165 1947 246 2007 ὅανδν
274 1950 377 2008 Μέττον
395 1951 421 2006 ἐν
447 1950 499 2015 τοῖς
524 1954 744 2025 συνομοσαμένοις
769 1948 938 2029 ὑπάρχοντα,

164 2036 238 2104 δόξας
260 2035 378 2117 συνφίδειν
393 2036 427 2096 τδι
447 2037 602 2116 πραχθέντα
618 2039 661 2094 ὑπ’
677 2039 758 2095 αὐτοῦ
772 2044 825 2103 τοῖς
839 2061 939 2113 μηνυο-

166 2125 252 2203 μένοις
277 2126 329 2183 ὑπὸ
350 2128 402 2183 τῶν
416 2124 608 2206 αἰχμαλώτων,
620 2124 720 2191 ἀναόάς
735 2124 778 2182 iat
792 2124 835 2181 τὸν
859 2122 940 2185 ἵππον

109 2240 138 2276 eo
166 2212 286 2280 καὶτοὺς
304 2212 476 2282 πιστοτάτους
494 2218 546 2272 τῶν
561 2211 673 2290 ἑταίρων
690 2210 853 2291 παραλαόδιν
874 2214 939 2292 πρὸς

163 2302 214 2374 την
228 2301 306 2360 πόλιν
323 2301 478 2378 ἀφιππεύει·
500 2301 543 2360 καὶ
556 2300 608 2379 πρὸ
622 2299 710 2376 μέσων
725 2302 824 2358 νυκτῶν
843 2302 872 2359 έκ
886 2305 938 2360 τῶν

163 2391 252 2449 οἰκιῶν
272 2388 332 2456 τοίνς
348 2389 488 2469 βουλευτάς
502 2387 676 2467 συγκαλέσας,
699 2386 747 2458 τόν
758 2410 786 2445 τε
799 2390 938 2466 προδοσίαν

164 2479 251 2544 αὐτοῖς
265 2476 336 2554 λέγει
350 2475 397 2548 τὴν
413 2481 461 2537 τοῦ
476 2475 613 2549 Ἀλόανοῧ,
627 2480 762 2554 μάρτυρας
770 2474 829 2541 τοὺς
842 2480 940 2556 αἰχμα-

161 2564 260 2630 λώτους
285 2568 504 2645 παρασχόμενος,
529 2562 573 2620 καὶ
592 2561 620 2620 δν
636 2562 732 2644 τρόπον
758 2562 837 2628 αὐτὸς
855 2585 936 2622 κατε-

9 2650 10 2699 ί
107 2664 136 2704 ²⁶
163 2653 332 2734 στρατήγησε
355 2651 455 2718 τούςτε
475 2650 615 2725 πολεμίους
631 2648 749 2715 καὶτοὺς
775 2650 937 2722 Φιδηναίους

9 2744 10 2759 ’
164 2741 304 2812 διηγεῖται.
346 2739 430 2804 Τέλος
455 2739 486 2808 δὴ
511 2738 541 2795 τὸ
561 2736 703 2812 ,κράτιστον
727 2735 863 2815 εἰληφότος
889 2741 938 2795 τού

161 2828 293 2905 πολέμου,
306 2826 341 2891 τά
361 2826 435 2885 λοίπ’
459 2824 511 2897 ἤδη
535 2832 642 2882 σκοπεῖν
659 2822 750 2890 αὐτοὺς
767 2823 854 2897 ἠξίου,
879 2823 937 2884 τίνα

164 2940 185 2997 χ
188 2917 220 2995 pt,
235 2916 333 2996 τρόπον
356 2913 559 2993 τιμωρήσασθαι
584 2912 708 2988 μὲντοὺς
727 2911 867 2993 προδότας,
882 2937 936 2971 σω-

161 3003 336 3086 φρονεστέραν
359 3002 388 3063 δέ
406 3001 454 3074 τὴν
479 3000 612 3060 ’λλόανῶν
636 3000 777 3059 ἀποδοῦναι
801 3000 878 3060 πόλιν
903 3003 939 3068 είς

103 3102 133 3141 ³⁰
151 3096 195 3154 triu
219 3094 322 3157 λοιπόν.
362 3092 402 3154 Tb
425 3092 473 3170 μέν
494 3082 538 3150 οὖν
558 3091 759 3169 τιμωρήσασθαι
783 3087 840 3155 τοὺς
853 3113 936 3170 προε-

161 3179 368 3262 πιχειρήσαντας
385 3176 471 3260 ἔργοις
485 3178 596 3243 ἀνοσίοις
619 3178 719 3234 ἅπασιν
738 3174 823 3235 έδόκει
840 3177 938 3236 δίκαιόν

158 3295 189 3330 τε
203 3272 249 3330 καί
263 3273 407 3349 ἀναγκαῖον
434 3260 518 3336 εἶναι,
541 3265 568 3324 δν
590 3262 616 3323 δέ
638 3264 733 3343 τρόπον
748 3269 825 3323 τοῦτο
845 3265 938 3343 γένοιτ’

160 3359 193 3417 ἀν
208 3361 292 3439 ῥᾷστα
307 3354 354 3415 καί
368 3353 568 3435 ἀσφαλέστατα,
590 3352 691 3425 πολλὴν
706 3356 793 3419 αὐτοῖς
809 3357 937 3433 παρεῖχεν

160 3447 288 3524 ἀπορίαν.
331 3443 435 3523 ’ἀδήλῳ
449 3441 497 3520 μέν
513 3440 564 3520 γάρ
579 3440 625 3500 καλ
646 3441 766 3512 λεληθότι
782 3440 855 3521 μόρῳ
873 3444 936 3501 πολ-

103 3548 132 3588 ³⁶
148 3534 222 3600 -ltobc
241 3534 287 3591 καλ
314 3529 427 3611 ἀγαθούς
450 3529 584 3589 Ἀλόανῶν
609 3529 704 3608 ἀνδρας
730 3529 938 3607 διαχειρίσασθαι

162 3626 220 3681 τῶν
235 3621 367 3682 ἀδυνάτων
386 3620 473 3683 αὐτοῖς
492 3616 604 3698 ἐραίνετ’
618 3607 702 3677 εἶναι·
719 3618 742 3674 εί
766 3616 794 3674 δέ
820 3620 938 3697 φανερῶς

162 3707 356 3782 συλλαμόάνιιν
375 3704 422 3766 καί
436 3710 606 3784 τιμωρεῖσθαι
620 3701 678 3769 τοὺς
696 3702 802 3783 ἐνόχους
822 3710 879 3768 ταῖς
896 3704 936 3760 al·

158 3794 231 3863 τίσις
252 3794 465 3874 ἐπιχειρήσειαν,
494 3794 523 3851 οὖ
551 3789 720 3871 περιόψεσθαι
753 3786 811 3854 τούς
838 3787 936 3847 Ἀλθα-

159 3884 219 3950 νοίκ
241 3883 441 3960 ὑπελάμύανον,
456 3882 514 3940 ἀλλ’
529 3879 573 3939 lari
587 3879 620 3937 τὰ
635 3879 703 3938 ὅπλα
716 3885 823 3957 χωρεῖν.
864 3874 938 3952 Ἅμα

103 4002 132 4037 ιιι
160 3974 189 4032 δὲ
208 3975 334 4049 πολεμεῖν
360 3968 516 4042 Φιδηναίοις
535 3991 563 4026 τε
588 3967 633 4026 καὶ
654 3969 798 4046 Τυρρηνοῖς
818 3965 864 4024 καί
886 3966 938 4031 τοῖς

161 4059 208 4118 tari
229 4062 278 4130 τὴν
304 4058 462 4138 συμμαχίαν
488 4061 560 4137 σφῶν
582 4054 782 4125 συνεληλυθόσιν
805 4052 938 4112 iissem

160 4149 210 4206 οὗκ
237 4147 389 4209 recitasse.
432 4145 629 4223 ’ἀπορουμένων
643 4142 666 4202 δ’
682 4144 768 4200 αὐτῶν
792 4141 939 4207 τελευταῖος

163 4236 350 4296 ἀποδείκνυται
364 4235 475 4314 γνώμην
496 4232 639 4304 uiliter,
658 4230 686 4303 ἣν
714 4231 826 4295 ἅπαντας
841 4229 937 4308 lenius·

159 4346 226 4401 σαν,
240 4327 308 4407 ὑπέρ
321 4316 353 4397 ἧς
368 4324 435 4399 μετά
450 4323 543 4402 μικρὸν
558 4322 618 4400 έρῶ.

102 4438 130 4475 ιε
199 4415 316 4475 xxvii.
339 4410 542 4492 Τιτταράκοντα
557 4411 579 4467 δ’
595 4408 674 4468 όντων
694 4405 808 4466 σταδίοιν
822 4409 874 4465 τῶν
890 4427 938 4480 με·

158 4502 222 4572 ralla
234 4504 357 4575 Φιδήνης
372 4525 399 4560 τε
414 4502 459 4560 καὶ
473 4499 582 4575 Ῥώμης
598 4496 692 4563 ίλοίσας
715 4495 760 4555 τδν
782 4492 864 4554 ἵππον
884 4494 935 4552 άνδι

159 4592 253 4670 κράτος
265 4594 353 4669 παρῆν
369 4590 412 4648 ἐπὶ
427 4588 471 4647 τὸν
487 4587 612 4667 χάρακα,
625 4583 670 4645 καλ
682 4583 743 4665 πρὶν
753 4583 856 4663 ἡμέραν
868 4581 937 4654 λαμ-

159 4680 229 4757 πράν
240 4679 361 4755 γενέσθαι
375 4677 487 4743 καλέσας
504 4676 615 4755 Μάρκον
630 4673 750 4751 Ὁράτιον
763 4671 807 4729 τδν
821 4671 936 4749 περιλει·

149 4760 244 4850 ’φθίνό
260 4771 291 4826 aa
307 4768 360 4823 τῶν
373 4764 513 4844 τριδύμων,
527 4763 572 4821 καί
594 4761 652 4828 δοθς
670 4764 742 4839 αὐτῷ
765 4764 816 4819 τῶν
830 4754 935 4817 ἱππέων

101 4879 130 4916 ευ
159 4854 206 4912 καί
216 4858 268 4912 τῶν
284 4856 369 4921 πεζῶν
389 4849 450 4916 τοὺς
462 4849 667 4924 ἀκμαιοτάτους,
681 4849 814 4908 ἐκελευσεν
825 4845 869 4905 έπί
888 4842 937 4915 τὴν

159 4940 295 5001 'iliad-b
312 4940 389 5000 πόλιν
415 4938 502 5017 ἀγειν·
523 4936 684 5014 παρελθόντα
700 4936 725 4994 δ’
738 4934 810 5001 έντδς
828 4932 931 5012 τείχους

157 5030 281 5110 ώςφίλον
305 5029 383 5104 ὄντα,
408 5027 470 5087 όταν
485 5024 649 5103 ὑποχειρίους
669 5022 739 5101 λάθῃ
762 5020 822 5088 τοὺς
844 5019 933 5091 ίνδον,

159 5121 279 5176 καθελεῖν
305 5114 355 5189 την
380 5115 456 5174 πόλιν
477 5112 543 5194 ἄχρι
570 5110 712 5188 θεμελίων,
736 5108 845 5186 μηδενὸς
871 5106 935 5185 μήτ’

158 5205 224 5264 ἰδίου
241 5204 309 5283 μήτε
333 5207 422 5263 κοινοῦ
445 5199 703 5276 κατασκευάσματος
723 5195 873 5277 φειδόμενον
887 5191 936 5263 lios

997 554 1098 606 laudare
1114 557 1237 609 simulavit
1259 578 1267 611 r
1286 564 1312 609 et
1336 560 1448 622 equitum
1470 564 1539 625 parte
1556 562 1587 612 ad
1610 562 1678 613 iilum
1693 564 1769 614 inissa

996 654 1092 717 rogarit
1107 657 1137 705 ut
1149 668 1295 720 propensam
1307 656 1458 708 uoluntatem
1483 657 1609 723 usquead
1632 657 1705 710 tlnam
1722 657 1767 711 ela·

995 764 1157 824 monstraret,
1171 764 1300 826 oravitque
1312 766 1340 815 ut
1360 765 1405 826 qui
1427 764 1492 814 intra
1509 765 1598 819 monia
1613 764 1765 817 Fidenatium

995 867 1107 930 refugere
1129 882 1177 918 non
1197 871 1330 933 potuerant
1353 874 1379 920 et
1400 884 1444 934 per
1470 884 1542 934 agros
1562 872 1666 936 dispersi
1680 875 1767 933 erant,

995 977 1101 1027 quorum
1116 979 1220 1029 magnus
1236 969 1290 1017 erat
1302 980 1436 1027 numerus,
1447 970 1604 1031 conquireret
1612 973 1637 1019 et
1649 969 1768 1019 interlice-

995 1067 1042 1114 ret.
1075 1063 1118 1115 ille
1132 1077 1204 1127 vero,
1217 1065 1289 1127 quasi
1301 1064 1350 1116 iam
1369 1066 1472 1117 alterum
1485 1080 1570 1118 eorum
1585 1082 1641 1131 qum
1659 1072 1769 1133 sperarat

994 1163 1126 1212 assecutus
1145 1165 1226 1225 esset,
1243 1165 1267 1213 et
1290 1162 1376 1214 Tullus
1396 1163 1542 1228 proditionis
1564 1169 1631 1216 esset
1651 1167 1767 1229 ignarus,

995 1263 1134 1328 gaudebat,
1165 1264 1260 1330 diuque
1278 1279 1323 1330 per
1337 1280 1436 1330 campos
1457 1267 1604 1331 obequitans
1626 1267 1767 1318 trucidabat

994 1365 1115 1428 quotquot
1139 1365 1273 1429 deprendit.
1305 1367 1338 1415 Et
1357 1365 1407 1415 iam
1428 1365 1466 1415 sol
1481 1365 1606 1416 occiderat
1618 1380 1675 1417 cum
1695 1365 1765 1429 equi-

994 1467 1033 1517 tes
1042 1465 1074 1516 ab
1090 1464 1250 1530 insequendis
1263 1465 1377 1515 hostibus
1388 1464 1412 1513 in
1433 1467 1514 1514 castra
1526 1465 1635 1514 Romana
1651 1465 1765 1524 reduxit,

994 1565 1019 1614 ct
1032 1565 1135 1615 ibicum
1149 1564 1238 1614 ceteris
1249 1577 1304 1614 earn
1319 1564 1416 1613 noctem
1439 1575 1535 1612 summa
1547 1561 1670 1613 hilaritate
1683 1563 1764 1613 bans-

994 1663 1051 1728 egit.
1079 1666 1112 1714 At
1131 1662 1226 1723 Tullus,
1252 1674 1309 1711 eum
1329 1661 1354 1710 in
1375 1658 1514 1710 Veientium
1538 1659 1625 1708 castris
1642 1659 1766 1722 usquead

993 1761 1097 1827 primam
1114 1760 1220 1822 uigiliam
1240 1758 1385 1818 mansisset,
1403 1761 1427 1807 et
1444 1770 1475 1807 cr
1486 1755 1645 1807 nobilissimis
1663 1755 1767 1819 captivis

993 1857 1149 1922 quaesirisset
1184 1855 1283 1919 quinam
1316 1853 1462 1904 delectionis
1499 1856 1613 1903 auctores
1647 1852 1764 1911 luissent,

993 1956 1125 2019 postquam
1137 1953 1250 2016 cognouit
1264 1957 1290 2005 et
1317 1953 1398 2015 ipsum
1421 1953 1527 2003 Mettum
1543 1953 1607 2001 inter
1626 1952 1783 2001 coniuratos¹

993 2069 1057 2117 csse,
1073 2060 1099 2107 et
1113 2054 1233 2106 intellexit
1244 2068 1284 2105 res
1302 2053 1389 2105 abillo
1410 2056 1492 2118 gestas
1509 2065 1643 2117 congruere
1656 2066 1713 2102 cum
1726 2054 1766 2102 in-

993 2157 1063 2208 diciis
1078 2157 1244 2221 captivorum,
1258 2169 1351 2219 equum
1365 2153 1519 2216 conscendit,
1528 2157 1554 2204 et
1567 2154 1693 2204 fidissimis
1703 2153 1767 2203 ami-

993 2256 1123 2306 oissecum
1136 2255 1248 2305 abductis
1268 2253 1300 2305 ad
1320 2255 1407 2305 urbem
1423 2253 1557 2305 contendit,
1593 2257 1621 2303 Et
1639 2260 1696 2303 arto
1714 2266 1766 2303 mc·

993 2353 1059 2404 diam
1080 2357 1176 2403 noctem
1201 2351 1355 2403 senatoribus
1374 2351 1449 2401 domo
1467 2351 1585 2410 evocatis,
1601 2350 1688 2401 Albani
1707 2364 1765 2415 pro·

992 2450 1111 2501 ditionem
1136 2449 1248 2513 aperuit,
1274 2450 1378 2499 testibus
1410 2463 1439 2499 ex
1475 2449 1630 2512 captivorum
1663 2462 1766 2499 numero

992 2547 1127 2612 productis,
1142 2550 1166 2597 et
1185 2545 1293 2596 narrarit
1312 2559 1363 2609 quo
1376 2546 1433 2597 dolo
1450 2547 1502 2610 ipse
1516 2551 1541 2596 at
1554 2546 1637 2597 bostes
1654 2551 1679 2597 et
1694 2547 1766 2598 Fide-

992 2667 1060 2713 nates
1072 2661 1217 2726 decepisset.
1251 2661 1387 2712 ccrtaminc
1403 2664 1484 2711 autem
1495 2660 1633 2711 felicissirne
1645 2662 1763 2724 contecto,

991 2777 1034 2814 eos
1046 2769 1073 2814 ut
1091 2764 1121 2814 do
1142 2763 1232 2814 ceteris
1246 2763 1321 2814 rebus
1343 2764 1409 2813 inter
1422 2777 1449 2813 se
1470 2764 1635 2814 consultarent
1652 2763 1764 2827 rogarit,

991 2872 1017 2919 ot
1028 2882 1078 2931 quo
1091 2867 1211 2932 supplicio
1235 2867 1374 2931 proditores
1396 2870 1480 2917 essent
1500 2867 1620 2917 alliciendi
1633 2906 1638 2929 ,
1662 2871 1687 2919 et
1700 2882 1763 2932 quo·

991 2972 1064 3025 modo
1077 2971 1226 3023 Albanorum
1246 2971 1336 3022 civitas
1347 2971 1373 3021 in
1387 2974 1513 3035 posterum
1535 2971 1673 3021 modestior
1681 2978 1764 3034 posset

990 3075 1067 3128 reddi.
1102 3077 1128 3124 in
1142 3087 1184 3124 eos
1205 3072 1280 3139 igitur
1302 3072 1504 3134 animadvertere,
1528 3073 1572 3136 qui
1594 3073 1699 3121 taetriora
1712 3076 1764 3122 tam

991 3180 1094 3230 scelesta
1102 3179 1353 3242 prioresausicsscrrt,
1363 3190 1449 3227 omnes
1456 3190 1554 3239 aequum
1565 3179 1589 3225 et
1598 3175 1763 3226 necessarium

991 3283 1149 3335 iudicarunt:
1168 3284 1211 3333 scd
1229 3281 1354 3347 quomodo
1374 3283 1401 3331 et
1418 3279 1531 3330 facillimo
1553 3279 1578 3328 et
1597 3276 1719 3327 tutissime
1737 3279 1761 3330 id

994 3368 1159 3449 sreriposset,
1172 3384 1215 3434 diu
1226 3384 1368 3433 dubitatum
1381 3384 1426 3432 est.
1461 3380 1564 3430 Occulta
1577 3378 1641 3428 onim
1652 3380 1679 3428 et
1695 3376 1763 3428 claa-

991 3485 1088 3536 dcstina
1106 3486 1186 3532 morte
1200 3482 1294 3531 inultos
1307 3481 1413 3530 Albanos
1428 3493 1520 3543 eosque
1533 3478 1599 3527 uiros
1610 3479 1686 3528 lortes
1697 3478 1766 3528 nullo

992 3585 1064 3636 inodo
1073 3584 1127 3634 tolli
1134 3596 1206 3648 posse
1218 3582 1343 3645 putabant.
1376 3579 1449 3639 Quod
1460 3580 1549 3629 sivero
1561 3579 1641 3642 palum
1653 3590 1764 3642 compre

991 3685 1098 3736 bendere
1124 3689 1150 3736 ot
1165 3683 1250 3735 ulcisci
1273 3686 1356 3733 sontes
1372 3684 1527 3741 conarentur,
1546 3680 1653 3730 Albanos
1670 3678 1696 3728 id
1712 3692 1760 3729 non

990 3802 1121 3854 passuros,
1135 3787 1180 3839 sed
1197 3787 1307 3838 adarma
1315 3788 1395 3836 ituros
1415 3782 1605 3836 arbitrabantur.
1643 3781 1763 3831 Nolebant

991 3898 1074 3946 autern
1100 3907 1150 3944 uno
1174 3890 1309 3954 eodemque
1342 3893 1452 3951 tempore
1472 3899 1530 3937 eum
1553 3882 1711 3934 Fidenatibus
1737 3884 1764 3932 et

991 3999 1102 4051 Etruscis
1121 3999 1147 4048 et
1166 3993 1268 4047 Albanis
1283 3991 1356 4043 sociis
1375 4002 1460 4040 eorum
1472 3987 1563 4038 betium
1587 3998 1679 4050 gerere.
1713 3984 1765 4037 illus

991 4117 1050 4154 vero
1063 4098 1233 4152 dubitantibus
1247 4095 1305 4160 quid
1325 4090 1465 4143 iaciendum
1482 4090 1562 4150 essct,
1584 4087 1671 4138 Tullus
1690 4102 1764 4141 anana

991 4206 1137 4261 sententiam
1147 4204 1286 4267 postremos
1297 4195 1392 4261 aperuit
1398 4232 1409 4259 ,
1422 4206 1497 4259 quam
1512 4204 1597 4244 omnes
1611 4190 1764 4252 laudarunt,

991 4313 1023 4363 de
1036 4324 1086 4375 qua
1104 4306 1186 4372 paullo
1196 4306 1253 4369 post
1262 4303 1352 4354 dicam.

1023 4413 1123 4466 xxvii.
1142 4410 1204 4460 (ium
1214 4408 1297 4457 autern
1312 4402 1391 4467 spatio
1411 4398 1545 4450 stadiorum
1560 4411 1592 4447 xa
1607 4398 1684 4446 Roma
1696 4391 1763 4442 aii-

992 4511 1062 4564 denia
1079 4509 1198 4567 distaret,
1217 4505 1292 4554 citato
1314 4513 1377 4563 equo
1399 4500 1424 4549 iu
1439 4500 1520 4549 castra
1538 4493 1611 4545 rediit
1630 4496 1669 4551 et,
1692 4493 1764 4538 ante-

992 4623 1068 4675 quam
1081 4607 1134 4657 dies
1153 4604 1219 4655 clara
1239 4600 1338 4659 ibuxit,
1354 4598 1468 4647 uocatum
1490 4594 1522 4644 sd
1541 4606 1567 4641 ae
1585 4591 1695 4640 Marcum
1709 4587 1765 4635 Ho-

992 4705 1097 4766 ratium,
1117 4699 1161 4764 qui
1175 4711 1205 4748 ex
1227 4691 1364 4759 trigeminis
1382 4692 1492 4752 reliquus
1512 4687 1578 4744 erat,
1596 4696 1653 4732 cum
1678 4679 1760 4730 lectis·

992 4808 1061 4860 simis
1088 4802 1213 4868 equitibus
1236 4800 1260 4849 et
1287 4792 1409 4860 peditibus
1439 4788 1472 4837 ud
1498 4784 1649 4836 arcanorum
1677 4776 1763 4828 urbem

990 4908 1039 4959 iter
1048 4903 1152 4967 dirigere
1167 4897 1252 4957 iussit,
1273 4873 1299 4946 et
1322 4890 1412 4941 moenia
1433 4888 1570 4949 ingressum
1594 4882 1623 4930 ut
1643 4874 1762 4937 amicum,

991 5003 1076 5065 cisque
1096 4997 1140 5064 qui
1153 4996 1179 5046 in
1196 5007 1225 5046 ea
1247 4992 1329 5043 essent
1339 4986 1445 5052 potitum
1463 4980 1516 5032 solo
1538 4977 1625 5029 urbem
1647 4983 1761 5035 aequare,

990 5098 1064 5152 nullis
1077 5095 1116 5147 vel
1130 5091 1232 5159 privatis
1244 5088 1284 5139 rel
1302 5082 1407 5151 publicis
1424 5076 1534 5130 aediliciis
1552 5073 1705 5140 parcentem,
1717 5080 1761 5118 οι-

991 5195 1068 5262 ceptis
1081 5193 1159 5247 sacris
1172 5207 1178 5242 z
1189 5194 1214 5241 at
1227 5187 1258 5239 ab
1269 5183 1334 5236 omui
1345 5180 1471 5232 bominum
1479 5173 1547 5227 caede
1559 5177 1584 5224 et
1595 5169 1685 5223 iniuria
1698 5165 1755 5215 aba·
