4088 5936
636 426 932 503 ANTIQUiTATUM
953 432 1104 497 ROMAN.
1129 436 1203 499 LIB.
1227 438 1278 498 tv.
1706 448 1767 507 209

150 559 251 617 Τοῦτον
266 556 312 615 τόν
325 555 461 638 καθαρμὸν
480 553 530 624 ίως
540 559 593 616 τῶν
606 558 665 617 κατ’
674 559 722 635 έμί
735 560 839 640 χρόνων
853 561 930 622 Ῥω-

152 654 228 721 μαῖοι
238 644 420 723 καθαίρονται,
433 644 558 722 μετάτήν
570 648 722 707 συντέλειαν
736 652 929 729 τῶντιμήσεων
970 676 973 683 ’

151 732 204 791 ύπθ
217 737 269 793 τῶν
296 732 411 812 ἐχόντων
434 733 482 804 τήν
505 735 652 814 ἱερωτάτην
672 736 774 816 ἀρχὴν,
795 743 930 820 Λοῦστρον

151 822 334 899 ὀνομάζοντες.
378 823 502 898 Ἐγίνετο
514 824 538 883 δ’
556 823 689 899 δσύμπας
704 830 757 884 τῶν
777 828 930 905 τιμησαμέ·

111 929 125 967 ε
148 932 200 970 νων
211 909 271 977 τοὺς
288 911 359 990 βίους
370 909 516 987 Ῥωμαίων
530 909 652 991 ἀριθμὸς,
676 915 711 981 όις
722 915 749 972 έν
761 922 816 982 τοῖς
824 939 931 993 τιμητι-

148 1002 204 1068 κοῖς
218 1000 327 1078 φέρεται
341 999 506 1079 γράμμασιν,
520 1000 565 1059 ἐπὶ
585 1000 709 1081 μυριάσιν
729 1002 799 1062 όκτὼ
812 1003 931 1084 χιλιάδες

148 1088 228 1146 πέντε
250 1088 406 1168 τριακοσίων
435 1089 605 1149 ἀποδέουσαι.
650 1089 816 1162 Ἐπυιήσατο
839 1090 929 1152 δὲκαὶ

148 1179 196 1246 τῆς
209 1174 344 1247 αὐξήσεως
359 1182 405 1235 τοῦ
419 1177 554 1237 πολιτικοῦ
574 1177 759 1258 συντάγματος
781 1182 812 1239 οὐ
833 1182 930 1262 μικράν

148 1263 274 1344 πρόνοιαν
290 1256 364 1331 ούτος
382 1264 542 1345 δβαοιλεδς,
556 1276 669 1348 πρᾶγμα
683 1268 804 1341 συνιδὼν,
819 1266 834 1328 θ
848 1269 931 1349 παρέ·

102 1370 126 1408 ιο
148 1354 223 1411 λιπον
238 1353 355 1420 άπαντες
366 1356 390 1413 οί
404 1354 456 1432 πρὸ
471 1355 552 1413 αὐτοῦ
574 1356 700 1436 βασιλεῖς.
745 1355 861 1418 Ἐκεῖνοι
880 1357 928 1434 μὲν

147 1439 360 1521 γάρτοὺςξένους
369 1441 556 1523 ὑποδεχόμενοι
568 1444 613 1503 καὶ
625 1444 808 1519 μεταδιδόντες
817 1449 864 1516 τῆς
877 1447 930 1505 θοο-

147 1528 282 1598 πολιτείας
290 1531 366 1610 φύσιν
377 1528 430 1601 τιή
440 1530 525 1610 τύχην
532 1533 619 1589 αὐτῶν
627 1530 751 1607 οὐδεμίαν
760 1529 930 1601 λπαξιοῦντες

147 1620 182 1685 είς
211 1620 434 1700 πολυανθρωπίαν
465 1619 616 1699 προήγαγον
653 1618 702 1692 τήν
742 1621 838 1681 πόλιν·
861 1625 875 1680 δ
902 1622 929 1680 δὲ

147 1708 264 1775 Τύλλιος
288 1709 333 1768 καὶ
351 1712 405 1776 τοῖς
433 1709 657 1790 ἐλευθερουμένοις
675 1711 728 1767 τῶν
751 1706 928 1789 θεραπόντων,

100 1816 123 1854 ιε
146 1798 192 1855 tis
204 1798 246 1874 μὴ
261 1796 372 1856 θέλωσιν
383 1800 420 1864 εἰς
438 1798 485 1866 τὰς
500 1802 599 1857 ἑαυτῶν
612 1796 702 1864 πόλεις
719 1798 837 1874 ἀπιέναι,
851 1798 928 1875 μετέ·

145 1909 203 1966 χειν
222 1891 271 1958 τῆς
285 1885 461 1955 ἰσοπολιτείας
475 1884 611 1968 ἐπέτρεψε.
655 1886 791 1967 Κελεύσρις
803 1885 854 1965 γὰρ
871 1886 929 1964 ἅμα

145 1984 199 2042 τοῖς
215 1974 305 2043 ἄλλοις
314 1975 412 2035 ἅπασιν
425 1975 569 2055 ἐλευθέροις
586 1975 632 2036 καί
642 1974 750 2042 τούτους
764 1975 929 2052 τιμήσασθαι

145 2061 192 2130 τίς
201 2064 304 2140 οὐσίας,
317 2065 353 2132 είς
365 2062 449 2144 φυλδις
457 2062 598 2133 κατέταξεν
608 2063 702 2130 αὐτούς
715 2063 762 2130 τὰς
772 2063 841 2123 κατὰ
853 2062 929 2123 πόλιν

147 2149 277 2232 τέτταρας
292 2151 493 2233 1ίνπαρχούσας,
510 2156 537 2213 έν
562 2145 603 2221 εἷς
620 2153 666 2214 καί
684 2153 765 2234 μέχρι
789 2156 841 2212 τῶν
868 2154 929 2213 καθ’

97 2252 123 2291 2⁰
145 2243 214 2314 ἡμᾶς
240 2240 343 2320 χρόνων
367 2241 527 2320 ταττόμενον
554 2243 668 2302 διατελεῖ
686 2242 718 2301 τδ
740 2241 928 2322 ἐξελευθερικὸν

146 2332 237 2409 φῦλον,
250 2331 311 2389 ὅσον
326 2330 357 2389 δν
373 2322 410 2411 ᾖ·
428 2332 475 2390 καί
490 2332 597 2390 πάντων
619 2331 740 2393 ἀπέδωκε
763 2337 816 2392 τῶν
834 2335 927 2391 κοινῶν

146 2420 232 2485 αὐτοῖς
247 2418 371 2499 μετέχειν
384 2410 421 2479 ὧν
431 2427 484 2486 τοῖς
498 2419 587 2487 σίλλοις
601 2421 763 2495 δημοτικοῖς.
913 2490 915 2499 γ

183 2509 297 2570 ΧΧΙΙΙ.
311 2507 483 2588 Ἀχθομένων
490 2508 518 2567 δέ
525 2511 577 2567 τῶν
585 2510 730 2589 πατρικίων
739 2508 782 2567 ἐπὶ
794 2512 832 2590 τῷ
841 2509 927 2588 πράγ·

147 2615 210 2673 ματι
225 2597 273 2657 καλ
291 2596 577 2677 δυσανασχετούντων,
598 2595 763 2675 συγκαλέσας
784 2598 816 2657 τὸ
829 2600 928 2670 πλῆθος

99 2707 123 2745 τε
146 2685 181 2750 είς
195 2685 357 2758 ἐκκλησίαν,
370 2689 475 2764 πρῶτον
493 2683 541 2762 μίν
566 2686 708 2761 θαυμάζειν
728 2686 779 2766 ἔφη
792 2688 845 2745 τῶν
860 2689 928 2764 ἀγα-

146 2777 304 2846 νατούντων,
320 2774 343 2832 εί
352 2778 386 2855 τῇ
396 2773 473 2854 φύσει
486 2773 516 2832 τό
527 2774 661 2854 ἐλεύθερον
672 2772 772 2834 οίονται
780 2781 826 2834 τοῦ
836 2776 928 2836 δούλου

146 2862 278 2944 διαφέρειν
297 2861 357 2921 ἀλλ’
376 2865 406 2922 οὗ
427 2866 460 2941 τῇ
479 2859 562 2943 τύχῃ·
587 2863 669 2922 ἔπειτ’
684 2865 706 2922 εἰ
721 2864 758 2940 μὴ
777 2867 830 2932 τοῖς
851 2865 927 2937 ἤθεσι

145 2951 259 3017 καὶτοῖς
275 2949 380 3030 τρόποις
399 2950 547 3021 έξετάζουσι
561 2951 621 3020 τοὺς
645 2951 731 3023 ἀξίους
752 2957 805 3013 τῶν
824 2956 926 3037 καλῶν,

146 3040 215 3098 ἀλλὰ
228 3042 285 3108 ταῖς
298 3039 471 3122 συντυχίαις,
491 3044 602 3123 δρῶντες
616 3044 653 3110 ιῖις
669 3041 841 3120 ἀστάθμητόν
854 3045 925 3104 έστιν

96 3148 123 3189 to
145 3138 258 3208 πρᾶγμα
280 3131 388 3211 ε’ντυχία
406 3131 451 3191 καλ
476 3131 663 3214 ἀγχίστροφον,
676 3133 722 3192 καλ
736 3134 820 3194 οὐδενὶ
840 3132 927 3216 ῥᾴδιον

145 3219 240 3287 εἰπεῖν,
264 3218 323 3279 οθδέ
336 3224 389 3279 τῶν
410 3218 480 3278 πάνυ
503 3221 641 3300 μακαρίων
662 3221 743 3302 μέχρι
766 3223 835 3290 τίνος
855 3226 926 3304 αὐτῷ

145 3305 277 3387 παρέσται
291 3306 398 3386 χρόνον.
442 3306 532 3375 ’iiiios
543 3311 568 3367 τ’
583 3308 678 3379 αὐτούς
691 3312 797 3371 σκοπεῖν
809 3315 869 3383 όσαι
877 3312 925 3389 μίν

145 3394 195 3468 ἤδη
209 3395 298 3464 πόλεις
312 3398 343 3457 έκ
358 3396 477 3464 δουλείας
487 3396 634 3474 μετέύαλον
647 3401 683 3468 είς
697 3401 843 3482 ἐλευθερίαν
856 3403 924 3482 βάρ·

146 3482 223 3565 θαροί
234 3508 262 3544 τι
274 3487 321 3544 καὶ
331 3484 495 3563 Ἑλληνίδες,
507 3486 567 3546 όσαι
582 3487 604 3545 δ’
620 3489 655 3554 είς
676 3489 796 3547 δουλείαν
816 3488 842 3557 ἐξ
857 3492 926 3549 έλευ·

94 3604 122 3647 33
149 3574 257 3653 θιρίας·
285 3573 404 3647 εὐήθειάν
428 3598 457 3635 τε
480 3576 581 3648 πολλὴν
615 3580 701 3637 αὐτῶν
718 3577 923 3656 κατεγίνωσκεν,

147 3665 170 3721 εἰ
184 3667 233 3733 τῆς
247 3663 391 3745 ἐλευθερίας
406 3672 460 3732 τοῖς
469 3663 549 3733 ἀξίοις
564 3668 616 3725 τῶν
628 3665 795 3746 θεραπόντων
808 3669 923 3747 μεταδι-

145 3750 245 3824 δόντες,
259 3756 306 3824 τῆς
318 3752 450 3821 πολιτείας
466 3758 599 3834 φθονοῦσι.
642 3753 824 3816 Συνεόούλευί
836 3778 865 3815 τε
878 3758 926 3815 αύ-

143 3847 210 3910 τοῐε,
224 3839 248 3898 εί
259 3838 308 3918 μίν
318 3840 445 3921 πονηρούς
459 3841 606 3919 νομίζουσι,
617 3842 655 3920 μή
670 3851 754 3902 ποιεῖν
764 3843 925 3924 ίλευθίρσυς·

145 3929 169 3988 εἰ
179 3928 208 3988 δέ
217 3927 360 4010 χρηστούς,
371 3928 409 4008 μὴ
420 3939 544 4011 περιορᾶν
558 3929 634 4000 ὄντας
645 3931 808 4011 ἀλλοτρίους.
851 3929 926 3995 Ἄτα·

95 4052 123 4092 40
149 4019 199 4077 πάν
214 4041 244 4078 τε
257 4026 371 4099 πρᾶγμα
386 4022 470 4080 ποιεῖν
485 4019 578 4088 αὐτούς
590 4019 642 4100 ἔφη
655 4020 700 4080 καλ
717 4019 826 4098 άμαθίς,
840 4022 926 4083 ἅπασι

145 4116 198 4176 τοῖς
212 4107 292 4178 ξένοις
306 4107 496 4189 ἐπιτρέποντας
507 4113 555 4182 τῆς
566 4110 667 4178 πόλεως
690 4110 813 4191 μετέχειν
827 4111 872 4172 καλ
887 4110 925 4187 μὴ

144 4197 324 4278 διακρίνοντας
334 4199 420 4258 αὐτῶν
431 4199 478 4266 τὰς
490 4198 582 4279 τύχας,
593 4199 656 4276 μηδ’
668 4197 692 4257 εί
701 4221 768 4266 τινες
782 4201 813 4259 tx
825 4198 925 4261 δούλων

145 4287 262 4365 θγένοντο
274 4287 405 4368 ίλεύθεροι
419 4290 718 4369 πολυπραγμονοῦντας,
730 4286 790 4355 τούς
803 4288 831 4348 δέ
850 4289 926 4369 παρδν

144 4376 217 4456 σφίσι
242 4376 445 4444 δεδουλευκότας
472 4375 589 4446 ἀναξίους
618 4380 740 4455 ἡγεῖσθαι
764 4380 862 4449 ταύτης
879 4382 927 4451 τῆς

95 4494 121 4535 ες
142 4466 263 4546 χάριτος·
285 4465 408 4548 φρονήσει
421 4488 450 4526 τε
470 4465 601 4547 διαφέρειν
617 4465 750 4544 οἰομένους
768 4471 821 4527 τῶν
837 4466 926 4527 ἄλλων

143 4554 200 4615 etti
216 4556 251 4614 sb
265 4558 292 4615 έν
317 4554 381 4614 ποσλ
396 4554 443 4615 καί
463 4554 607 4616 κοινότατα
621 4559 685 4638 δρᾶν
706 4554 862 4637 ίφασκεν,δ
881 4556 927 4615 καί

142 4654 197 4712 τοῖς
216 4645 388 4724 φαυλοτάτοις
407 4634 476 4703 εἶναι
494 4644 628 4725 πρόδηλα,
648 4644 688 4705 ὅτι
700 4654 754 4714 τοῖς
770 4647 819 4723 μίν
833 4645 927 4706 δεσπό-

142 4754 201 4800 ταις
210 4731 294 4805 πολλὴ
307 4733 410 4814 φροντὶς
418 4733 494 4794 ἔσται
503 4738 548 4793 τού
557 4734 595 4811 μή
610 4733 756 4814 προχείροις
765 4736 838 4800 τινδς
851 4736 923 4792 έλευ-

144 4824 246 4899 θεροῦν,
260 4824 296 4888 ὥς
310 4822 343 4881 τί
357 4822 471 4900 μέγιστα
490 4825 542 4881 τῶν
567 4823 594 4880 έν
608 4821 754 4901 ἀνθρώποις
772 4823 878 4900 ἀγαθῶν
889 4810 926 4888 οίς

93 4935 122 4973 ω
146 4908 224 4989 ίτυχε
238 4910 442 4990 δωρησομένοις,
453 4911 506 4979 τοῖς
516 4911 543 4970 δί
555 4908 654 4977 δούλοις
664 4910 703 4970 ἔτι
713 4910 808 4984 μείζων
817 4909 926 4992 ὑπάρξει

147 4997 282 5076 προθυμία
293 5009 418 5079 χρηστοῖς
430 4990 495 5059 εἶναι
509 4998 570 5078 περὶ
583 4997 642 5065 τοὺς
654 4997 791 5071 δεσπότας,
804 4997 850 5059 tis
869 5000 926 5076 poi-¹

143 5088 225 5145 θωσιν
250 5087 291 5146 δτι
313 5090 360 5159 τῆς
376 5088 521 5167 ἐλευθερίας
540 5086 607 5158 dher
626 5088 755 5166 κριθέντες
775 5087 926 5166 εὐδαίμονος

142 5172 238 5243 dtis<
247 5174 293 5235 καλ
305 5175 425 5256 μεγάλης
433 5178 539 5240 ίσονται
546 5178 656 5238 πολῖται
665 5175 774 5248 πόλεως,
784 5174 830 5234 καὶ
838 5179 925 5235 ταῦτα

141 5261 243 5331 ίξουσιν
254 5265 392 5347 άμφότιρα
406 5266 479 5348 παρὰ
498 5268 550 5325 τῶν
574 5267 706 5326 δεσποτῶν
715 5263 829 5344 τάγαθά.
872 5266 898 5326 Τ
899 5287 924 5323 ε·

237 5383 345 5422 σιοκτινι

985 577 1085 626 oetatem
1098 576 1145 627 hnc
1161 577 1307 629 lustratione
1319 582 1375 642 post
1388 592 1493 631 censum
1504 581 1640 646 perlectum
1652 582 1764 635 lustren-

986 693 1053 740 tnro
1067 692 1234 743 sacratissimo
1248 691 1405 757 magistratu,
1420 707 1525 759 mmquc
1534 699 1653 748 Lustrum
1665 703 1764 751 vocent.

984 803 1020 851 Eo
1037 806 1121 855 autem
1140 804 1219 855 lustro
1233 818 1306 855 censa
1323 809 1382 857 sunt
1397 807 1569 860 universorum
1588 811 1679 862 civium
1696 818 1765 864 octo·

984 918 1052 982 ginta
1077 921 1282 985 quinquemillia
1302 922 1420 974 trecentis
1439 922 1535 983 miuus,
1557 925 1626 976 utin
1650 928 1769 979 censoriis

985 1033 1080 1085 tabulis
1095 1036 1215 1101 scriptum
1227 1046 1229 1051 ·
1240 1038 1371 1101 reperitur.
1404 1036 1473 1089 idern
1493 1053 1538 1092 rex
1560 1042 1672 1105 eugendo
1691 1043 1767 1095 etism

983 1147 1076 1198 cisium
1087 1162 1191 1225 numero
1204 1148 1388 1212 diligentissime
1399 1136 1540 1217 prospexit,
1550 1158 1704 1207 commentus
1712 1170 1766 1207 rem

984 1262 1080 1313 anullo
1093 1276 1179 1325 regum
1198 1264 1269 1313 antes
1284 1262 1489 1316 animadversam.
1521 1267 1560 1318 llli
1582 1268 1648 1320 enim
1667 1273 1765 1322 exteros

984 1378 1086 1441 quosvis
1103 1378 1259 1443 recipientes,
1282 1380 1309 1428 et
1327 1378 1382 1429 inre
1395 1379 1503 1433 ciritetis
1523 1382 1571 1433 illis
1587 1384 1768 1450 impertientes,
1821 1420 1826 1429 -

984 1492 1037 1544 sine
1051 1493 1102 1543 ullo
1116 1488 1294 1543 natalium'ont
1305 1492 1452 1543 conditionis
1466 1494 1615 1558 discrimine,
1636 1496 1766 1549 hominum

984 1610 1263 1689 numerumnunerum.
1298 1610 1330 1659 ut
1342 1608 1447 1671 Tullius
1459 1608 1498 1659 rel
1521 1603 1588 1674 ipsos
1607 1623 1704 1673 serres,
1719 1584 1774 1677 qui*

977 1722 1104 1776 'libertate
1117 1724 1280 1787 donabantur,
1303 1726 1350 1777 nisi
1364 1726 1391 1776 in
1404 1740 1476 1778 suom
1488 1727 1594 1792 petriam
1609 1728 1691 1779 redire
1710 1743 1765 1780 me·

986 1841 1104 1903 luissent,
1118 1839 1143 1890 in
1151 1841 1276 1892 civitatem
1290 1841 1392 1906 recepit.
1426 1843 1503 1894 lussit
1513 1843 1578 1894 enirn
1592 1844 1654 1896 istos
1665 1859 1764 1912 qnoque
1820 1872 1825 1884 ·

985 1970 1034 2007 una
1053 1970 1112 2007 cunr
1123 1957 1210 2007 ceteris
1224 1957 1337 2022 ingenuis
1350 1971 1409 2008 strns
1423 1959 1535 2010 fortunas
1546 1973 1654 2021 censere,
1666 1975 1761 2027 eosque

982 2072 1110 2124 distribuit
1122 2072 1148 2122 in
1164 2076 1272 2136 quatuor
1290 2073 1370 2124 tribus
1385 2073 1502 2137 urbanos,
1513 2076 1613 2141 inques
1624 2075 1658 2125 od
1672 2080 1774 2129 nostru.

981 2201 1063 2252 nsque
1075 2192 1187 2251 tempore
1201 2188 1287 2239 reterri
1300 2188 1364 2240 solet
1382 2189 1501 2253 quidquid
1511 2195 1551 2241 est
1563 2190 1672 2243 libertini
1687 2206 1759 2257 gene·

982 2299 1027 2360 ris,
1040 2303 1115 2365 atque
1128 2299 1160 2351 od
1168 2302 1250 2351 omnin
1261 2300 1359 2365 publico
1371 2303 1454 2354 munia
1468 2304 1576 2365 admisit,
1586 2306 1618 2356 sd
1632 2321 1687 2372 quse
1701 2308 1760 2360 reli·
1823 2298 1827 2309 ’

982 2417 1040 2481 quis
1053 2428 1153 2480 quoque
1166 2416 1268 2480 plebeiis
1281 2417 1365 2468 aditus
1380 2422 1455 2483 petet.

1011 2536 1101 2585 xliiii.
1110 2533 1222 2585 Petriciis
1230 2535 1321 2586 veroid
1331 2540 1430 2600 aegreet
1439 2536 1545 2590 moleste
1553 2537 1764 2603 terentibusoon·

982 2634 1069 2681 roceto
1077 2629 1110 2680 od
1125 2628 1267 2680 concionem
1298 2631 1407 2695 populo:
1424 2631 1544 2694 Primum,
1563 2633 1763 2696 dixit,semiruri

981 2725 1049 2788 qnod
1069 2724 1116 2775 boc
1125 2724 1209 2787 iniquo
1218 2724 1299 2775 animo
1313 2725 1413 2786 tenent,
1427 2727 1500 2791 qussi
1514 2731 1631 2792 putarent
1644 2730 1763 2795 ingenuos
1816 2739 1826 2753 ⁸

983 2818 1084 2870 ditierre
1096 2818 1199 2868 sserris
1210 2819 1453 2879 natnrs,noneutem
1464 2819 1562 2871 fortune
1574 2842 1580 2872 t
1593 2820 1683 2873 deinde
1695 2822 1763 2886 quod

986 2927 1038 2975 eos,
1047 2914 1090 2977 qui
1103 2911 1237 2964 bonoribus
1250 2912 1318 2979 digni
1332 2917 1417 2966 essent
1430 2927 1479 2965 non
1490 2928 1519 2965 ex
1527 2914 1653 2977 'moribus
1671 2916 1716 2968 sed
1730 2930 1762 2967 ex

983 3008 1081 3059 sorbens
1093 3019 1108 3057 e
1118 3006 1218 3058 essibus
1226 3007 1375 3072 spectandos
1388 3010 1531 3070 censerent3
1548 3011 1686 3074 presertim
1704 3012 1761 3062 cum

980 3100 1095 3152 siderent
1107 3114 1182 3165 quem
1191 3101 1312 3153 instabilis
1323 3106 1350 3154 et
1361 3102 1487 3154 mutabilis
1498 3103 1531 3153 sit
1544 3103 1593 3153 ista
1609 3102 1723 3164 solicitus,
1734 3110 1761 3156 et

980 3205 1055 3259 quem
1069 3191 1171 3245 difficile
1185 3193 1226 3256 sit,
1241 3193 1282 3245 rel
1296 3194 1323 3245 in
1342 3194 1502 3259 quantumuis
1513 3194 1592 3246 beatis
1610 3180 1769 3256 bominibus,
1814 3198 1825 3211 ⁸·

981 3304 1091 3342 asserere
1105 3290 1223 3354 qusmdin
1238 3290 1294 3341 brec
1315 3291 1377 3355 ipsis
1395 3293 1427 3344 sit
1447 3291 1575 3342 duratum.
1607 3294 1704 3354 Eosqne
1724 3273 1769 3340 ru·'⁴

979 3384 1053 3449 gebat
1066 3388 1095 3434 ut
1119 3383 1301 3435 considerarent
1331 3387 1393 3447 quot
1413 3385 1545 3445 civitates,
1576 3388 1628 3435 tem
1649 3383 1762 3437 barbare

979 3491 1054 3541 quom
1067 3479 1170 3538 Graecae,
1184 3478 1233 3528 iarn
1246 3490 1279 3528 ex
1298 3478 1417 3530 seruitute
1429 3477 1454 3528 in
1469 3478 1609 3530 libertatem
1630 3477 1761 3530 truncate

979 3574 1071 3631 esseut,
1088 3575 1114 3621 et
1127 3574 1232 3634 quotes
1243 3570 1355 3622 libertate
1372 3571 1399 3621 in
1417 3571 1565 3624 servitutem
1585 3571 1694 3623 redsctae
1712 3585 1718 3614 =
1734 3576 1761 3622 et

979 3677 1065 3715 eorum
1078 3675 1202 3726 maguum¹
1214 3661 1344 3712 stultitiam
1364 3662 1491 3725 urguebat,
1506 3663 1575 3728 qnod
1586 3663 1665 3713 servis
1679 3661 1759 3727 dignis

978 3749 1643 3815 quoslibertetedonercnt,ciritntisiuroinviderent.
1677 3754 1760 3806 Quare

980 3838 1102 3891 suadebat
1113 3839 1135 3889 si
1145 3837 1272 3904 improbes
1283 3837 1422 3890 iudicarent
1428 3876 1437 3904 ,
1453 3852 1484 3890 ne
1497 3832 1542 3889 eos
1553 3837 1666 3888 libertnte
1679 3837 1758 3888 dons-

978 3932 1035 3981 rent
1050 3929 1108 3980 :sin
1124 3928 1227 3993 probos,
1243 3942 1274 3980 ne
1287 3942 1342 3990 eos,
1363 3928 1436 3993 qussi
1451 3931 1534 3980 essent
1545 3928 1634 3989 exteri,
1645 3925 1759 3987 despice·

979 4022 1044 4070 rent.
1078 4018 1192 4070 Absurde
1203 4019 1269 4070 enim
1285 4021 1311 4070 ct
1319 4017 1432 4081 imperite
1446 4031 1490 4068 eos
1505 4017 1586 4068 iecere
1598 4014 1704 4077 dicebat,
1716 4017 1758 4079 qui

979 4111 1118 4176 peregrinis
1129 4109 1219 4177 quibus
1231 4108 1292 4162 libet
1306 4111 1364 4162 iure
1382 4109 1491 4161 civitatis
1502 4108 1696 4173 impertirentur,
1707 4105 1760 4157 sine

980 4200 1030 4251 ulto
1041 4200 1187 4251 conditionis
1197 4200 1307 4265 ipsorum
1320 4198 1477 4261 discrimine,
1488 4211 1569 4263 noque
1584 4196 1707 4248 curiosius
1718 4194 1758 4246 in-

979 4290 1116 4354 quirentes,
1140 4289 1215 4354 siqui
1237 4290 1270 4341 de
1293 4289 1343 4340 illis
1359 4302 1391 4339 ex
1407 4287 1567 4340 servisliberi
1580 4288 1639 4338 sacti
1660 4288 1758 4345 essent,

981 4390 1065 4429 serres
1082 4390 1143 4428 rere
1155 4391 1215 4428 suos
1226 4377 1275 4427 boc
1290 4375 1411 4427 beneficio
1424 4375 1537 4440 indignos
1551 4376 1690 4427 indicerent
1713 4375 1759 4423 :et

980 4466 1080 4517 dicebat
1090 4466 1157 4531 ipsos
1172 4466 1254 4529 quise
1265 4463 1355 4516 ceteris
1363 4464 1434 4529 longe
1450 4463 1623 4528 prudentiores
1633 4461 1758 4525 putarent,

982 4558 1062 4607 tomen
1085 4567 1116 4605 ne
1130 4567 1159 4605 eo
1179 4553 1281 4617 quidem
1309 4566 1366 4617 quse
1380 4553 1405 4603 in
1423 4551 1553 4617 propatulo
1576 4553 1602 4600 et
1617 4546 1757 4598 communio

979 4641 1094 4692 omnibns
1102 4645 1186 4693 essent
1200 4641 1299 4702 ridere,
1319 4654 1377 4705 ηοω
1396 4640 1435 4692 rel
1449 4639 1532 4704 quiris
1546 4636 1654 4687 mosime
1671 4634 1756 4686 hebeti

979 4729 1077 4794 ingenio
1091 4730 1213 4795 proditus
1225 4729 1296 4779 incile
1308 4727 1467 4794 perspiceret,
1480 4726 1597 4777 nimirum
1608 4725 1659 4775 tore
1670 4725 1699 4774 ut
1710 4723 1759 4773 boc

980 4822 1055 4872 modo
1069 4823 1116 4888 ipsi
1129 4822 1230 4884 domini,
1252 4834 1309 4871 cnm
1324 4820 1470 4872 beneticiom
1484 4817 1551 4881 quod
1569 4817 1634 4866 inter
1646 4814 1758 4867 homines

981 4915 1021 4963 est
1039 4912 1173 4963 maximum
1185 4912 1210 4961 in
1224 4909 1347 4974 quoslibet
1360 4908 1508 4967 conferrent,
1525 4916 1670 4969 magnopere
1687 4916 1758 4954 core·

982 5002 1049 5061 rent,
1071 5012 1102 5049 ne
1119 5013 1182 5064 quos
1200 5002 1293 5049 temere
1308 4995 1532 5059 manumitterent3
1548 4992 1598 5058 ipsi
1614 5004 1674 5042 vero
1690 4991 1758 5045 servi

980 5086 1068 5138 moion
1084 5086 1168 5138 studio
1186 5085 1342 5137 dominorum
1373 5083 1511 5135 commodis
1533 5080 1706 5147 providerent,
1735 5081 1758 5133 si

979 5182 1202 5244 ωριιοεοειεοῑεε
1224 5175 1339 5228 libertetc
1355 5173 1442 5239 dignos
1461 5172 1584 5225 iudicatos
1606 5171 1633 5222 in
1647 5169 1758 5223 civitatis

978 5268 1145 5321 tortunstoect
1155 5265 1244 5331 ample
1250 5263 1398 5316 iureststim
1405 5266 1532 5328 receptum
1540 5261 1614 5326 iri,et
1622 5263 1759 5324 utrumque

1633 5362 1661 5410 ii
