<?xml version="1.0" encoding="UTF-8"?>
<!DOCTYPE html PUBLIC "-//W3C//DTD XHTML 1.0 Transitional//EN"
    "http://www.w3.org/TR/xhtml1/DTD/xhtml1-transitional.dtd">
<html xmlns="http://www.w3.org/1999/xhtml" xml:lang="en" lang="en">
 <head>
  <title>
</title>
<meta http-equiv="Content-Type" content="text/html;charset=utf-8" />
  <meta name='ocr-system' content='tesseract 3.04.00' />
  <meta name='ocr-capabilities' content='ocr_page ocr_carea ocr_par ocr_line ocrx_word'/>
</head>
<body>
  <div class='ocr_page' id='page_1' title='image "./dionysiihalicar01prougoog/dionysiihalicar01prougoog_0542.png"; bbox 0 0 4070 5926; ppageno 0'>
   <div class='ocr_carea' id='block_1_1' title="bbox 644 377 1787 451">
    <p class='ocr_par' dir='ltr' id='par_1_1' title="bbox 644 377 1787 451">
     <span class='ocr_line' id='line_1_1' title="bbox 644 377 1787 451; baseline 0.012 -14"><span class='ocrx_word' id='word_1_1' title='bbox 644 377 940 451; x_wconf 79' lang='lat' dir='ltr'>ANTIQUITATUM</span> <span class='ocrx_word' id='word_1_2' title='bbox 962 379 1114 442; x_wconf 79' lang='lat' dir='ltr'><strong>ROMAN.</strong></span> <span class='ocrx_word' id='word_1_3' title='bbox 1139 383 1213 444; x_wconf 88' lang='lat' dir='ltr'><strong>LlB.</strong></span> <span class='ocrx_word' id='word_1_4' title='bbox 1237 385 1289 444; x_wconf 83' lang='lat' dir='ltr'>lX.</span> <span class='ocrx_word' id='word_1_5' title='bbox 1727 390 1787 451; x_wconf 76' lang='lat'>527</span> 
     </span>
    </p>
   </div>
   <div class='ocr_carea' id='block_1_2' title="bbox 109 505 958 5207">
    <p class='ocr_par' dir='ltr' id='par_1_2' title="bbox 175 505 958 596">
     <span class='ocr_line' id='line_1_2' title="bbox 175 505 958 596; baseline 0.019 -35"><span class='ocrx_word' id='word_1_6' title='bbox 175 537 187 563; x_wconf 89' lang='grc' dir='ltr'>ιι</span> <span class='ocrx_word' id='word_1_7' title='bbox 204 511 257 576; x_wconf 89' lang='grc' dir='ltr'>διις</span> <span class='ocrx_word' id='word_1_8' title='bbox 270 508 348 576; x_wconf 82' lang='grc' dir='ltr'>ὄντας</span> <span class='ocrx_word' id='word_1_9' title='bbox 370 506 416 592; x_wconf 82' lang='grc' dir='ltr'>καλ</span> <span class='ocrx_word' id='word_1_10' title='bbox 433 506 468 568; x_wconf 82' lang='grc' dir='ltr'>τδ</span> <span class='ocrx_word' id='word_1_11' title='bbox 484 505 555 569; x_wconf 84' lang='grc' dir='ltr'>θπλα</span> <span class='ocrx_word' id='word_1_12' title='bbox 576 509 686 591; x_wconf 67' lang='grc' dir='ltr'>ἔχοντας</span> <span class='ocrx_word' id='word_1_13' title='bbox 710 516 736 573; x_wconf 78' lang='grc' dir='ltr'>ἐν</span> <span class='ocrx_word' id='word_1_14' title='bbox 761 517 870 596; x_wconf 74' lang='grc' dir='ltr'>χερσὶν,</span> <span class='ocrx_word' id='word_1_15' title='bbox 898 515 958 576; x_wconf 89' lang='grc' dir='ltr'>ούτε</span> 
     </span>
    </p>

    <p class='ocr_par' dir='ltr' id='par_1_3' title="bbox 175 594 954 680">
     <span class='ocr_line' id='line_1_3' title="bbox 175 594 954 680; baseline 0.017 -30"><span class='ocrx_word' id='word_1_16' title='bbox 175 627 188 652; x_wconf 89' lang='grc' dir='ltr'>ιι</span> <span class='ocrx_word' id='word_1_17' title='bbox 204 594 332 678; x_wconf 89' lang='grc' dir='ltr'>πρότερον</span> <span class='ocrx_word' id='word_1_18' title='bbox 343 595 505 675; x_wconf 80' lang='grc' dir='ltr'>ἔὸουλόμεθα</span> <span class='ocrx_word' id='word_1_19' title='bbox 517 596 608 680; x_wconf 98' lang='grc' dir='ltr'>μάχην</span> <span class='ocrx_word' id='word_1_20' title='bbox 620 599 773 679; x_wconf 76' lang='grc' dir='ltr'>συνάπτειν,</span> <span class='ocrx_word' id='word_1_21' title='bbox 787 602 846 662; x_wconf 89' lang='grc' dir='ltr'>ούτε</span> <span class='ocrx_word' id='word_1_22' title='bbox 859 609 903 663; x_wconf 79' lang='grc' dir='ltr'>νῶν</span> <span class='ocrx_word' id='word_1_23' title='bbox 916 604 954 664; x_wconf 78' lang='grc' dir='ltr'>ἔτι</span> 
     </span>
    </p>

    <p class='ocr_par' dir='ltr' id='par_1_4' title="bbox 177 686 953 771">
     <span class='ocr_line' id='line_1_4' title="bbox 177 686 953 771; baseline 0.006 -26"><span class='ocrx_word' id='word_1_24' title='bbox 177 714 189 739; x_wconf 94' lang='grc' dir='ltr'>ιι</span> <span class='ocrx_word' id='word_1_25' title='bbox 204 691 354 767; x_wconf 80' lang='grc' dir='ltr'>θαρσοῦμεν</span> <span class='ocrx_word' id='word_1_26' title='bbox 381 686 425 745; x_wconf 75' lang='grc' dir='ltr'>ἐπὶ</span> <span class='ocrx_word' id='word_1_27' title='bbox 444 687 572 755; x_wconf 83' lang='grc' dir='ltr'>τοιούτοις</span> <span class='ocrx_word' id='word_1_28' title='bbox 594 691 747 771; x_wconf 78' lang='grc' dir='ltr'>συμμάχοις</span> <span class='ocrx_word' id='word_1_29' title='bbox 760 690 804 751; x_wconf 76' lang='grc' dir='ltr'>τὸν</span> <span class='ocrx_word' id='word_1_30' title='bbox 819 692 886 771; x_wconf 79' lang='grc' dir='ltr'>ὑπὲρ</span> <span class='ocrx_word' id='word_1_31' title='bbox 902 696 953 752; x_wconf 86' lang='grc' dir='ltr'>τῶν</span> 
     </span>
    </p>

    <p class='ocr_par' dir='ltr' id='par_1_5' title="bbox 176 770 952 861">
     <span class='ocr_line' id='line_1_5' title="bbox 176 770 952 861; baseline 0.017 -34"><span class='ocrx_word' id='word_1_32' title='bbox 176 801 189 827; x_wconf 90' lang='grc' dir='ltr'>ιι</span> <span class='ocrx_word' id='word_1_33' title='bbox 205 772 337 852; x_wconf 74' lang='grc' dir='ltr'>μεγίστων</span> <span class='ocrx_word' id='word_1_34' title='bbox 352 770 443 853; x_wconf 86' lang='grc' dir='ltr'>ἀγῶνα</span> <span class='ocrx_word' id='word_1_35' title='bbox 458 773 588 856; x_wconf 76' lang='grc' dir='ltr'>ἅρασθαι,</span> <span class='ocrx_word' id='word_1_36' title='bbox 607 779 646 855; x_wconf 81' lang='grc' dir='ltr'>μή</span> <span class='ocrx_word' id='word_1_37' title='bbox 660 779 808 856; x_wconf 79' lang='grc' dir='ltr'>κωλύματα</span> <span class='ocrx_word' id='word_1_38' title='bbox 822 782 868 841; x_wconf 83' lang='grc' dir='ltr'>καὶ</span> <span class='ocrx_word' id='word_1_39' title='bbox 884 781 952 861; x_wconf 89' lang='grc' dir='ltr'>βλά-</span> 
     </span>
    </p>

    <p class='ocr_par' dir='ltr' id='par_1_6' title="bbox 176 862 954 952">
     <span class='ocr_line' id='line_1_6' title="bbox 176 862 954 952; baseline 0.019 -37"><span class='ocrx_word' id='word_1_40' title='bbox 176 890 189 915; x_wconf 90' lang='grc' dir='ltr'>ιι</span> <span class='ocrx_word' id='word_1_41' title='bbox 205 862 251 922; x_wconf 79' lang='grc' dir='ltr'>ύαι</span> <span class='ocrx_word' id='word_1_42' title='bbox 270 862 397 944; x_wconf 84' lang='grc' dir='ltr'>γίνωνται</span> <span class='ocrx_word' id='word_1_43' title='bbox 418 871 471 931; x_wconf 90' lang='grc' dir='ltr'>τοῖς</span> <span class='ocrx_word' id='word_1_44' title='bbox 490 862 596 925; x_wconf 80' lang='grc' dir='ltr'>ἅπαντα</span> <span class='ocrx_word' id='word_1_45' title='bbox 619 865 654 925; x_wconf 86' lang='grc' dir='ltr'>τά</span> <span class='ocrx_word' id='word_1_46' title='bbox 677 870 736 927; x_wconf 82' lang='grc' dir='ltr'>καθ’</span> <span class='ocrx_word' id='word_1_47' title='bbox 758 868 865 937; x_wconf 72' lang='grc' dir='ltr'>ἑαυτούς</span> <span class='ocrx_word' id='word_1_48' title='bbox 885 870 954 952; x_wconf 82' lang='grc' dir='ltr'>πρό·</span> 
     </span>
    </p>

    <p class='ocr_par' dir='ltr' id='par_1_7' title="bbox 176 952 955 1032">
     <span class='ocr_line' id='line_1_7' title="bbox 176 952 955 1032; baseline 0.018 -26"><span class='ocrx_word' id='word_1_49' title='bbox 176 979 189 1006; x_wconf 91' lang='grc' dir='ltr'>ι</span> <span class='ocrx_word' id='word_1_50' title='bbox 204 957 275 1031; x_wconf 87' lang='grc' dir='ltr'>θυμα</span> <span class='ocrx_word' id='word_1_51' title='bbox 299 952 500 1032; x_wconf 79' lang='grc' dir='ltr'>παρεχομένοις.</span> <span class='ocrx_word' id='word_1_52' title='bbox 545 955 579 1014; x_wconf 81' lang='grc' dir='ltr'>Εἰ</span> <span class='ocrx_word' id='word_1_53' title='bbox 595 956 686 1031; x_wconf 71' lang='grc' dir='ltr'>μέντοι</span> <span class='ocrx_word' id='word_1_54' title='bbox 710 956 839 1018; x_wconf 82' lang='grc' dir='ltr'>κάκείνων</span> <span class='ocrx_word' id='word_1_55' title='bbox 859 962 874 1018; x_wconf 83' lang='grc' dir='ltr'>θ</span> <span class='ocrx_word' id='word_1_56' title='bbox 898 959 955 1027; x_wconf 82' lang='grc' dir='ltr'>θεὸς</span> 
     </span>
    </p>

    <p class='ocr_par' dir='ltr' id='par_1_8' title="bbox 176 1039 955 1129">
     <span class='ocr_line' id='line_1_8' title="bbox 176 1039 955 1129; baseline 0.017 -34"><span class='ocrx_word' id='word_1_57' title='bbox 176 1068 189 1095; x_wconf 90' lang='grc' dir='ltr'>ιι</span> <span class='ocrx_word' id='word_1_58' title='bbox 204 1041 247 1101; x_wconf 74' lang='grc' dir='ltr'>ἐπὶ</span> <span class='ocrx_word' id='word_1_59' title='bbox 261 1041 294 1101; x_wconf 89' lang='grc' dir='ltr'>τδι</span> <span class='ocrx_word' id='word_1_60' title='bbox 305 1040 417 1120; x_wconf 78' lang='grc' dir='ltr'>κρείττω</span> <span class='ocrx_word' id='word_1_61' title='bbox 429 1039 474 1100; x_wconf 83' lang='grc' dir='ltr'>τὸν</span> <span class='ocrx_word' id='word_1_62' title='bbox 484 1041 571 1102; x_wconf 80' lang='grc' dir='ltr'>νοῶνά</span> <span class='ocrx_word' id='word_1_63' title='bbox 589 1067 622 1115; x_wconf 87' lang='grc' dir='ltr'>ει,</span> <span class='ocrx_word' id='word_1_64' title='bbox 632 1043 678 1103; x_wconf 80' lang='grc' dir='ltr'>καὶ</span> <span class='ocrx_word' id='word_1_65' title='bbox 692 1044 779 1129; x_wconf 76' lang='grc' dir='ltr'>[νυνὶ]</span> <span class='ocrx_word' id='word_1_66' title='bbox 790 1045 955 1108; x_wconf 78' lang='grc' dir='ltr'>καταθαλόν·</span> 
     </span>
    </p>

    <p class='ocr_par' dir='ltr' id='par_1_9' title="bbox 176 1067 953 1215">
     <span class='ocr_line' id='line_1_9' title="bbox 176 1067 953 1215; baseline 0.015 -32"><span class='ocrx_word' id='word_1_67' title='bbox 176 1156 189 1183; x_wconf 85' lang='grc' dir='ltr'>ιι</span> <span class='ocrx_word' id='word_1_68' title='bbox 201 1154 244 1199; x_wconf 87' lang='grc' dir='ltr'>τες</span> <span class='ocrx_word' id='word_1_69' title='bbox 258 1130 289 1188; x_wconf 83' lang='grc' dir='ltr'>τὸ</span> <span class='ocrx_word' id='word_1_70' title='bbox 311 1129 473 1206; x_wconf 80' lang='grc' dir='ltr'>στασιάζον,</span> <span class='ocrx_word' id='word_1_71' title='bbox 500 1128 545 1210; x_wconf 75' lang='grc' dir='ltr'>ὑφ’</span> <span class='ocrx_word' id='word_1_72' title='bbox 558 1067 593 1192; x_wconf 64' lang='grc' dir='ltr'>οδ</span> <span class='ocrx_word' id='word_1_73' title='bbox 607 1136 651 1191; x_wconf 73' lang='grc' dir='ltr'>ν’ύν</span> <span class='ocrx_word' id='word_1_74' title='bbox 667 1133 754 1196; x_wconf 74' lang='grc' dir='ltr'>πολλὰ</span> <span class='ocrx_word' id='word_1_75' title='bbox 779 1136 826 1195; x_wconf 82' lang='grc' dir='ltr'>καλ</span> <span class='ocrx_word' id='word_1_76' title='bbox 849 1136 953 1215; x_wconf 89' lang='grc' dir='ltr'>μεγάλα</span> 
     </span>
    </p>

    <p class='ocr_par' dir='ltr' id='par_1_10' title="bbox 175 1218 955 1305">
     <span class='ocr_line' id='line_1_10' title="bbox 175 1218 955 1305; baseline 0.006 -28"><span class='ocrx_word' id='word_1_77' title='bbox 175 1245 188 1271; x_wconf 93' lang='grc' dir='ltr'>ι</span> <span class='ocrx_word' id='word_1_78' title='bbox 205 1219 352 1298; x_wconf 83' lang='grc' dir='ltr'>βλάπτεται</span> <span class='ocrx_word' id='word_1_79' title='bbox 363 1218 395 1278; x_wconf 87' lang='grc' dir='ltr'>τθ</span> <span class='ocrx_word' id='word_1_80' title='bbox 408 1221 503 1292; x_wconf 88' lang='grc' dir='ltr'>κοινὸν,</span> <span class='ocrx_word' id='word_1_81' title='bbox 520 1218 582 1298; x_wconf 84' lang='grc' dir='ltr'>ήγι</span> <span class='ocrx_word' id='word_1_82' title='bbox 604 1218 636 1293; x_wconf 80' lang='grc' dir='ltr'>δὴ</span> <span class='ocrx_word' id='word_1_83' title='bbox 653 1223 689 1289; x_wconf 77' lang='grc' dir='ltr'>εἰς</span> <span class='ocrx_word' id='word_1_84' title='bbox 705 1222 765 1289; x_wconf 82' lang='grc' dir='ltr'>τούς</span> <span class='ocrx_word' id='word_1_85' title='bbox 784 1229 832 1298; x_wconf 80' lang='grc' dir='ltr'>τῆς</span> <span class='ocrx_word' id='word_1_86' title='bbox 851 1225 955 1305; x_wconf 71' lang='grc' dir='ltr'>εἰρήνης</span> 
     </span>
    </p>

    <p class='ocr_par' dir='ltr' id='par_1_11' title="bbox 175 1305 954 1392">
     <span class='ocr_line' id='line_1_11' title="bbox 175 1305 954 1392; baseline 0.014 -32"><span class='ocrx_word' id='word_1_87' title='bbox 175 1333 188 1360; x_wconf 86' lang='grc' dir='ltr'>ιι</span> <span class='ocrx_word' id='word_1_88' title='bbox 202 1305 399 1381; x_wconf 79' lang='grc' dir='ltr'>ἀναὸαλόμινοι</span> <span class='ocrx_word' id='word_1_89' title='bbox 418 1308 541 1388; x_wconf 84' lang='grc' dir='ltr'>καιρούς,</span> <span class='ocrx_word' id='word_1_90' title='bbox 560 1308 794 1389; x_wconf 76' lang='grc' dir='ltr'>ἐπανορθώσασθαι</span> <span class='ocrx_word' id='word_1_91' title='bbox 815 1313 954 1392; x_wconf 89' lang='grc' dir='ltr'>βούλονται</span> 
     </span>
    </p>

    <p class='ocr_par' dir='ltr' id='par_1_12' title="bbox 174 1394 955 1480">
     <span class='ocr_line' id='line_1_12' title="bbox 174 1394 955 1480; baseline 0.017 -31"><span class='ocrx_word' id='word_1_92' title='bbox 174 1422 187 1449; x_wconf 85' lang='grc' dir='ltr'>ιι</span> <span class='ocrx_word' id='word_1_93' title='bbox 201 1394 236 1455; x_wconf 82' lang='grc' dir='ltr'>τά</span> <span class='ocrx_word' id='word_1_94' title='bbox 250 1394 414 1471; x_wconf 79' lang='grc' dir='ltr'>παρελθόντα</span> <span class='ocrx_word' id='word_1_95' title='bbox 429 1395 515 1470; x_wconf 81' lang='grc' dir='ltr'>ὀνείδη</span> <span class='ocrx_word' id='word_1_96' title='bbox 537 1400 570 1477; x_wconf 82' lang='grc' dir='ltr'>τῇ</span> <span class='ocrx_word' id='word_1_97' title='bbox 591 1401 637 1455; x_wconf 80' lang='grc' dir='ltr'>νῦν</span> <span class='ocrx_word' id='word_1_98' title='bbox 653 1400 752 1480; x_wconf 78' lang='grc' dir='ltr'>ἀρετῇ,</span> <span class='ocrx_word' id='word_1_99' title='bbox 768 1402 851 1477; x_wconf 78' lang='grc' dir='ltr'>μηδὲν</span> <span class='ocrx_word' id='word_1_100' title='bbox 872 1401 955 1463; x_wconf 76' lang='grc' dir='ltr'>ἔτιτὸ</span> 
     </span>
    </p>

    <p class='ocr_par' dir='ltr' id='par_1_13' title="bbox 174 1482 952 1567">
     <span class='ocr_line' id='line_1_13' title="bbox 174 1482 952 1567; baseline 0.017 -30"><span class='ocrx_word' id='word_1_101' title='bbox 174 1510 187 1537; x_wconf 89' lang='grc' dir='ltr'>ιι</span> <span class='ocrx_word' id='word_1_102' title='bbox 201 1485 320 1544; x_wconf 81' lang='grc' dir='ltr'>κωλύσω</span> <span class='ocrx_word' id='word_1_103' title='bbox 344 1482 413 1542; x_wconf 81' lang='grc' dir='ltr'>ἔστω</span> <span class='ocrx_word' id='word_1_104' title='bbox 436 1492 533 1563; x_wconf 85' lang='grc' dir='ltr'>χωρεῖν</span> <span class='ocrx_word' id='word_1_105' title='bbox 548 1487 617 1562; x_wconf 66' lang='lat' dir='ltr'><strong>bas&lt;</strong></span> <span class='ocrx_word' id='word_1_106' title='bbox 643 1487 687 1544; x_wconf 73' lang='lat' dir='ltr'><strong>tat</strong></span> <span class='ocrx_word' id='word_1_107' title='bbox 712 1486 773 1557; x_wconf 83' lang='grc' dir='ltr'>τούς</span> <span class='ocrx_word' id='word_1_108' title='bbox 791 1491 952 1567; x_wconf 84' lang='grc' dir='ltr'>πολεμίους,</span> 
     </span>
    </p>

    <p class='ocr_par' dir='ltr' id='par_1_14' title="bbox 174 1569 953 1659">
     <span class='ocr_line' id='line_1_14' title="bbox 174 1569 953 1659; baseline 0.019 -36"><span class='ocrx_word' id='word_1_109' title='bbox 174 1598 187 1626; x_wconf 87' lang='grc' dir='ltr'>ιι</span> <span class='ocrx_word' id='word_1_110' title='bbox 201 1571 249 1637; x_wconf 81' lang='grc' dir='ltr'>τάς</span> <span class='ocrx_word' id='word_1_111' title='bbox 263 1569 363 1651; x_wconf 81' lang='grc' dir='ltr'>ἀγαθδις</span> <span class='ocrx_word' id='word_1_112' title='bbox 374 1570 606 1651; x_wconf 82' lang='grc' dir='ltr'>προθαλλομίνους</span> <span class='ocrx_word' id='word_1_113' title='bbox 622 1574 741 1645; x_wconf 64' lang='lat' dir='ltr'><strong>baleae.</strong></span> <span class='ocrx_word' id='word_1_114' title='bbox 794 1574 914 1659; x_wconf 81' lang='grc' dir='ltr'>Ἐχομεν</span> <span class='ocrx_word' id='word_1_115' title='bbox 926 1580 953 1638; x_wconf 79' lang='grc' dir='ltr'>δὲ</span> 
     </span>
    </p>

    <p class='ocr_par' dir='ltr' id='par_1_15' title="bbox 174 1659 949 1747">
     <span class='ocr_line' id='line_1_15' title="bbox 174 1659 949 1747; baseline 0.019 -34"><span class='ocrx_word' id='word_1_116' title='bbox 174 1687 187 1713; x_wconf 92' lang='grc' dir='ltr'>ιι</span> <span class='ocrx_word' id='word_1_117' title='bbox 201 1659 302 1728; x_wconf 85' lang='grc' dir='ltr'>πολλάς</span> <span class='ocrx_word' id='word_1_118' title='bbox 315 1661 364 1737; x_wconf 76' lang='grc' dir='ltr'>μὲν</span> <span class='ocrx_word' id='word_1_119' title='bbox 378 1661 424 1720; x_wconf 85' lang='grc' dir='ltr'>καὶ</span> <span class='ocrx_word' id='word_1_120' title='bbox 444 1660 526 1729; x_wconf 80' lang='grc' dir='ltr'>ἄλλοις</span> <span class='ocrx_word' id='word_1_121' title='bbox 545 1661 666 1747; x_wconf 84' lang='grc' dir='ltr'>ἀρορμάς</span> <span class='ocrx_word' id='word_1_122' title='bbox 680 1666 717 1731; x_wconf 82' lang='grc' dir='ltr'>εἰς</span> <span class='ocrx_word' id='word_1_123' title='bbox 737 1664 767 1726; x_wconf 85' lang='grc' dir='ltr'>τδ</span> <span class='ocrx_word' id='word_1_124' title='bbox 788 1675 877 1742; x_wconf 76' lang='grc' dir='ltr'>νικᾶν,</span> <span class='ocrx_word' id='word_1_125' title='bbox 902 1692 949 1746; x_wconf 86' lang='grc' dir='ltr'>με·</span> 
     </span>
    </p>

    <p class='ocr_par' dir='ltr' id='par_1_16' title="bbox 174 1747 954 1833">
     <span class='ocr_line' id='line_1_16' title="bbox 174 1747 954 1833; baseline 0.021 -33"><span class='ocrx_word' id='word_1_126' title='bbox 174 1776 187 1801; x_wconf 92' lang='grc' dir='ltr'>ιι</span> <span class='ocrx_word' id='word_1_127' title='bbox 201 1749 295 1828; x_wconf 87' lang='grc' dir='ltr'>γίστας</span> <span class='ocrx_word' id='word_1_128' title='bbox 318 1748 345 1809; x_wconf 82' lang='grc' dir='ltr'>δὲ</span> <span class='ocrx_word' id='word_1_129' title='bbox 366 1747 413 1808; x_wconf 82' lang='grc' dir='ltr'>καλ</span> <span class='ocrx_word' id='word_1_130' title='bbox 438 1749 619 1831; x_wconf 86' lang='grc' dir='ltr'>κυριωτάτας,</span> <span class='ocrx_word' id='word_1_131' title='bbox 645 1751 676 1820; x_wconf 65' lang='lat' dir='ltr'>te</span> <span class='ocrx_word' id='word_1_132' title='bbox 695 1752 726 1812; x_wconf 85' lang='grc' dir='ltr'>τδ</span> <span class='ocrx_word' id='word_1_133' title='bbox 750 1758 802 1815; x_wconf 87' lang='grc' dir='ltr'>τῶν</span> <span class='ocrx_word' id='word_1_134' title='bbox 819 1757 954 1833; x_wconf 83' lang='grc' dir='ltr'>πολεμίων</span> 
     </span>
    </p>

    <p class='ocr_par' dir='ltr' id='par_1_17' title="bbox 173 1836 953 1927">
     <span class='ocr_line' id='line_1_17' title="bbox 173 1836 953 1927; baseline 0.015 -36"><span class='ocrx_word' id='word_1_135' title='bbox 173 1837 313 1909; x_wconf 81' lang='grc' dir='ltr'>«ἀνόητον</span> <span class='ocrx_word' id='word_1_136' title='bbox 339 1836 464 1917; x_wconf 76' lang='grc' dir='ltr'>παράχει·</span> <span class='ocrx_word' id='word_1_137' title='bbox 490 1837 517 1897; x_wconf 75' lang='grc' dir='ltr'>οἵ</span> <span class='ocrx_word' id='word_1_138' title='bbox 532 1862 562 1917; x_wconf 91' lang='grc' dir='ltr'>γε</span> <span class='ocrx_word' id='word_1_139' title='bbox 581 1839 678 1915; x_wconf 86' lang='grc' dir='ltr'>πλήθει</span> <span class='ocrx_word' id='word_1_140' title='bbox 703 1851 829 1923; x_wconf 72' lang='grc' dir='ltr'>στρατιᾶς</span> <span class='ocrx_word' id='word_1_141' title='bbox 857 1848 953 1927; x_wconf 82' lang='grc' dir='ltr'>μακρῷ</span> 
     </span>
    </p>

    <p class='ocr_par' dir='ltr' id='par_1_18' title="bbox 173 1924 952 2016">
     <span class='ocr_line' id='line_1_18' title="bbox 173 1924 952 2016; baseline 0.024 -39"><span class='ocrx_word' id='word_1_142' title='bbox 173 1950 187 1977; x_wconf 89' lang='grc' dir='ltr'>ιι</span> <span class='ocrx_word' id='word_1_143' title='bbox 201 1924 360 2006; x_wconf 84' lang='grc' dir='ltr'>προύχοντες</span> <span class='ocrx_word' id='word_1_144' title='bbox 379 1929 471 2003; x_wconf 81' lang='grc' dir='ltr'>ἡμῶν,</span> <span class='ocrx_word' id='word_1_145' title='bbox 485 1927 532 1986; x_wconf 81' lang='grc' dir='ltr'>καὶ</span> <span class='ocrx_word' id='word_1_146' title='bbox 551 1927 638 2011; x_wconf 79' lang='grc' dir='ltr'>τούτῳ</span> <span class='ocrx_word' id='word_1_147' title='bbox 653 1930 806 2006; x_wconf 84' lang='grc' dir='ltr'>δυνηθίντες</span> <span class='ocrx_word' id='word_1_148' title='bbox 828 1932 859 1991; x_wconf 86' lang='grc' dir='ltr'>ἀν</span> <span class='ocrx_word' id='word_1_149' title='bbox 886 1935 952 2016; x_wconf 79' lang='grc' dir='ltr'>πρὸς</span> 
     </span>
    </p>

    <p class='ocr_par' dir='ltr' id='par_1_19' title="bbox 173 2012 951 2103">
     <span class='ocr_line' id='line_1_19' title="bbox 173 2012 951 2103; baseline 0.014 -36"><span class='ocrx_word' id='word_1_150' title='bbox 173 2030 186 2067; x_wconf 85' lang='grc' dir='ltr'>ιι</span> <span class='ocrx_word' id='word_1_151' title='bbox 204 2012 252 2081; x_wconf 85' lang='grc' dir='ltr'>τδις</span> <span class='ocrx_word' id='word_1_152' title='bbox 269 2015 400 2094; x_wconf 79' lang='grc' dir='ltr'>ἡμετέρας</span> <span class='ocrx_word' id='word_1_153' title='bbox 421 2014 521 2092; x_wconf 84' lang='grc' dir='ltr'>τόλμας</span> <span class='ocrx_word' id='word_1_154' title='bbox 537 2040 565 2076; x_wconf 91' lang='grc' dir='ltr'>τι</span> <span class='ocrx_word' id='word_1_155' title='bbox 589 2018 635 2077; x_wconf 83' lang='grc' dir='ltr'>καὶ</span> <span class='ocrx_word' id='word_1_156' title='bbox 649 2019 787 2100; x_wconf 77' lang='grc' dir='ltr'>δμπιιρίοις</span> <span class='ocrx_word' id='word_1_157' title='bbox 811 2022 951 2103; x_wconf 82' lang='grc' dir='ltr'>ἀντέχειν,</span> 
     </span>
    </p>

    <p class='ocr_par' dir='ltr' id='par_1_20' title="bbox 173 2101 952 2185">
     <span class='ocr_line' id='line_1_20' title="bbox 173 2101 952 2185; baseline 0.015 -29"><span class='ocrx_word' id='word_1_158' title='bbox 173 2126 187 2154; x_wconf 88' lang='grc' dir='ltr'>ιι</span> <span class='ocrx_word' id='word_1_159' title='bbox 201 2101 401 2179; x_wconf 70' lang='grc' dir='ltr'>ἀπεστερήκασι</span> <span class='ocrx_word' id='word_1_160' title='bbox 414 2107 462 2174; x_wconf 78' lang='grc' dir='ltr'>τῆς</span> <span class='ocrx_word' id='word_1_161' title='bbox 483 2103 565 2182; x_wconf 91' lang='grc' dir='ltr'>μόνης</span> <span class='ocrx_word' id='word_1_162' title='bbox 577 2105 709 2185; x_wconf 81' lang='grc' dir='ltr'>ὠφελείας</span> <span class='ocrx_word' id='word_1_163' title='bbox 734 2108 858 2184; x_wconf 70' lang='grc' dir='ltr'>ἑαυτούς,</span> <span class='ocrx_word' id='word_1_164' title='bbox 883 2112 952 2168; x_wconf 89' lang='grc' dir='ltr'>ἀπα-</span> 
     </span>
    </p>

    <p class='ocr_par' dir='ltr' id='par_1_21' title="bbox 114 2189 951 2276">
     <span class='ocr_line' id='line_1_21' title="bbox 114 2189 951 2276; baseline 0.02 -34"><span class='ocrx_word' id='word_1_165' title='bbox 114 2200 145 2241; x_wconf 75' lang='lat'>20</span> <span class='ocrx_word' id='word_1_166' title='bbox 172 2216 186 2243; x_wconf 87' lang='grc' dir='ltr'>ιι</span> <span class='ocrx_word' id='word_1_167' title='bbox 202 2189 367 2258; x_wconf 72' lang='grc' dir='ltr'>κολάσαντες</span> <span class='ocrx_word' id='word_1_168' title='bbox 380 2191 411 2251; x_wconf 88' lang='grc' dir='ltr'>τθ</span> <span class='ocrx_word' id='word_1_169' title='bbox 424 2193 514 2252; x_wconf 81' lang='grc' dir='ltr'>πλεῖον</span> <span class='ocrx_word' id='word_1_170' title='bbox 530 2197 577 2265; x_wconf 80' lang='grc' dir='ltr'>τῆς</span> <span class='ocrx_word' id='word_1_171' title='bbox 597 2194 732 2273; x_wconf 82' lang='grc' dir='ltr'>δυνάμεως</span> <span class='ocrx_word' id='word_1_172' title='bbox 753 2195 832 2276; x_wconf 73' lang='grc' dir='ltr'>μόρας</span> <span class='ocrx_word' id='word_1_173' title='bbox 855 2200 891 2265; x_wconf 77' lang='grc' dir='ltr'>τίς</span> <span class='ocrx_word' id='word_1_174' title='bbox 904 2202 951 2268; x_wconf 78' lang='grc' dir='ltr'>τὰς</span> 
     </span>
    </p>

    <p class='ocr_par' dir='ltr' id='par_1_22' title="bbox 173 2277 950 2361">
     <span class='ocr_line' id='line_1_22' title="bbox 173 2277 950 2361; baseline 0.013 -23"><span class='ocrx_word' id='word_1_175' title='bbox 173 2305 186 2331; x_wconf 93' lang='grc' dir='ltr'>ι</span> <span class='ocrx_word' id='word_1_176' title='bbox 199 2281 251 2338; x_wconf 89' lang='grc' dir='ltr'>τῶν</span> <span class='ocrx_word' id='word_1_177' title='bbox 272 2279 402 2360; x_wconf 76' lang='grc' dir='ltr'>φρουρίων</span> <span class='ocrx_word' id='word_1_178' title='bbox 417 2281 546 2361; x_wconf 80' lang='grc' dir='ltr'>φυλακάς.</span> <span class='ocrx_word' id='word_1_179' title='bbox 586 2277 703 2344; x_wconf 80' lang='grc' dir='ltr'>Ἔπειτα</span> <span class='ocrx_word' id='word_1_180' title='bbox 724 2284 782 2344; x_wconf 87' lang='grc' dir='ltr'>δίον</span> <span class='ocrx_word' id='word_1_181' title='bbox 797 2284 891 2356; x_wconf 77' lang='grc' dir='ltr'>αὐτούς</span> <span class='ocrx_word' id='word_1_182' title='bbox 903 2288 950 2348; x_wconf 84' lang='grc' dir='ltr'>σύν</span> 
     </span>
    </p>

    <p class='ocr_par' dir='ltr' id='par_1_23' title="bbox 173 2365 949 2454">
     <span class='ocr_line' id='line_1_23' title="bbox 173 2365 949 2454; baseline 0.014 -29"><span class='ocrx_word' id='word_1_183' title='bbox 173 2394 186 2419; x_wconf 92' lang='grc' dir='ltr'>ιι</span> <span class='ocrx_word' id='word_1_184' title='bbox 201 2365 325 2447; x_wconf 77' lang='grc' dir='ltr'>εύλειόιίρ</span> <span class='ocrx_word' id='word_1_185' title='bbox 340 2368 387 2428; x_wconf 80' lang='grc' dir='ltr'>καὶ</span> <span class='ocrx_word' id='word_1_186' title='bbox 405 2370 525 2450; x_wconf 78' lang='grc' dir='ltr'>λογισμῷ</span> <span class='ocrx_word' id='word_1_187' title='bbox 544 2369 659 2454; x_wconf 84' lang='grc' dir='ltr'>σῶρρυνι</span> <span class='ocrx_word' id='word_1_188' title='bbox 682 2372 809 2452; x_wconf 87' lang='grc' dir='ltr'>πράττειν</span> <span class='ocrx_word' id='word_1_189' title='bbox 834 2374 949 2452; x_wconf 78' lang='grc' dir='ltr'>ίκαστα,</span> 
     </span>
    </p>

    <p class='ocr_par' dir='ltr' id='par_1_24' title="bbox 172 2456 951 2542">
     <span class='ocr_line' id='line_1_24' title="bbox 172 2456 951 2542; baseline 0.019 -32"><span class='ocrx_word' id='word_1_190' title='bbox 172 2480 185 2508; x_wconf 86' lang='grc' dir='ltr'>ιι</span> <span class='ocrx_word' id='word_1_191' title='bbox 200 2457 405 2533; x_wconf 68' lang='grc' dir='ltr'>ἐνθυμουμένους</span> <span class='ocrx_word' id='word_1_192' title='bbox 419 2456 483 2539; x_wconf 86' lang='grc' dir='ltr'>πρδς</span> <span class='ocrx_word' id='word_1_193' title='bbox 498 2457 567 2528; x_wconf 79' lang='grc' dir='ltr'>οἵους</span> <span class='ocrx_word' id='word_1_194' title='bbox 579 2461 675 2541; x_wconf 84' lang='grc' dir='ltr'>ἄνδρας</span> <span class='ocrx_word' id='word_1_195' title='bbox 689 2463 735 2521; x_wconf 79' lang='grc' dir='ltr'>καί</span> <span class='ocrx_word' id='word_1_196' title='bbox 748 2462 815 2523; x_wconf 82' lang='grc' dir='ltr'>πολύ</span> <span class='ocrx_word' id='word_1_197' title='bbox 831 2466 951 2542; x_wconf 83' lang='grc' dir='ltr'>ἀλκιμω·</span> 
     </span>
    </p>

    <p class='ocr_par' dir='ltr' id='par_1_25' title="bbox 172 2542 950 2633">
     <span class='ocr_line' id='line_1_25' title="bbox 172 2542 950 2633; baseline 0.017 -32"><span class='ocrx_word' id='word_1_198' title='bbox 172 2570 185 2596; x_wconf 91' lang='grc' dir='ltr'>ι</span> <span class='ocrx_word' id='word_1_199' title='bbox 199 2542 286 2623; x_wconf 91' lang='grc' dir='ltr'>τίρους</span> <span class='ocrx_word' id='word_1_200' title='bbox 307 2549 422 2606; x_wconf 84' lang='grc' dir='ltr'>αύτῶνθ</span> <span class='ocrx_word' id='word_1_201' title='bbox 443 2546 559 2616; x_wconf 87' lang='grc' dir='ltr'>κίνδυνος</span> <span class='ocrx_word' id='word_1_202' title='bbox 584 2547 675 2623; x_wconf 65' lang='grc' dir='ltr'>ἔσται,</span> <span class='ocrx_word' id='word_1_203' title='bbox 693 2551 810 2633; x_wconf 76' lang='grc' dir='ltr'>θρασέως</span> <span class='ocrx_word' id='word_1_204' title='bbox 824 2554 870 2613; x_wconf 77' lang='grc' dir='ltr'>καί</span> <span class='ocrx_word' id='word_1_205' title='bbox 884 2557 950 2614; x_wconf 88' lang='grc' dir='ltr'>ἀπε·</span> 
     </span>
    </p>

    <p class='ocr_par' dir='ltr' id='par_1_26' title="bbox 113 2634 953 2724">
     <span class='ocr_line' id='line_1_26' title="bbox 113 2634 953 2724; baseline 0.018 -35"><span class='ocrx_word' id='word_1_206' title='bbox 113 2642 144 2681; x_wconf 76' lang='lat'>2⁶</span> <span class='ocrx_word' id='word_1_207' title='bbox 173 2660 186 2684; x_wconf 89' lang='grc' dir='ltr'>ι</span> <span class='ocrx_word' id='word_1_208' title='bbox 202 2634 348 2712; x_wconf 83' lang='grc' dir='ltr'>ρισκίπτως</span> <span class='ocrx_word' id='word_1_209' title='bbox 361 2635 405 2695; x_wconf 81' lang='grc' dir='ltr'>ἐπὶ</span> <span class='ocrx_word' id='word_1_210' title='bbox 416 2636 461 2696; x_wconf 79' lang='grc' dir='ltr'>τὸν</span> <span class='ocrx_word' id='word_1_211' title='bbox 476 2639 565 2715; x_wconf 88' lang='grc' dir='ltr'>ἀγῶνα</span> <span class='ocrx_word' id='word_1_212' title='bbox 583 2644 732 2720; x_wconf 81' lang='grc' dir='ltr'>χωροῦσιν,</span> <span class='ocrx_word' id='word_1_213' title='bbox 746 2646 782 2710; x_wconf 79' lang='grc' dir='ltr'>ὡς</span> <span class='ocrx_word' id='word_1_214' title='bbox 797 2642 898 2724; x_wconf 83' lang='grc' dir='ltr'>άμαχοί</span> <span class='ocrx_word' id='word_1_215' title='bbox 912 2671 953 2707; x_wconf 82' lang='grc' dir='ltr'>τι·</span> 
     </span>
    </p>

    <p class='ocr_par' dir='ltr' id='par_1_27' title="bbox 172 2723 948 2807">
     <span class='ocr_line' id='line_1_27' title="bbox 172 2723 948 2807; baseline 0.015 -27"><span class='ocrx_word' id='word_1_216' title='bbox 172 2748 185 2773; x_wconf 96' lang='grc' dir='ltr'>ιι</span> <span class='ocrx_word' id='word_1_217' title='bbox 200 2744 241 2788; x_wconf 86' lang='grc' dir='ltr'>νες</span> <span class='ocrx_word' id='word_1_218' title='bbox 259 2723 304 2782; x_wconf 81' lang='grc' dir='ltr'>καὶ</span> <span class='ocrx_word' id='word_1_219' title='bbox 327 2728 362 2793; x_wconf 82' lang='grc' dir='ltr'>ῶς</span> <span class='ocrx_word' id='word_1_220' title='bbox 383 2729 461 2801; x_wconf 85' lang='grc' dir='ltr'>ἡμῶν</span> <span class='ocrx_word' id='word_1_221' title='bbox 484 2728 730 2807; x_wconf 77' lang='grc' dir='ltr'>καταπεπληγότων</span> <span class='ocrx_word' id='word_1_222' title='bbox 746 2730 851 2801; x_wconf 79' lang='grc' dir='ltr'>αὐτούς.</span> <span class='ocrx_word' id='word_1_223' title='bbox 914 2737 948 2795; x_wconf 80' lang='grc' dir='ltr'>Αἱ</span> 
     </span>
    </p>

    <p class='ocr_par' dir='ltr' id='par_1_28' title="bbox 171 2812 949 2902">
     <span class='ocr_line' id='line_1_28' title="bbox 171 2812 949 2902; baseline 0.013 -31"><span class='ocrx_word' id='word_1_224' title='bbox 171 2837 184 2863; x_wconf 93' lang='grc' dir='ltr'>ιι</span> <span class='ocrx_word' id='word_1_225' title='bbox 198 2815 259 2889; x_wconf 75' lang='grc' dir='ltr'>γοῦν</span> <span class='ocrx_word' id='word_1_226' title='bbox 274 2812 481 2895; x_wconf 78' lang='grc' dir='ltr'>ἀποταφρεύσεις</span> <span class='ocrx_word' id='word_1_227' title='bbox 492 2815 538 2874; x_wconf 78' lang='grc' dir='ltr'>καί</span> <span class='ocrx_word' id='word_1_228' title='bbox 549 2819 577 2876; x_wconf 77' lang='grc' dir='ltr'>αἱ</span> <span class='ocrx_word' id='word_1_229' title='bbox 587 2815 668 2896; x_wconf 74' lang='grc' dir='ltr'>μέχρι</span> <span class='ocrx_word' id='word_1_230' title='bbox 682 2823 727 2878; x_wconf 81' lang='grc' dir='ltr'>τοῦ</span> <span class='ocrx_word' id='word_1_231' title='bbox 741 2819 857 2902; x_wconf 87' lang='grc' dir='ltr'>χάρακος</span> <span class='ocrx_word' id='word_1_232' title='bbox 871 2825 949 2900; x_wconf 84' lang='grc' dir='ltr'>ἡμῶν</span> 
     </span>
    </p>

    <p class='ocr_par' dir='ltr' id='par_1_29' title="bbox 170 2900 949 2992">
     <span class='ocr_line' id='line_1_29' title="bbox 170 2900 949 2992; baseline 0.018 -34"><span class='ocrx_word' id='word_1_233' title='bbox 170 2925 183 2950; x_wconf 90' lang='grc' dir='ltr'>ιι</span> <span class='ocrx_word' id='word_1_234' title='bbox 197 2902 385 2969; x_wconf 87' lang='grc' dir='ltr'>καθιππεύσεις</span> <span class='ocrx_word' id='word_1_235' title='bbox 398 2900 444 2963; x_wconf 80' lang='grc' dir='ltr'>καλ</span> <span class='ocrx_word' id='word_1_236' title='bbox 459 2901 493 2962; x_wconf 86' lang='grc' dir='ltr'>τδι</span> <span class='ocrx_word' id='word_1_237' title='bbox 516 2904 603 2964; x_wconf 77' lang='grc' dir='ltr'>πολλὰ</span> <span class='ocrx_word' id='word_1_238' title='bbox 618 2909 645 2966; x_wconf 80' lang='grc' dir='ltr'>ἐν</span> <span class='ocrx_word' id='word_1_239' title='bbox 659 2905 745 2985; x_wconf 90' lang='grc' dir='ltr'>λόγοις</span> <span class='ocrx_word' id='word_1_240' title='bbox 759 2932 787 2969; x_wconf 88' lang='grc' dir='ltr'>τι</span> <span class='ocrx_word' id='word_1_241' title='bbox 804 2909 850 2970; x_wconf 81' lang='grc' dir='ltr'>καὶ</span> <span class='ocrx_word' id='word_1_242' title='bbox 865 2910 949 2992; x_wconf 81' lang='grc' dir='ltr'>ἔργοις</span> 
     </span>
    </p>

    <p class='ocr_par' dir='ltr' id='par_1_30' title="bbox 170 2986 949 3078">
     <span class='ocr_line' id='line_1_30' title="bbox 170 2986 949 3078; baseline 0.019 -32"><span class='ocrx_word' id='word_1_243' title='bbox 170 3014 183 3039; x_wconf 94' lang='grc' dir='ltr'>ιι</span> <span class='ocrx_word' id='word_1_244' title='bbox 197 2986 347 3070; x_wconf 82' lang='grc' dir='ltr'>θόρίσματα</span> <span class='ocrx_word' id='word_1_245' title='bbox 362 2994 439 3051; x_wconf 74' lang='grc' dir='ltr'>τοῦτο</span> <span class='ocrx_word' id='word_1_246' title='bbox 458 2991 576 3051; x_wconf 89' lang='grc' dir='ltr'>δύναται.</span> <span class='ocrx_word' id='word_1_247' title='bbox 618 2994 712 3055; x_wconf 78' lang='grc' dir='ltr'>Ταῦτά</span> <span class='ocrx_word' id='word_1_248' title='bbox 727 3018 756 3055; x_wconf 87' lang='grc' dir='ltr'>τε</span> <span class='ocrx_word' id='word_1_249' title='bbox 772 2996 804 3069; x_wconf 78' lang='grc' dir='ltr'>δή</span> <span class='ocrx_word' id='word_1_250' title='bbox 819 2999 949 3078; x_wconf 78' lang='grc' dir='ltr'>θνθυμού·</span> 
     </span>
    </p>

    <p class='ocr_par' dir='ltr' id='par_1_31' title="bbox 111 3076 946 3166">
     <span class='ocr_line' id='line_1_31' title="bbox 111 3076 946 3166; baseline 0.019 -32"><span class='ocrx_word' id='word_1_251' title='bbox 111 3081 143 3122; x_wconf 83' lang='lat'>³⁰</span> <span class='ocrx_word' id='word_1_252' title='bbox 170 3102 183 3129; x_wconf 89' lang='grc' dir='ltr'>ιι</span> <span class='ocrx_word' id='word_1_253' title='bbox 198 3100 273 3153; x_wconf 88' lang='grc' dir='ltr'>μενοι</span> <span class='ocrx_word' id='word_1_254' title='bbox 286 3076 339 3156; x_wconf 66' lang='lat' dir='ltr'><strong>[nel</strong></span> <span class='ocrx_word' id='word_1_255' title='bbox 349 3081 402 3138; x_wconf 91' lang='grc' dir='ltr'>τῶν</span> <span class='ocrx_word' id='word_1_256' title='bbox 414 3080 548 3160; x_wconf 80' lang='grc' dir='ltr'>προτέρων</span> <span class='ocrx_word' id='word_1_257' title='bbox 564 3082 673 3160; x_wconf 81' lang='grc' dir='ltr'>ἀγώνων</span> <span class='ocrx_word' id='word_1_258' title='bbox 691 3087 868 3166; x_wconf 72' lang='grc' dir='ltr'>μεμνημένοι,</span> <span class='ocrx_word' id='word_1_259' title='bbox 880 3093 946 3150; x_wconf 89' lang='grc' dir='ltr'>πολ-</span> 
     </span>
    </p>

    <p class='ocr_par' dir='ltr' id='par_1_32' title="bbox 171 3161 947 3258">
     <span class='ocr_line' id='line_1_32' title="bbox 171 3161 947 3258; baseline 0.015 -34"><span class='ocrx_word' id='word_1_260' title='bbox 171 3190 184 3218; x_wconf 90' lang='grc' dir='ltr'>ιι</span> <span class='ocrx_word' id='word_1_261' title='bbox 197 3167 249 3225; x_wconf 86' lang='grc' dir='ltr'>λῶν</span> <span class='ocrx_word' id='word_1_262' title='bbox 263 3165 345 3226; x_wconf 81' lang='grc' dir='ltr'>ὄντων</span> <span class='ocrx_word' id='word_1_263' title='bbox 359 3167 406 3227; x_wconf 80' lang='grc' dir='ltr'>καί</span> <span class='ocrx_word' id='word_1_264' title='bbox 421 3169 527 3243; x_wconf 92' lang='grc' dir='ltr'>καλῶν,</span> <span class='ocrx_word' id='word_1_265' title='bbox 540 3173 566 3229; x_wconf 78' lang='grc' dir='ltr'>δν</span> <span class='ocrx_word' id='word_1_266' title='bbox 582 3161 619 3236; x_wconf 76' lang='grc' dir='ltr'>οἷς</span> <span class='ocrx_word' id='word_1_267' title='bbox 634 3171 727 3240; x_wconf 76' lang='grc' dir='ltr'>αὐτούς</span> <span class='ocrx_word' id='word_1_268' title='bbox 742 3175 861 3251; x_wconf 72' lang='grc' dir='ltr'>ἐνικᾶτε,</span> <span class='ocrx_word' id='word_1_269' title='bbox 885 3201 947 3258; x_wconf 90' lang='grc' dir='ltr'>χω-</span> 
     </span>
    </p>

    <p class='ocr_par' dir='ltr' id='par_1_33' title="bbox 170 3253 946 3342">
     <span class='ocr_line' id='line_1_33' title="bbox 170 3253 946 3342; baseline 0.021 -33"><span class='ocrx_word' id='word_1_270' title='bbox 170 3278 183 3303; x_wconf 95' lang='grc' dir='ltr'>ιι</span> <span class='ocrx_word' id='word_1_271' title='bbox 199 3262 266 3332; x_wconf 86' lang='grc' dir='ltr'>ρεῑτι</span> <span class='ocrx_word' id='word_1_272' title='bbox 281 3253 349 3329; x_wconf 76' lang='grc' dir='ltr'>μετὰ</span> <span class='ocrx_word' id='word_1_273' title='bbox 361 3253 562 3335; x_wconf 81' lang='grc' dir='ltr'>προθυμίαςκαὶ</span> <span class='ocrx_word' id='word_1_274' title='bbox 577 3258 620 3315; x_wconf 74' lang='grc' dir='ltr'>ἐπὶ</span> <span class='ocrx_word' id='word_1_275' title='bbox 635 3257 707 3319; x_wconf 88' lang='grc' dir='ltr'>τόνδε</span> <span class='ocrx_word' id='word_1_276' title='bbox 722 3259 766 3320; x_wconf 80' lang='grc' dir='ltr'>τὸν</span> <span class='ocrx_word' id='word_1_277' title='bbox 782 3263 885 3342; x_wconf 87' lang='grc' dir='ltr'>ἀγῶνα·</span> <span class='ocrx_word' id='word_1_278' title='bbox 901 3267 946 3325; x_wconf 86' lang='grc' dir='ltr'>καὶ</span> 
     </span>
    </p>

    <p class='ocr_par' dir='ltr' id='par_1_34' title="bbox 171 3333 945 3428">
     <span class='ocr_line' id='line_1_34' title="bbox 171 3333 945 3428; baseline 0.022 -31"><span class='ocrx_word' id='word_1_279' title='bbox 171 3368 183 3393; x_wconf 89' lang='grc' dir='ltr'>ιι</span> <span class='ocrx_word' id='word_1_280' title='bbox 201 3341 228 3400; x_wconf 79' lang='grc' dir='ltr'>θν</span> <span class='ocrx_word' id='word_1_281' title='bbox 240 3333 263 3423; x_wconf 81' lang='grc' dir='ltr'>ᾧ</span> <span class='ocrx_word' id='word_1_282' title='bbox 277 3341 310 3401; x_wconf 78' lang='grc' dir='ltr'>δν</span> <span class='ocrx_word' id='word_1_283' title='bbox 325 3347 399 3421; x_wconf 78' lang='grc' dir='ltr'>ὑμῶν</span> <span class='ocrx_word' id='word_1_284' title='bbox 411 3343 521 3413; x_wconf 71' lang='grc' dir='ltr'>ἕκαστος</span> <span class='ocrx_word' id='word_1_285' title='bbox 534 3346 624 3427; x_wconf 84' lang='grc' dir='ltr'>χωρίῳ</span> <span class='ocrx_word' id='word_1_286' title='bbox 637 3352 738 3428; x_wconf 80' lang='grc' dir='ltr'>ταχθῇ,</span> <span class='ocrx_word' id='word_1_287' title='bbox 752 3355 829 3411; x_wconf 75' lang='grc' dir='ltr'>τοῦτο</span> <span class='ocrx_word' id='word_1_288' title='bbox 844 3356 945 3415; x_wconf 85' lang='grc' dir='ltr'>ύπολα-</span> 
     </span>
    </p>

    <p class='ocr_par' dir='ltr' id='par_1_35' title="bbox 170 3423 945 3521">
     <span class='ocr_line' id='line_1_35' title="bbox 170 3423 945 3521; baseline 0.021 -33"><span class='ocrx_word' id='word_1_289' title='bbox 170 3456 183 3482; x_wconf 94' lang='grc' dir='ltr'>ι</span> <span class='ocrx_word' id='word_1_290' title='bbox 199 3428 268 3490; x_wconf 79' lang='grc' dir='ltr'>θίτω</span> <span class='ocrx_word' id='word_1_291' title='bbox 284 3432 330 3491; x_wconf 81' lang='grc' dir='ltr'>καὶ</span> <span class='ocrx_word' id='word_1_292' title='bbox 348 3423 418 3493; x_wconf 78' lang='grc' dir='ltr'>οἶκον</span> <span class='ocrx_word' id='word_1_293' title='bbox 440 3423 507 3493; x_wconf 77' lang='grc' dir='ltr'>εἶναι</span> <span class='ocrx_word' id='word_1_294' title='bbox 525 3436 569 3494; x_wconf 86' lang='grc' dir='ltr'>καὶ</span> <span class='ocrx_word' id='word_1_295' title='bbox 584 3439 681 3519; x_wconf 84' lang='grc' dir='ltr'>κλῆρον</span> <span class='ocrx_word' id='word_1_296' title='bbox 695 3439 740 3498; x_wconf 81' lang='grc' dir='ltr'>καὶ</span> <span class='ocrx_word' id='word_1_297' title='bbox 753 3442 887 3521; x_wconf 83' lang='grc' dir='ltr'>πατρίδα·</span> <span class='ocrx_word' id='word_1_298' title='bbox 900 3446 945 3504; x_wconf 82' lang='grc' dir='ltr'>καὶ</span> 
     </span>
    </p>

    <p class='ocr_par' dir='ltr' id='par_1_36' title="bbox 111 3518 944 3607">
     <span class='ocr_line' id='line_1_36' title="bbox 111 3518 944 3607; baseline 0.018 -30"><span class='ocrx_word' id='word_1_299' title='bbox 111 3532 141 3570; x_wconf 77' lang='lat'>³⁵</span> <span class='ocrx_word' id='word_1_300' title='bbox 170 3521 213 3578; x_wconf 82' lang='grc' dir='ltr'>ιιδ</span> <span class='ocrx_word' id='word_1_301' title='bbox 226 3542 256 3579; x_wconf 81' lang='grc' dir='ltr'>τι</span> <span class='ocrx_word' id='word_1_302' title='bbox 268 3520 358 3590; x_wconf 76' lang='grc' dir='ltr'>σώζων</span> <span class='ocrx_word' id='word_1_303' title='bbox 371 3518 421 3581; x_wconf 81' lang='grc' dir='ltr'>τόν</span> <span class='ocrx_word' id='word_1_304' title='bbox 436 3524 609 3602; x_wconf 87' lang='grc' dir='ltr'>παραστάτην</span> <span class='ocrx_word' id='word_1_305' title='bbox 645 3528 732 3607; x_wconf 72' lang='grc' dir='ltr'>ἐαυτῷ</span> <span class='ocrx_word' id='word_1_306' title='bbox 754 3529 879 3607; x_wconf 86' lang='grc' dir='ltr'>πράττειν</span> <span class='ocrx_word' id='word_1_307' title='bbox 895 3533 944 3603; x_wconf 81' lang='grc' dir='ltr'>τήν</span> 
     </span>
    </p>

    <p class='ocr_par' dir='ltr' id='par_1_37' title="bbox 170 3609 945 3693">
     <span class='ocr_line' id='line_1_37' title="bbox 170 3609 945 3693; baseline 0.022 -29"><span class='ocrx_word' id='word_1_308' title='bbox 170 3636 183 3661; x_wconf 88' lang='grc' dir='ltr'>ιι</span> <span class='ocrx_word' id='word_1_309' title='bbox 199 3609 331 3689; x_wconf 85' lang='grc' dir='ltr'>σωτηρίαν</span> <span class='ocrx_word' id='word_1_310' title='bbox 351 3611 524 3685; x_wconf 81' lang='grc' dir='ltr'>ύπολαύίτω,</span> <span class='ocrx_word' id='word_1_311' title='bbox 544 3613 617 3673; x_wconf 79' lang='grc' dir='ltr'>καὶθ</span> <span class='ocrx_word' id='word_1_312' title='bbox 638 3618 822 3693; x_wconf 79' lang='grc' dir='ltr'>ίγκαταλιπὼν</span> <span class='ocrx_word' id='word_1_313' title='bbox 837 3621 880 3678; x_wconf 86' lang='grc' dir='ltr'>τὸν</span> <span class='ocrx_word' id='word_1_314' title='bbox 896 3626 945 3681; x_wconf 82' lang='grc' dir='ltr'>πέ-</span> 
     </span>
    </p>

    <p class='ocr_par' dir='ltr' id='par_1_38' title="bbox 170 3698 941 3786">
     <span class='ocr_line' id='line_1_38' title="bbox 170 3698 941 3786; baseline 0.022 -33"><span class='ocrx_word' id='word_1_315' title='bbox 170 3724 183 3751; x_wconf 84' lang='grc' dir='ltr'>ιι</span> <span class='ocrx_word' id='word_1_316' title='bbox 196 3698 245 3763; x_wconf 86' lang='grc' dir='ltr'>λας</span> <span class='ocrx_word' id='word_1_317' title='bbox 269 3698 361 3758; x_wconf 67' lang='grc' dir='ltr'>ἑαυτὸν</span> <span class='ocrx_word' id='word_1_318' title='bbox 390 3703 505 3779; x_wconf 81' lang='grc' dir='ltr'>ἡγείσθω</span> <span class='ocrx_word' id='word_1_319' title='bbox 537 3710 589 3769; x_wconf 89' lang='grc' dir='ltr'>τοῖς</span> <span class='ocrx_word' id='word_1_320' title='bbox 618 3703 753 3782; x_wconf 88' lang='grc' dir='ltr'>πολεμίοις</span> <span class='ocrx_word' id='word_1_321' title='bbox 778 3707 941 3786; x_wconf 84' lang='grc' dir='ltr'>προδιδόναι.</span> 
     </span>
    </p>

    <p class='ocr_par' dir='ltr' id='par_1_39' title="bbox 169 3787 946 3873">
     <span class='ocr_line' id='line_1_39' title="bbox 169 3787 946 3873; baseline 0.017 -27"><span class='ocrx_word' id='word_1_322' title='bbox 169 3813 182 3839; x_wconf 89' lang='grc' dir='ltr'>ι</span> <span class='ocrx_word' id='word_1_323' title='bbox 198 3787 324 3847; x_wconf 85' lang='grc' dir='ltr'>Μάλιστα</span> <span class='ocrx_word' id='word_1_324' title='bbox 340 3790 363 3847; x_wconf 83' lang='grc' dir='ltr'>δ’</span> <span class='ocrx_word' id='word_1_325' title='bbox 376 3792 459 3850; x_wconf 78' lang='grc' dir='ltr'>ἐκεῖνο</span> <span class='ocrx_word' id='word_1_326' title='bbox 471 3792 622 3867; x_wconf 78' lang='grc' dir='ltr'>μεμνῆσθαι</span> <span class='ocrx_word' id='word_1_327' title='bbox 635 3792 776 3872; x_wconf 85' lang='grc' dir='ltr'>προσήκει,</span> <span class='ocrx_word' id='word_1_328' title='bbox 788 3794 827 3854; x_wconf 82' lang='grc' dir='ltr'>ότι</span> <span class='ocrx_word' id='word_1_329' title='bbox 836 3797 946 3873; x_wconf 89' lang='grc' dir='ltr'>μενόντ-</span> 
     </span>
    </p>

    <p class='ocr_par' dir='ltr' id='par_1_40' title="bbox 168 3876 945 3961">
     <span class='ocr_line' id='line_1_40' title="bbox 168 3876 945 3961; baseline 0.019 -30"><span class='ocrx_word' id='word_1_330' title='bbox 168 3902 182 3930; x_wconf 89' lang='grc' dir='ltr'>ιι</span> <span class='ocrx_word' id='word_1_331' title='bbox 196 3899 233 3934; x_wconf 90' lang='grc' dir='ltr'>ων</span> <span class='ocrx_word' id='word_1_332' title='bbox 248 3876 296 3952; x_wconf 71' lang='grc' dir='ltr'>μίν</span> <span class='ocrx_word' id='word_1_333' title='bbox 319 3879 421 3956; x_wconf 82' lang='grc' dir='ltr'>ἀνδρῶν</span> <span class='ocrx_word' id='word_1_334' title='bbox 436 3878 482 3937; x_wconf 80' lang='grc' dir='ltr'>καὶ</span> <span class='ocrx_word' id='word_1_335' title='bbox 503 3880 662 3958; x_wconf 79' lang='grc' dir='ltr'>μάχομίνων</span> <span class='ocrx_word' id='word_1_336' title='bbox 679 3882 767 3961; x_wconf 78' lang='grc' dir='ltr'>ὀλίγον</span> <span class='ocrx_word' id='word_1_337' title='bbox 782 3882 812 3942; x_wconf 85' lang='grc' dir='ltr'>τθ</span> <span class='ocrx_word' id='word_1_338' title='bbox 827 3886 945 3948; x_wconf 81' lang='grc' dir='ltr'>ἀπολλύ-</span> 
     </span>
    </p>

    <p class='ocr_par' dir='ltr' id='par_1_41' title="bbox 110 3965 945 4138">
     <span class='ocr_line' id='line_1_41' title="bbox 110 3965 945 4054; baseline 0.016 -32"><span class='ocrx_word' id='word_1_339' title='bbox 110 3972 141 4013; x_wconf 80' lang='lat'>⁴⁰</span> <span class='ocrx_word' id='word_1_340' title='bbox 169 3992 182 4017; x_wconf 89' lang='grc' dir='ltr'>ι</span> <span class='ocrx_word' id='word_1_341' title='bbox 198 3965 275 4043; x_wconf 87' lang='grc' dir='ltr'>μινόν</span> <span class='ocrx_word' id='word_1_342' title='bbox 296 3968 386 4046; x_wconf 71' lang='grc' dir='ltr'>ἔστιν,</span> <span class='ocrx_word' id='word_1_343' title='bbox 411 3968 585 4047; x_wconf 73' lang='grc' dir='ltr'>ἐγκλινάντων</span> <span class='ocrx_word' id='word_1_344' title='bbox 607 3968 636 4028; x_wconf 78' lang='grc' dir='ltr'>δὲ</span> <span class='ocrx_word' id='word_1_345' title='bbox 657 3970 702 4028; x_wconf 84' lang='grc' dir='ltr'>καλ</span> <span class='ocrx_word' id='word_1_346' title='bbox 727 3970 875 4054; x_wconf 84' lang='grc' dir='ltr'>ριυγόντων</span> <span class='ocrx_word' id='word_1_347' title='bbox 899 4000 945 4035; x_wconf 86' lang='grc' dir='ltr'>κο·</span> 
     </span>
     <span class='ocr_line' id='line_1_42' title="bbox 169 4054 614 4138; baseline 0.009 -27"><span class='ocrx_word' id='word_1_348' title='bbox 169 4081 182 4107; x_wconf 90' lang='grc' dir='ltr'>ιι</span> <span class='ocrx_word' id='word_1_349' title='bbox 196 4055 261 4136; x_wconf 79' lang='grc' dir='ltr'>μιδῇ</span> <span class='ocrx_word' id='word_1_350' title='bbox 277 4054 363 4138; x_wconf 82' lang='grc' dir='ltr'>βραχύ</span> <span class='ocrx_word' id='word_1_351' title='bbox 377 4056 408 4115; x_wconf 79' lang='lat' dir='ltr'>rb</span> <span class='ocrx_word' id='word_1_352' title='bbox 423 4055 582 4127; x_wconf 83' lang='grc' dir='ltr'>σωζόμενον.</span> <span class='ocrx_word' id='word_1_353' title='bbox 602 4086 614 4111; x_wconf 79' lang='grc' dir='ltr'>ι</span> 
     </span>
    </p>

    <p class='ocr_par' dir='ltr' id='par_1_42' title="bbox 207 4140 945 4229">
     <span class='ocr_line' id='line_1_43' title="bbox 207 4140 945 4229; baseline 0.007 -24"><span class='ocrx_word' id='word_1_354' title='bbox 207 4146 244 4205; x_wconf 84' lang='grc' dir='ltr'>Χ.</span> <span class='ocrx_word' id='word_1_355' title='bbox 267 4140 330 4205; x_wconf 80' lang='lat' dir='ltr'><strong>&#39;Ere</strong></span> <span class='ocrx_word' id='word_1_356' title='bbox 351 4146 380 4205; x_wconf 77' lang='lat' dir='ltr'>bi</span> <span class='ocrx_word' id='word_1_357' title='bbox 406 4145 486 4206; x_wconf 77' lang='grc' dir='ltr'>αὐτοῦ</span> <span class='ocrx_word' id='word_1_358' title='bbox 507 4146 628 4224; x_wconf 83' lang='grc' dir='ltr'>λέγοντος</span> <span class='ocrx_word' id='word_1_359' title='bbox 651 4145 684 4205; x_wconf 78' lang='lat' dir='ltr'><strong>alr</strong></span> <span class='ocrx_word' id='word_1_360' title='bbox 710 4150 747 4216; x_wconf 85' lang='grc' dir='ltr'>εἷς</span> <span class='ocrx_word' id='word_1_361' title='bbox 769 4148 800 4209; x_wconf 78' lang='grc' dir='ltr'>τὸ</span> <span class='ocrx_word' id='word_1_362' title='bbox 828 4161 945 4229; x_wconf 88' lang='grc' dir='ltr'>γενναῖον</span> 
     </span>
    </p>

    <p class='ocr_par' dir='ltr' id='par_1_43' title="bbox 168 4232 945 4320">
     <span class='ocr_line' id='line_1_44' title="bbox 168 4232 945 4320; baseline 0.015 -31"><span class='ocrx_word' id='word_1_363' title='bbox 168 4232 310 4311; x_wconf 74' lang='grc' dir='ltr'>ἀπαγωγαί,</span> <span class='ocrx_word' id='word_1_364' title='bbox 330 4232 376 4294; x_wconf 81' lang='grc' dir='ltr'>καλ</span> <span class='ocrx_word' id='word_1_365' title='bbox 400 4235 487 4294; x_wconf 79' lang='grc' dir='ltr'>πολλὰ</span> <span class='ocrx_word' id='word_1_366' title='bbox 505 4234 603 4312; x_wconf 82' lang='grc' dir='ltr'>μεταξὺ</span> <span class='ocrx_word' id='word_1_367' title='bbox 624 4239 676 4295; x_wconf 88' lang='grc' dir='ltr'>τῶν</span> <span class='ocrx_word' id='word_1_368' title='bbox 698 4236 783 4316; x_wconf 92' lang='grc' dir='ltr'>λόγων</span> <span class='ocrx_word' id='word_1_369' title='bbox 807 4241 945 4320; x_wconf 74' lang='grc' dir='ltr'>ἐκχέοντος</span> 
     </span>
    </p>

    <p class='ocr_par' dir='ltr' id='par_1_44' title="bbox 169 4320 942 4406">
     <span class='ocr_line' id='line_1_45' title="bbox 169 4320 942 4406; baseline 0.014 -27"><span class='ocrx_word' id='word_1_370' title='bbox 169 4320 287 4402; x_wconf 86' lang='grc' dir='ltr'>δάκρυα,</span> <span class='ocrx_word' id='word_1_371' title='bbox 303 4322 426 4402; x_wconf 82' lang='grc' dir='ltr'>λοχαγῶν</span> <span class='ocrx_word' id='word_1_372' title='bbox 448 4346 477 4383; x_wconf 88' lang='grc' dir='ltr'>τε</span> <span class='ocrx_word' id='word_1_373' title='bbox 497 4322 544 4382; x_wconf 79' lang='grc' dir='ltr'>καί</span> <span class='ocrx_word' id='word_1_374' title='bbox 558 4323 707 4406; x_wconf 80' lang='grc' dir='ltr'>ταξιάρχων</span> <span class='ocrx_word' id='word_1_375' title='bbox 721 4327 767 4385; x_wconf 81' lang='grc' dir='ltr'>καὶ</span> <span class='ocrx_word' id='word_1_376' title='bbox 783 4331 834 4386; x_wconf 92' lang='grc' dir='ltr'>τῶν</span> <span class='ocrx_word' id='word_1_377' title='bbox 853 4330 942 4390; x_wconf 78' lang='grc' dir='ltr'>ἄλλοιν</span> 
     </span>
    </p>

    <p class='ocr_par' dir='ltr' id='par_1_45' title="bbox 109 4403 946 4497">
     <span class='ocr_line' id='line_1_46' title="bbox 109 4403 946 4497; baseline 0.012 -30"><span class='ocrx_word' id='word_1_378' title='bbox 109 4418 139 4457; x_wconf 67' lang='lat'>⁴5</span> <span class='ocrx_word' id='word_1_379' title='bbox 169 4413 337 4489; x_wconf 78' lang='grc' dir='ltr'>στρατιωτῶν</span> <span class='ocrx_word' id='word_1_380' title='bbox 350 4410 477 4486; x_wconf 69' lang='grc' dir='ltr'>ἕκαστον,</span> <span class='ocrx_word' id='word_1_381' title='bbox 491 4403 514 4493; x_wconf 79' lang='grc' dir='ltr'>ᾧ</span> <span class='ocrx_word' id='word_1_382' title='bbox 530 4412 635 4493; x_wconf 83' lang='grc' dir='ltr'>συνήδει</span> <span class='ocrx_word' id='word_1_383' title='bbox 649 4437 675 4473; x_wconf 91' lang='grc' dir='ltr'>τι</span> <span class='ocrx_word' id='word_1_384' title='bbox 688 4415 811 4494; x_wconf 84' lang='grc' dir='ltr'>λαμπρὸν</span> <span class='ocrx_word' id='word_1_385' title='bbox 832 4418 907 4497; x_wconf 75' lang='grc' dir='ltr'>ἔργον</span> <span class='ocrx_word' id='word_1_386' title='bbox 919 4422 946 4479; x_wconf 75' lang='grc' dir='ltr'>δν</span> 
     </span>
    </p>

    <p class='ocr_par' dir='ltr' id='par_1_46' title="bbox 169 4496 946 4581">
     <span class='ocr_line' id='line_1_47' title="bbox 169 4496 946 4581; baseline 0.014 -26"><span class='ocrx_word' id='word_1_387' title='bbox 169 4496 270 4577; x_wconf 86' lang='grc' dir='ltr'>μάχαις</span> <span class='ocrx_word' id='word_1_388' title='bbox 283 4498 493 4581; x_wconf 82' lang='grc' dir='ltr'>ἀπυδιιξαμίνιρ,</span> <span class='ocrx_word' id='word_1_389' title='bbox 509 4504 568 4561; x_wconf 83' lang='grc' dir='ltr'>κατ’</span> <span class='ocrx_word' id='word_1_390' title='bbox 580 4501 665 4580; x_wconf 78' lang='grc' dir='ltr'>ὄνομα</span> <span class='ocrx_word' id='word_1_391' title='bbox 677 4504 886 4581; x_wconf 80' lang='grc' dir='ltr'>ἀνακαλοῦντος,</span> <span class='ocrx_word' id='word_1_392' title='bbox 901 4508 946 4566; x_wconf 84' lang='grc' dir='ltr'>καὶ</span> 
     </span>
    </p>

    <p class='ocr_par' dir='ltr' id='par_1_47' title="bbox 167 4586 947 4674">
     <span class='ocr_line' id='line_1_48' title="bbox 167 4586 947 4674; baseline 0.012 -29"><span class='ocrx_word' id='word_1_393' title='bbox 167 4586 254 4646; x_wconf 71' lang='grc' dir='ltr'>πολλὰ</span> <span class='ocrx_word' id='word_1_394' title='bbox 265 4587 312 4647; x_wconf 75' lang='grc' dir='ltr'>καὶ</span> <span class='ocrx_word' id='word_1_395' title='bbox 327 4589 432 4666; x_wconf 86' lang='grc' dir='ltr'>μιγάλα</span> <span class='ocrx_word' id='word_1_396' title='bbox 446 4593 500 4659; x_wconf 83' lang='grc' dir='ltr'>τοῖς</span> <span class='ocrx_word' id='word_1_397' title='bbox 520 4591 694 4671; x_wconf 83' lang='grc' dir='ltr'>ἀριστεύσασι</span> <span class='ocrx_word' id='word_1_398' title='bbox 714 4592 784 4652; x_wconf 85' lang='grc' dir='ltr'>κατά</span> <span class='ocrx_word' id='word_1_399' title='bbox 796 4594 845 4667; x_wconf 75' lang='grc' dir='ltr'>τήν</span> <span class='ocrx_word' id='word_1_400' title='bbox 856 4597 947 4674; x_wconf 86' lang='grc' dir='ltr'>μάχην</span> 
     </span>
    </p>

    <p class='ocr_par' dir='ltr' id='par_1_48' title="bbox 169 4675 946 4763">
     <span class='ocr_line' id='line_1_49' title="bbox 169 4675 946 4763; baseline 0.013 -30"><span class='ocrx_word' id='word_1_401' title='bbox 169 4675 341 4755; x_wconf 76' lang='grc' dir='ltr'>φιλάνθρωπα</span> <span class='ocrx_word' id='word_1_402' title='bbox 356 4677 450 4738; x_wconf 81' lang='grc' dir='ltr'>δύσειν</span> <span class='ocrx_word' id='word_1_403' title='bbox 466 4679 675 4759; x_wconf 81' lang='grc' dir='ltr'>ύπισχνουμίνευ</span> <span class='ocrx_word' id='word_1_404' title='bbox 691 4681 755 4760; x_wconf 86' lang='grc' dir='ltr'>πρθς</span> <span class='ocrx_word' id='word_1_405' title='bbox 768 4681 798 4741; x_wconf 88' lang='grc' dir='ltr'>τθ</span> <span class='ocrx_word' id='word_1_406' title='bbox 810 4686 861 4742; x_wconf 88' lang='grc' dir='ltr'>τῶν</span> <span class='ocrx_word' id='word_1_407' title='bbox 876 4683 946 4763; x_wconf 83' lang='grc' dir='ltr'>πρά·</span> 
     </span>
    </p>

    <p class='ocr_par' dir='ltr' id='par_1_49' title="bbox 169 4760 947 4848">
     <span class='ocr_line' id='line_1_50' title="bbox 169 4760 947 4848; baseline 0.014 -27"><span class='ocrx_word' id='word_1_408' title='bbox 169 4760 233 4832; x_wconf 80' lang='grc' dir='ltr'>ξιων</span> <span class='ocrx_word' id='word_1_409' title='bbox 244 4764 353 4844; x_wconf 88' lang='grc' dir='ltr'>μίγιθος</span> <span class='ocrx_word' id='word_1_410' title='bbox 361 4813 371 4839; x_wconf 87' lang='grc'>,</span> <span class='ocrx_word' id='word_1_411' title='bbox 387 4768 466 4845; x_wconf 83' lang='grc' dir='ltr'>τιμάς</span> <span class='ocrx_word' id='word_1_412' title='bbox 480 4792 508 4827; x_wconf 93' lang='grc' dir='ltr'>τε</span> <span class='ocrx_word' id='word_1_413' title='bbox 524 4768 570 4828; x_wconf 79' lang='grc' dir='ltr'>καλ</span> <span class='ocrx_word' id='word_1_414' title='bbox 584 4769 667 4837; x_wconf 84' lang='grc' dir='ltr'>ἄλλας</span> <span class='ocrx_word' id='word_1_415' title='bbox 683 4771 814 4848; x_wconf 86' lang='grc' dir='ltr'>βοηθείας,</span> <span class='ocrx_word' id='word_1_416' title='bbox 829 4771 947 4845; x_wconf 82' lang='grc' dir='ltr'>σἰναόοή-</span> 
     </span>
    </p>

    <p class='ocr_par' dir='ltr' id='par_1_50' title="bbox 110 4851 949 4939">
     <span class='ocr_line' id='line_1_51' title="bbox 110 4851 949 4939; baseline 0.013 -30"><span class='ocrx_word' id='word_1_417' title='bbox 110 4869 140 4909; x_wconf 85' lang='lat' dir='ltr'>so</span> <span class='ocrx_word' id='word_1_418' title='bbox 169 4874 223 4922; x_wconf 90' lang='grc' dir='ltr'>σιις</span> <span class='ocrx_word' id='word_1_419' title='bbox 236 4851 264 4923; x_wconf 69' lang='grc' dir='ltr'>ἐξ</span> <span class='ocrx_word' id='word_1_420' title='bbox 282 4854 405 4915; x_wconf 84' lang='grc' dir='ltr'>ἀπάντων</span> <span class='ocrx_word' id='word_1_421' title='bbox 420 4856 534 4935; x_wconf 81' lang='grc' dir='ltr'>ἐγίνοντο</span> <span class='ocrx_word' id='word_1_422' title='bbox 557 4864 663 4939; x_wconf 87' lang='grc' dir='ltr'>θαρρεῖν</span> <span class='ocrx_word' id='word_1_423' title='bbox 678 4881 706 4917; x_wconf 89' lang='grc' dir='ltr'>τε</span> <span class='ocrx_word' id='word_1_424' title='bbox 730 4859 949 4939; x_wconf 59' lang='grc' dir='ltr'>παρακιλευομίι</span> 
     </span>
    </p>

    <p class='ocr_par' dir='ltr' id='par_1_51' title="bbox 168 4943 948 5025">
     <span class='ocr_line' id='line_1_52' title="bbox 168 4943 948 5025; baseline 0.012 -23"><span class='ocrx_word' id='word_1_425' title='bbox 168 4966 221 5002; x_wconf 90' lang='grc' dir='ltr'>νων</span> <span class='ocrx_word' id='word_1_426' title='bbox 234 4943 280 5003; x_wconf 79' lang='grc' dir='ltr'>καί</span> <span class='ocrx_word' id='word_1_427' title='bbox 295 4944 370 5025; x_wconf 87' lang='grc' dir='ltr'>άγιιν</span> <span class='ocrx_word' id='word_1_428' title='bbox 384 4945 429 5005; x_wconf 71' lang='grc' dir='ltr'>ἐπὶ</span> <span class='ocrx_word' id='word_1_429' title='bbox 443 4945 488 5006; x_wconf 78' lang='grc' dir='ltr'>τὸν</span> <span class='ocrx_word' id='word_1_430' title='bbox 504 4949 593 5024; x_wconf 86' lang='grc' dir='ltr'>ἀγῶνα</span> <span class='ocrx_word' id='word_1_431' title='bbox 608 4944 762 5015; x_wconf 79' lang='grc' dir='ltr'>ἀξιούντων.</span> <span class='ocrx_word' id='word_1_432' title='bbox 794 4947 905 5023; x_wconf 75' lang='grc' dir='ltr'>Ἐπειδὴ</span> <span class='ocrx_word' id='word_1_433' title='bbox 920 4949 948 5011; x_wconf 70' lang='grc' dir='ltr'>δὲ</span> 
     </span>
    </p>

    <p class='ocr_par' dir='ltr' id='par_1_52' title="bbox 168 5030 949 5119">
     <span class='ocr_line' id='line_1_53' title="bbox 168 5030 949 5119; baseline 0.01 -30"><span class='ocrx_word' id='word_1_434' title='bbox 168 5030 337 5106; x_wconf 74' lang='grc' dir='ltr'>ἐπαύσαντο,</span> <span class='ocrx_word' id='word_1_435' title='bbox 353 5033 514 5114; x_wconf 78' lang='grc' dir='ltr'>προέρχεταί</span> <span class='ocrx_word' id='word_1_436' title='bbox 535 5059 573 5102; x_wconf 91' lang='grc' dir='ltr'>τις</span> <span class='ocrx_word' id='word_1_437' title='bbox 586 5036 617 5093; x_wconf 77' lang='lat' dir='ltr'>ix</span> <span class='ocrx_word' id='word_1_438' title='bbox 629 5041 674 5094; x_wconf 81' lang='grc' dir='ltr'>τοῦ</span> <span class='ocrx_word' id='word_1_439' title='bbox 687 5035 820 5109; x_wconf 79' lang='grc' dir='ltr'>πλήθους,</span> <span class='ocrx_word' id='word_1_440' title='bbox 837 5037 949 5119; x_wconf 90' lang='grc' dir='ltr'>Μάρκος</span> 
     </span>
    </p>

    <p class='ocr_par' dir='ltr' id='par_1_53' title="bbox 168 5118 948 5207">
     <span class='ocr_line' id='line_1_54' title="bbox 168 5118 948 5207; baseline 0.008 -26"><span class='ocrx_word' id='word_1_441' title='bbox 168 5118 342 5191; x_wconf 63' lang='lat' dir='ltr'><strong>diuidiae</strong></span> <span class='ocrx_word' id='word_1_442' title='bbox 356 5120 456 5200; x_wconf 80' lang='grc' dir='ltr'>ὄνομα,</span> <span class='ocrx_word' id='word_1_443' title='bbox 472 5120 540 5203; x_wconf 76' lang='grc' dir='ltr'>ἀνήρ</span> <span class='ocrx_word' id='word_1_444' title='bbox 552 5122 692 5200; x_wconf 79' lang='grc' dir='ltr'>δημοτικός</span> <span class='ocrx_word' id='word_1_445' title='bbox 708 5122 756 5201; x_wconf 77' lang='grc' dir='ltr'>μὲν</span> <span class='ocrx_word' id='word_1_446' title='bbox 771 5125 817 5185; x_wconf 84' lang='grc' dir='ltr'>καὶ</span> <span class='ocrx_word' id='word_1_447' title='bbox 834 5128 948 5207; x_wconf 90' lang='grc' dir='ltr'>αύτουρ-</span> 
     </span>
    </p>
   </div>
   <div class='ocr_carea' id='block_1_3' title="bbox 1010 528 1789 1114">
    <p class='ocr_par' dir='ltr' id='par_1_54' title="bbox 1010 528 1789 1114">
     <span class='ocr_line' id='line_1_55' title="bbox 1011 528 1789 591; baseline 0.012 -14"><span class='ocrx_word' id='word_1_448' title='bbox 1011 546 1024 570; x_wconf 89' lang='grc' dir='ltr'>ι</span> <span class='ocrx_word' id='word_1_449' title='bbox 1038 528 1108 579; x_wconf 88' lang='lat' dir='ltr'><strong>ribns</strong></span> <span class='ocrx_word' id='word_1_450' title='bbox 1121 528 1153 580; x_wconf 91' lang='lat' dir='ltr'>de</span> <span class='ocrx_word' id='word_1_451' title='bbox 1162 544 1261 583; x_wconf 88' lang='lat' dir='ltr'><strong>summa</strong></span> <span class='ocrx_word' id='word_1_452' title='bbox 1269 544 1354 584; x_wconf 85' lang='lat' dir='ltr'><strong>rerum</strong></span> <span class='ocrx_word' id='word_1_453' title='bbox 1367 531 1515 591; x_wconf 74' lang='lat' dir='ltr'>decernere,</span> <span class='ocrx_word' id='word_1_454' title='bbox 1527 545 1558 584; x_wconf 90' lang='lat' dir='ltr'>ne</span> <span class='ocrx_word' id='word_1_455' title='bbox 1569 532 1625 583; x_wconf 89' lang='lat' dir='ltr'><strong>aliis</strong></span> <span class='ocrx_word' id='word_1_456' title='bbox 1633 533 1701 584; x_wconf 92' lang='lat' dir='ltr'><strong>omni</strong></span> <span class='ocrx_word' id='word_1_457' title='bbox 1711 534 1789 586; x_wconf 87' lang='lat' dir='ltr'><strong>animi</strong></span> 
     </span>
     <span class='ocr_line' id='line_1_56' title="bbox 1010 633 1788 701; baseline 0.01 -18"><span class='ocrx_word' id='word_1_458' title='bbox 1010 653 1023 677; x_wconf 90' lang='grc' dir='ltr'>ι</span> <span class='ocrx_word' id='word_1_459' title='bbox 1038 633 1167 686; x_wconf 74' lang='lat' dir='ltr'>alacritate</span> <span class='ocrx_word' id='word_1_460' title='bbox 1181 648 1282 700; x_wconf 86' lang='lat' dir='ltr'><strong>operam</strong></span> <span class='ocrx_word' id='word_1_461' title='bbox 1294 636 1446 688; x_wconf 85' lang='lat' dir='ltr'><strong>navantibus</strong></span> <span class='ocrx_word' id='word_1_462' title='bbox 1458 636 1636 701; x_wconf 87' lang='lat' dir='ltr'><strong>impedimento</strong></span> <span class='ocrx_word' id='word_1_463' title='bbox 1650 639 1700 690; x_wconf 86' lang='lat' dir='ltr'><strong>sint</strong></span> <span class='ocrx_word' id='word_1_464' title='bbox 1714 639 1788 691; x_wconf 82' lang='lat' dir='ltr'><strong>dam·</strong></span> 
     </span>
     <span class='ocr_line' id='line_1_57' title="bbox 1010 735 1788 806; baseline 0.012 -21"><span class='ocrx_word' id='word_1_465' title='bbox 1010 755 1023 778; x_wconf 81' lang='grc' dir='ltr'>ι</span> <span class='ocrx_word' id='word_1_466' title='bbox 1037 749 1148 801; x_wconf 88' lang='lat' dir='ltr'><strong>numque</strong></span> <span class='ocrx_word' id='word_1_467' title='bbox 1157 735 1271 788; x_wconf 81' lang='lat' dir='ltr'><strong>afferant.</strong></span> <span class='ocrx_word' id='word_1_468' title='bbox 1307 737 1553 797; x_wconf 86' lang='lat' dir='ltr'><strong>Sitamen,illorn1n</strong></span> <span class='ocrx_word' id='word_1_469' title='bbox 1567 753 1667 806; x_wconf 83' lang='lat' dir='ltr'><strong>quoque</strong></span> <span class='ocrx_word' id='word_1_470' title='bbox 1679 747 1788 794; x_wconf 88' lang='lat' dir='ltr'><strong>mentem</strong></span> 
     </span>
     <span class='ocr_line' id='line_1_58' title="bbox 1011 843 1784 905; baseline 0.004 -11"><span class='ocrx_word' id='word_1_471' title='bbox 1011 864 1023 887; x_wconf 88' lang='grc' dir='ltr'>ι</span> <span class='ocrx_word' id='word_1_472' title='bbox 1037 843 1100 895; x_wconf 91' lang='lat' dir='ltr'><strong>deus</strong></span> <span class='ocrx_word' id='word_1_473' title='bbox 1117 843 1143 894; x_wconf 90' lang='lat' dir='ltr'>in</span> <span class='ocrx_word' id='word_1_474' title='bbox 1154 844 1282 895; x_wconf 86' lang='lat' dir='ltr'><strong>meliorem</strong></span> <span class='ocrx_word' id='word_1_475' title='bbox 1293 844 1432 905; x_wconf 79' lang='lat' dir='ltr'><strong>convertit,</strong></span> <span class='ocrx_word' id='word_1_476' title='bbox 1445 848 1470 895; x_wconf 87' lang='lat' dir='ltr'>et</span> <span class='ocrx_word' id='word_1_477' title='bbox 1489 846 1540 895; x_wconf 89' lang='lat' dir='ltr'>iam</span> <span class='ocrx_word' id='word_1_478' title='bbox 1548 846 1647 897; x_wconf 89' lang='lat' dir='ltr'><strong>omissis</strong></span> <span class='ocrx_word' id='word_1_479' title='bbox 1659 846 1784 905; x_wconf 89' lang='lat' dir='ltr'><strong>dissidiis,</strong></span> 
     </span>
     <span class='ocr_line' id='line_1_59' title="bbox 1010 944 1786 1011; baseline 0.005 -16"><span class='ocrx_word' id='word_1_480' title='bbox 1010 966 1023 988; x_wconf 88' lang='grc' dir='ltr'>ι</span> <span class='ocrx_word' id='word_1_481' title='bbox 1037 944 1070 995; x_wconf 94' lang='lat' dir='ltr'>ob</span> <span class='ocrx_word' id='word_1_482' title='bbox 1088 960 1147 1011; x_wconf 75' lang='lat' dir='ltr'><strong>qnae</strong></span> <span class='ocrx_word' id='word_1_483' title='bbox 1163 960 1230 996; x_wconf 90' lang='lat' dir='ltr'><strong>nunc</strong></span> <span class='ocrx_word' id='word_1_484' title='bbox 1241 945 1382 1011; x_wconf 85' lang='lat' dir='ltr'><strong>respublica</strong></span> <span class='ocrx_word' id='word_1_485' title='bbox 1394 945 1475 996; x_wconf 92' lang='lat' dir='ltr'><strong>multa</strong></span> <span class='ocrx_word' id='word_1_486' title='bbox 1487 950 1513 996; x_wconf 86' lang='lat' dir='ltr'>el</span> <span class='ocrx_word' id='word_1_487' title='bbox 1532 961 1622 1011; x_wconf 84' lang='lat' dir='ltr'><strong>magna</strong></span> <span class='ocrx_word' id='word_1_488' title='bbox 1640 947 1732 999; x_wconf 84' lang='lat' dir='ltr'><strong>dnmm</strong></span> <span class='ocrx_word' id='word_1_489' title='bbox 1745 963 1786 998; x_wconf 89' lang='lat' dir='ltr'><strong>ac·</strong></span> 
     </span>
     <span class='ocr_line' id='line_1_60' title="bbox 1011 1045 1787 1114; baseline 0.012 -22"><span class='ocrx_word' id='word_1_490' title='bbox 1011 1067 1024 1092; x_wconf 91' lang='grc' dir='ltr'>ιι</span> <span class='ocrx_word' id='word_1_491' title='bbox 1040 1046 1121 1111; x_wconf 77' lang='lat' dir='ltr'><strong>cepit,</strong></span> <span class='ocrx_word' id='word_1_492' title='bbox 1132 1045 1173 1097; x_wconf 86' lang='lat' dir='ltr'>vel</span> <span class='ocrx_word' id='word_1_493' title='bbox 1187 1047 1276 1098; x_wconf 87' lang='lat' dir='ltr'><strong>saltem</strong></span> <span class='ocrx_word' id='word_1_494' title='bbox 1286 1046 1313 1097; x_wconf 92' lang='lat' dir='ltr'>in</span> <span class='ocrx_word' id='word_1_495' title='bbox 1325 1047 1393 1112; x_wconf 85' lang='lat' dir='ltr'><strong>pacis</strong></span> <span class='ocrx_word' id='word_1_496' title='bbox 1408 1051 1507 1112; x_wconf 86' lang='lat' dir='ltr'><strong>tempus</strong></span> <span class='ocrx_word' id='word_1_497' title='bbox 1520 1047 1617 1107; x_wconf 88' lang='lat' dir='ltr'><strong>dilatis,</strong></span> <span class='ocrx_word' id='word_1_498' title='bbox 1635 1050 1787 1114; x_wconf 75' lang='lat' dir='ltr'><strong>praeteritam</strong></span> 
     </span>
    </p>
   </div>
   <div class='ocr_carea' id='block_1_4' title="bbox 996 1146 1788 1213">
    <p class='ocr_par' dir='ltr' id='par_1_55' title="bbox 996 1146 1788 1213">
     <span class='ocr_line' id='line_1_61' title="bbox 996 1146 1788 1213; baseline 0.006 -16"><span class='ocrx_word' id='word_1_499' title='bbox 996 1168 1024 1195; x_wconf 86' lang='grc' dir='ltr'>,ιι</span> <span class='ocrx_word' id='word_1_500' title='bbox 1037 1146 1197 1211; x_wconf 74' lang='lat' dir='ltr'><strong>ignominiam</strong></span> <span class='ocrx_word' id='word_1_501' title='bbox 1220 1147 1338 1213; x_wconf 72' lang='lat' dir='ltr'><strong>praesenti</strong></span> <span class='ocrx_word' id='word_1_502' title='bbox 1362 1147 1456 1198; x_wconf 85' lang='lat' dir='ltr'><strong>virtute</strong></span> <span class='ocrx_word' id='word_1_503' title='bbox 1478 1147 1577 1200; x_wconf 80' lang='lat' dir='ltr'><strong>abolere</strong></span> <span class='ocrx_word' id='word_1_504' title='bbox 1603 1149 1704 1209; x_wconf 86' lang='lat' dir='ltr'><strong>volunt,</strong></span> <span class='ocrx_word' id='word_1_505' title='bbox 1726 1151 1788 1203; x_wconf 87' lang='lat' dir='ltr'><strong>nibil</strong></span> 
     </span>
    </p>
   </div>
   <div class='ocr_carea' id='block_1_5' title="bbox 1006 1247 1789 3868">
    <p class='ocr_par' dir='ltr' id='par_1_56' title="bbox 1006 1247 1789 3868">
     <span class='ocr_line' id='line_1_62' title="bbox 1010 1247 1788 1315; baseline 0.004 -16"><span class='ocrx_word' id='word_1_506' title='bbox 1010 1268 1023 1292; x_wconf 90' lang='grc' dir='ltr'>ιι</span> <span class='ocrx_word' id='word_1_507' title='bbox 1039 1247 1147 1314; x_wconf 82' lang='lat' dir='ltr'><strong>amplius</strong></span> <span class='ocrx_word' id='word_1_508' title='bbox 1159 1252 1216 1308; x_wconf 89' lang='lat' dir='ltr'><strong>est,</strong></span> <span class='ocrx_word' id='word_1_509' title='bbox 1236 1249 1305 1315; x_wconf 87' lang='lat' dir='ltr'><strong>quod</strong></span> <span class='ocrx_word' id='word_1_510' title='bbox 1324 1263 1370 1299; x_wconf 86' lang='lat' dir='ltr'>vos</span> <span class='ocrx_word' id='word_1_511' title='bbox 1390 1250 1455 1300; x_wconf 86' lang='lat' dir='ltr'><strong>bone</strong></span> <span class='ocrx_word' id='word_1_512' title='bbox 1475 1263 1518 1315; x_wconf 91' lang='lat' dir='ltr'>spe</span> <span class='ocrx_word' id='word_1_513' title='bbox 1539 1249 1618 1301; x_wconf 88' lang='lat' dir='ltr'><strong>fretos</strong></span> <span class='ocrx_word' id='word_1_514' title='bbox 1635 1265 1694 1302; x_wconf 88' lang='lat' dir='ltr'>eum</span> <span class='ocrx_word' id='word_1_515' title='bbox 1716 1252 1788 1303; x_wconf 87' lang='lat' dir='ltr'><strong>hoste</strong></span> 
     </span>
     <span class='ocr_line' id='line_1_63' title="bbox 1010 1351 1788 1416; baseline 0.004 -16"><span class='ocrx_word' id='word_1_516' title='bbox 1010 1370 1023 1395; x_wconf 90' lang='grc' dir='ltr'>ιι</span> <span class='ocrx_word' id='word_1_517' title='bbox 1037 1351 1154 1416; x_wconf 73' lang='lat' dir='ltr'><strong>congredi</strong></span> <span class='ocrx_word' id='word_1_518' title='bbox 1167 1354 1244 1402; x_wconf 84' lang='lat' dir='ltr'><strong>vetet.</strong></span> <span class='ocrx_word' id='word_1_519' title='bbox 1271 1351 1365 1402; x_wconf 78' lang='lat' dir='ltr'><strong>Multas</strong></span> <span class='ocrx_word' id='word_1_520' title='bbox 1381 1355 1465 1402; x_wconf 90' lang='lat' dir='ltr'><strong>aulem</strong></span> <span class='ocrx_word' id='word_1_521' title='bbox 1484 1354 1511 1403; x_wconf 89' lang='lat' dir='ltr'>et</span> <span class='ocrx_word' id='word_1_522' title='bbox 1521 1352 1584 1402; x_wconf 87' lang='lat' dir='ltr'><strong>alias</strong></span> <span class='ocrx_word' id='word_1_523' title='bbox 1595 1351 1728 1404; x_wconf 69' lang='lat' dir='ltr'><strong>facultates</strong></span> <span class='ocrx_word' id='word_1_524' title='bbox 1738 1354 1788 1403; x_wconf 82' lang='lat' dir='ltr'><strong>nie·</strong></span> 
     </span>
     <span class='ocr_line' id='line_1_64' title="bbox 1010 1428 1786 1520; baseline 0.01 -22"><span class='ocrx_word' id='word_1_525' title='bbox 1010 1474 1023 1498; x_wconf 85' lang='grc' dir='ltr'>ιι</span> <span class='ocrx_word' id='word_1_526' title='bbox 1038 1428 1108 1505; x_wconf 69' lang='lat' dir='ltr'><strong>ioniae</strong></span> <span class='ocrx_word' id='word_1_527' title='bbox 1122 1453 1238 1520; x_wconf 77' lang='lat' dir='ltr'><strong>parandae</strong></span> <span class='ocrx_word' id='word_1_528' title='bbox 1252 1454 1382 1512; x_wconf 90' lang='lat' dir='ltr'><strong>habemus,</strong></span> <span class='ocrx_word' id='word_1_529' title='bbox 1394 1453 1438 1504; x_wconf 91' lang='lat' dir='ltr'>sed</span> <span class='ocrx_word' id='word_1_530' title='bbox 1450 1454 1571 1504; x_wconf 76' lang='lat' dir='ltr'><strong>maximas</strong></span> <span class='ocrx_word' id='word_1_531' title='bbox 1580 1468 1636 1513; x_wconf 84' lang='lat' dir='ltr'><strong>eas,</strong></span> <span class='ocrx_word' id='word_1_532' title='bbox 1650 1469 1714 1520; x_wconf 87' lang='lat' dir='ltr'><strong>quas</strong></span> <span class='ocrx_word' id='word_1_533' title='bbox 1727 1456 1786 1506; x_wconf 87' lang='lat' dir='ltr'><strong>hos·</strong></span> 
     </span>
     <span class='ocr_line' id='line_1_65' title="bbox 1010 1555 1789 1620; baseline 0.001 -14"><span class='ocrx_word' id='word_1_534' title='bbox 1010 1576 1023 1599; x_wconf 88' lang='grc' dir='ltr'>ι</span> <span class='ocrx_word' id='word_1_535' title='bbox 1036 1556 1100 1607; x_wconf 90' lang='lat' dir='ltr'><strong>tium</strong></span> <span class='ocrx_word' id='word_1_536' title='bbox 1109 1557 1217 1607; x_wconf 81' lang='lat' dir='ltr'><strong>annuntia</strong></span> <span class='ocrx_word' id='word_1_537' title='bbox 1230 1555 1302 1606; x_wconf 92' lang='lat' dir='ltr'><strong>nobis</strong></span> <span class='ocrx_word' id='word_1_538' title='bbox 1313 1555 1423 1620; x_wconf 80' lang='lat' dir='ltr'><strong>prmbel;</strong></span> <span class='ocrx_word' id='word_1_539' title='bbox 1436 1555 1480 1620; x_wconf 92' lang='lat' dir='ltr'>qui</span> <span class='ocrx_word' id='word_1_540' title='bbox 1489 1566 1567 1620; x_wconf 90' lang='lat' dir='ltr'><strong>quum</strong></span> <span class='ocrx_word' id='word_1_541' title='bbox 1581 1555 1707 1620; x_wconf 82' lang='lat' dir='ltr'><strong>copiarum</strong></span> <span class='ocrx_word' id='word_1_542' title='bbox 1720 1556 1789 1607; x_wconf 90' lang='lat' dir='ltr'><strong>mul-</strong></span> 
     </span>
     <span class='ocr_line' id='line_1_66' title="bbox 1010 1656 1787 1722; baseline 0.005 -16"><span class='ocrx_word' id='word_1_543' title='bbox 1010 1675 1022 1700; x_wconf 88' lang='grc' dir='ltr'>ιι</span> <span class='ocrx_word' id='word_1_544' title='bbox 1038 1656 1146 1707; x_wconf 76' lang='lat' dir='ltr'><strong>titudine</strong></span> <span class='ocrx_word' id='word_1_545' title='bbox 1161 1656 1231 1721; x_wconf 75' lang='lat' dir='ltr'><strong>ionge</strong></span> <span class='ocrx_word' id='word_1_546' title='bbox 1247 1671 1293 1707; x_wconf 92' lang='lat' dir='ltr'>nos</span> <span class='ocrx_word' id='word_1_547' title='bbox 1311 1660 1443 1722; x_wconf 83' lang='lat' dir='ltr'><strong>superent,</strong></span> <span class='ocrx_word' id='word_1_548' title='bbox 1463 1660 1489 1708; x_wconf 91' lang='lat' dir='ltr'>et</span> <span class='ocrx_word' id='word_1_549' title='bbox 1510 1658 1558 1708; x_wconf 88' lang='lat' dir='ltr'><strong>hac</strong></span> <span class='ocrx_word' id='word_1_550' title='bbox 1574 1671 1602 1708; x_wconf 83' lang='lat' dir='ltr'>re</span> <span class='ocrx_word' id='word_1_551' title='bbox 1623 1659 1675 1708; x_wconf 84' lang='lat' dir='ltr'><strong>sola</strong></span> <span class='ocrx_word' id='word_1_552' title='bbox 1694 1662 1787 1711; x_wconf 80' lang='lat' dir='ltr'><strong>nostres</strong></span> 
     </span>
     <span class='ocr_line' id='line_1_67' title="bbox 1010 1758 1788 1824; baseline 0.006 -18"><span class='ocrx_word' id='word_1_553' title='bbox 1010 1776 1023 1806; x_wconf 84' lang='grc' dir='ltr'>ιι</span> <span class='ocrx_word' id='word_1_554' title='bbox 1038 1758 1149 1809; x_wconf 76' lang='lat' dir='ltr'><strong>undecim</strong></span> <span class='ocrx_word' id='word_1_555' title='bbox 1165 1761 1191 1808; x_wconf 86' lang='lat' dir='ltr'>ei</span> <span class='ocrx_word' id='word_1_556' title='bbox 1212 1758 1307 1823; x_wconf 78' lang='lat' dir='ltr'><strong>peritiae</strong></span> <span class='ocrx_word' id='word_1_557' title='bbox 1326 1759 1421 1824; x_wconf 76' lang='lat' dir='ltr'><strong>possint</strong></span> <span class='ocrx_word' id='word_1_558' title='bbox 1437 1758 1567 1820; x_wconf 86' lang='lat' dir='ltr'><strong>resistere,</strong></span> <span class='ocrx_word' id='word_1_559' title='bbox 1579 1762 1662 1810; x_wconf 87' lang='lat' dir='ltr'><strong>tamen</strong></span> <span class='ocrx_word' id='word_1_560' title='bbox 1676 1759 1723 1809; x_wconf 89' lang='lat' dir='ltr'>boe</span> <span class='ocrx_word' id='word_1_561' title='bbox 1735 1760 1788 1811; x_wconf 92' lang='lat' dir='ltr'><strong>solo</strong></span> 
     </span>
     <span class='ocr_line' id='line_1_68' title="bbox 1009 1860 1789 1925; baseline 0.009 -19"><span class='ocrx_word' id='word_1_562' title='bbox 1009 1860 1130 1909; x_wconf 78' lang='lat' dir='ltr'><strong>«auxillo</strong></span> <span class='ocrx_word' id='word_1_563' title='bbox 1151 1872 1178 1909; x_wconf 91' lang='lat' dir='ltr'>se</span> <span class='ocrx_word' id='word_1_564' title='bbox 1196 1860 1243 1924; x_wconf 88' lang='lat' dir='ltr'><strong>ipsi</strong></span> <span class='ocrx_word' id='word_1_565' title='bbox 1266 1860 1403 1925; x_wconf 83' lang='lat' dir='ltr'><strong>privarint,</strong></span> <span class='ocrx_word' id='word_1_566' title='bbox 1421 1864 1551 1911; x_wconf 84' lang='lat' dir='ltr'><strong>consumta</strong></span> <span class='ocrx_word' id='word_1_567' title='bbox 1573 1861 1697 1911; x_wconf 85' lang='lat' dir='ltr'><strong>exercitus</strong></span> <span class='ocrx_word' id='word_1_568' title='bbox 1719 1867 1789 1925; x_wconf 87' lang='lat' dir='ltr'><strong>parte</strong></span> 
     </span>
     <span class='ocr_line' id='line_1_69' title="bbox 1010 1960 1788 2027; baseline 0.012 -22"><span class='ocrx_word' id='word_1_569' title='bbox 1010 1981 1023 2005; x_wconf 92' lang='grc' dir='ltr'>ιι</span> <span class='ocrx_word' id='word_1_570' title='bbox 1037 1960 1063 2011; x_wconf 91' lang='lat' dir='ltr'>in</span> <span class='ocrx_word' id='word_1_571' title='bbox 1084 1960 1251 2010; x_wconf 81' lang='lat' dir='ltr'><strong>munitionum</strong></span> <span class='ocrx_word' id='word_1_572' title='bbox 1274 1961 1404 2025; x_wconf 81' lang='lat' dir='ltr'><strong>praesidiis.</strong></span> <span class='ocrx_word' id='word_1_573' title='bbox 1438 1961 1548 2012; x_wconf 83' lang='lat' dir='ltr'><strong>Deinde.</strong></span> <span class='ocrx_word' id='word_1_574' title='bbox 1567 1976 1647 2027; x_wconf 89' lang='lat' dir='ltr'><strong>quum</strong></span> <span class='ocrx_word' id='word_1_575' title='bbox 1670 1962 1788 2014; x_wconf 86' lang='lat' dir='ltr'><strong>deberent</strong></span> 
     </span>
     <span class='ocr_line' id='line_1_70' title="bbox 1009 2061 1787 2127; baseline 0.004 -17"><span class='ocrx_word' id='word_1_576' title='bbox 1009 2079 1021 2103; x_wconf 90' lang='grc' dir='ltr'>ι</span> <span class='ocrx_word' id='word_1_577' title='bbox 1035 2063 1108 2111; x_wconf 89' lang='lat' dir='ltr'><strong>eante</strong></span> <span class='ocrx_word' id='word_1_578' title='bbox 1128 2063 1154 2111; x_wconf 89' lang='lat' dir='ltr'>el</span> <span class='ocrx_word' id='word_1_579' title='bbox 1176 2061 1313 2126; x_wconf 85' lang='lat' dir='ltr'><strong>prudenter</strong></span> <span class='ocrx_word' id='word_1_580' title='bbox 1336 2061 1418 2111; x_wconf 89' lang='lat' dir='ltr'><strong>omnia</strong></span> <span class='ocrx_word' id='word_1_581' title='bbox 1442 2074 1527 2125; x_wconf 78' lang='lat' dir='ltr'><strong>agere,</strong></span> <span class='ocrx_word' id='word_1_582' title='bbox 1550 2065 1705 2127; x_wconf 87' lang='lat' dir='ltr'><strong>reputantes,</strong></span> <span class='ocrx_word' id='word_1_583' title='bbox 1730 2077 1787 2113; x_wconf 88' lang='lat' dir='ltr'>cnm</span> 
     </span>
     <span class='ocr_line' id='line_1_71' title="bbox 1009 2161 1787 2228; baseline 0.01 -18"><span class='ocrx_word' id='word_1_584' title='bbox 1009 2163 1128 2214; x_wconf 76' lang='lat' dir='ltr'><strong>«talibus</strong></span> <span class='ocrx_word' id='word_1_585' title='bbox 1146 2162 1207 2213; x_wconf 82' lang='lat' dir='ltr'><strong>viris</strong></span> <span class='ocrx_word' id='word_1_586' title='bbox 1219 2166 1245 2213; x_wconf 86' lang='lat' dir='ltr'>et</span> <span class='ocrx_word' id='word_1_587' title='bbox 1259 2161 1405 2214; x_wconf 78' lang='lat' dir='ltr'><strong>fortioribus</strong></span> <span class='ocrx_word' id='word_1_588' title='bbox 1418 2179 1470 2215; x_wconf 88' lang='lat' dir='ltr'>rem</span> <span class='ocrx_word' id='word_1_589' title='bbox 1491 2165 1537 2215; x_wconf 90' lang='lat' dir='ltr'><strong>sibi</strong></span> <span class='ocrx_word' id='word_1_590' title='bbox 1557 2164 1625 2228; x_wconf 89' lang='lat' dir='ltr'><strong>fore,</strong></span> <span class='ocrx_word' id='word_1_591' title='bbox 1644 2170 1729 2217; x_wconf 87' lang='lat' dir='ltr'><strong>tamen</strong></span> <span class='ocrx_word' id='word_1_592' title='bbox 1740 2182 1787 2217; x_wconf 87' lang='lat' dir='ltr'>au·</span> 
     </span>
     <span class='ocr_line' id='line_1_72' title="bbox 1010 2265 1788 2336; baseline 0.008 -22"><span class='ocrx_word' id='word_1_593' title='bbox 1010 2288 1022 2311; x_wconf 88' lang='grc' dir='ltr'>ιι</span> <span class='ocrx_word' id='word_1_594' title='bbox 1036 2265 1123 2317; x_wconf 86' lang='lat' dir='ltr'><strong>dacter</strong></span> <span class='ocrx_word' id='word_1_595' title='bbox 1139 2269 1166 2317; x_wconf 87' lang='lat' dir='ltr'>el</span> <span class='ocrx_word' id='word_1_596' title='bbox 1186 2265 1367 2317; x_wconf 88' lang='lat' dir='ltr'><strong>inconsiderate</strong></span> <span class='ocrx_word' id='word_1_597' title='bbox 1380 2266 1405 2317; x_wconf 91' lang='lat' dir='ltr'>in</span> <span class='ocrx_word' id='word_1_598' title='bbox 1423 2267 1539 2333; x_wconf 87' lang='lat' dir='ltr'><strong>proelium</strong></span> <span class='ocrx_word' id='word_1_599' title='bbox 1552 2273 1629 2319; x_wconf 86' lang='lat' dir='ltr'><strong>ruunt</strong></span> <span class='ocrx_word' id='word_1_600' title='bbox 1639 2310 1645 2328; x_wconf 94' lang='lat'><strong>,</strong></span> <span class='ocrx_word' id='word_1_601' title='bbox 1656 2271 1729 2335; x_wconf 86' lang='lat' dir='ltr'><strong>quasi</strong></span> <span class='ocrx_word' id='word_1_602' title='bbox 1740 2271 1788 2336; x_wconf 89' lang='lat' dir='ltr'><strong>ipsi</strong></span> 
     </span>
     <span class='ocr_line' id='line_1_73' title="bbox 1009 2371 1786 2431; baseline 0 -8"><span class='ocrx_word' id='word_1_603' title='bbox 1009 2391 1022 2415; x_wconf 92' lang='grc' dir='ltr'>ι</span> <span class='ocrx_word' id='word_1_604' title='bbox 1035 2371 1085 2423; x_wconf 93' lang='lat' dir='ltr'><strong>sint</strong></span> <span class='ocrx_word' id='word_1_605' title='bbox 1097 2371 1190 2431; x_wconf 77' lang='lat' dir='ltr'><strong>invicti,</strong></span> <span class='ocrx_word' id='word_1_606' title='bbox 1201 2385 1247 2422; x_wconf 89' lang='lat' dir='ltr'>nos</span> <span class='ocrx_word' id='word_1_607' title='bbox 1256 2384 1316 2422; x_wconf 84' lang='lat' dir='ltr'><strong>vero</strong></span> <span class='ocrx_word' id='word_1_608' title='bbox 1328 2384 1414 2422; x_wconf 89' lang='lat' dir='ltr'><strong>eorum</strong></span> <span class='ocrx_word' id='word_1_609' title='bbox 1424 2371 1615 2422; x_wconf 77' lang='lat' dir='ltr'><strong>audacissimus</strong></span> <span class='ocrx_word' id='word_1_610' title='bbox 1627 2373 1786 2423; x_wconf 77' lang='lat' dir='ltr'><strong>consternati,</strong></span> 
     </span>
     <span class='ocr_line' id='line_1_74' title="bbox 1008 2470 1787 2534; baseline 0.005 -13"><span class='ocrx_word' id='word_1_611' title='bbox 1008 2490 1021 2515; x_wconf 83' lang='grc' dir='ltr'>ι</span> <span class='ocrx_word' id='word_1_612' title='bbox 1037 2471 1091 2522; x_wconf 80' lang='grc' dir='ltr'>ΙΙΙω</span> <span class='ocrx_word' id='word_1_613' title='bbox 1099 2471 1165 2523; x_wconf 91' lang='lat' dir='ltr'><strong>enim</strong></span> <span class='ocrx_word' id='word_1_614' title='bbox 1183 2470 1441 2534; x_wconf 80' lang='lat' dir='ltr'><strong>urcumvatlanones,</strong></span> <span class='ocrx_word' id='word_1_615' title='bbox 1453 2475 1479 2521; x_wconf 89' lang='lat' dir='ltr'>et</span> <span class='ocrx_word' id='word_1_616' title='bbox 1492 2476 1631 2523; x_wconf 82' lang='lat' dir='ltr'><strong>castrorum</strong></span> <span class='ocrx_word' id='word_1_617' title='bbox 1645 2478 1787 2525; x_wconf 83' lang='lat' dir='ltr'><strong>nostrornm</strong></span> 
     </span>
     <span class='ocr_line' id='line_1_75' title="bbox 1009 2572 1787 2638; baseline 0.004 -17"><span class='ocrx_word' id='word_1_618' title='bbox 1009 2572 1253 2638; x_wconf 72' lang='lat' dir='ltr'><strong>«obequitaliones&#39;,</strong></span> <span class='ocrx_word' id='word_1_619' title='bbox 1270 2576 1297 2623; x_wconf 86' lang='lat' dir='ltr'>el</span> <span class='ocrx_word' id='word_1_620' title='bbox 1317 2572 1406 2623; x_wconf 73' lang='lat' dir='ltr'><strong>multis</strong></span> <span class='ocrx_word' id='word_1_621' title='bbox 1430 2572 1531 2623; x_wconf 87' lang='lat' dir='ltr'><strong>illorum</strong></span> <span class='ocrx_word' id='word_1_622' title='bbox 1552 2576 1606 2623; x_wconf 89' lang='lat' dir='ltr'>tum</span> <span class='ocrx_word' id='word_1_623' title='bbox 1621 2574 1717 2633; x_wconf 81' lang='lat' dir='ltr'><strong>verbis,</strong></span> <span class='ocrx_word' id='word_1_624' title='bbox 1733 2578 1787 2624; x_wconf 93' lang='lat' dir='ltr'>tum</span> 
     </span>
     <span class='ocr_line' id='line_1_76' title="bbox 1008 2677 1787 2744; baseline 0.001 -16"><span class='ocrx_word' id='word_1_625' title='bbox 1008 2698 1020 2721; x_wconf 88' lang='grc' dir='ltr'>ι</span> <span class='ocrx_word' id='word_1_626' title='bbox 1036 2677 1124 2737; x_wconf 86' lang='lat' dir='ltr'><strong>factis,</strong></span> <span class='ocrx_word' id='word_1_627' title='bbox 1150 2678 1310 2730; x_wconf 62' lang='lat' dir='ltr'><strong>contumelia</strong></span> <span class='ocrx_word' id='word_1_628' title='bbox 1334 2679 1382 2728; x_wconf 92' lang='lat' dir='ltr'>boc</span> <span class='ocrx_word' id='word_1_629' title='bbox 1403 2678 1583 2730; x_wconf 87' lang='lat' dir='ltr'><strong>demonstrant.</strong></span> <span class='ocrx_word' id='word_1_630' title='bbox 1625 2680 1686 2729; x_wconf 76' lang='lat' dir='ltr'><strong>llaec</strong></span> <span class='ocrx_word' id='word_1_631' title='bbox 1710 2679 1787 2744; x_wconf 78' lang='lat' dir='ltr'><strong>igitur</strong></span> 
     </span>
     <span class='ocr_line' id='line_1_77' title="bbox 1007 2777 1788 2843; baseline 0.01 -20"><span class='ocrx_word' id='word_1_632' title='bbox 1007 2798 1021 2823; x_wconf 85' lang='grc' dir='ltr'>ιι</span> <span class='ocrx_word' id='word_1_633' title='bbox 1036 2778 1185 2843; x_wconf 77' lang='lat' dir='ltr'><strong>cogitantes,</strong></span> <span class='ocrx_word' id='word_1_634' title='bbox 1209 2781 1236 2829; x_wconf 90' lang='lat' dir='ltr'>el</span> <span class='ocrx_word' id='word_1_635' title='bbox 1258 2778 1416 2843; x_wconf 83' lang='lat' dir='ltr'><strong>superiorum</strong></span> <span class='ocrx_word' id='word_1_636' title='bbox 1434 2777 1578 2843; x_wconf 86' lang='lat' dir='ltr'><strong>proeliernm</strong></span> <span class='ocrx_word' id='word_1_637' title='bbox 1598 2778 1737 2830; x_wconf 87' lang='lat' dir='ltr'><strong>mullorum</strong></span> <span class='ocrx_word' id='word_1_638' title='bbox 1758 2794 1788 2831; x_wconf 93' lang='lat' dir='ltr'><strong>ac</strong></span> 
     </span>
     <span class='ocr_line' id='line_1_78' title="bbox 1007 2879 1786 2944; baseline 0.009 -20"><span class='ocrx_word' id='word_1_639' title='bbox 1007 2899 1019 2924; x_wconf 93' lang='grc' dir='ltr'>ιι</span> <span class='ocrx_word' id='word_1_640' title='bbox 1034 2879 1209 2944; x_wconf 72' lang='lat' dir='ltr'><strong>puteolanorum</strong></span> <span class='ocrx_word' id='word_1_641' title='bbox 1221 2892 1359 2939; x_wconf 86' lang='lat' dir='ltr'><strong>memores,</strong></span> <span class='ocrx_word' id='word_1_642' title='bbox 1373 2879 1399 2929; x_wconf 93' lang='lat' dir='ltr'>in</span> <span class='ocrx_word' id='word_1_643' title='bbox 1415 2879 1508 2944; x_wconf 89' lang='lat' dir='ltr'><strong>quibus</strong></span> <span class='ocrx_word' id='word_1_644' title='bbox 1518 2894 1562 2930; x_wconf 91' lang='lat' dir='ltr'>eos</span> <span class='ocrx_word' id='word_1_645' title='bbox 1577 2879 1687 2942; x_wconf 84' lang='lat' dir='ltr'><strong>vicistis,</strong></span> <span class='ocrx_word' id='word_1_646' title='bbox 1701 2879 1786 2932; x_wconf 83' lang='lat' dir='ltr'><strong>alacri·</strong></span> 
     </span>
     <span class='ocr_line' id='line_1_79' title="bbox 1007 2979 1787 3046; baseline 0.003 -16"><span class='ocrx_word' id='word_1_647' title='bbox 1007 3001 1019 3024; x_wconf 89' lang='grc' dir='ltr'>ι</span> <span class='ocrx_word' id='word_1_648' title='bbox 1035 2984 1073 3031; x_wconf 89' lang='lat' dir='ltr'>ter</span> <span class='ocrx_word' id='word_1_649' title='bbox 1089 2979 1121 3030; x_wconf 92' lang='lat' dir='ltr'><strong>ad</strong></span> <span class='ocrx_word' id='word_1_650' title='bbox 1133 2980 1181 3030; x_wconf 88' lang='lat' dir='ltr'>boc</span> <span class='ocrx_word' id='word_1_651' title='bbox 1194 2993 1295 3046; x_wconf 85' lang='lat' dir='ltr'><strong>quoque</strong></span> <span class='ocrx_word' id='word_1_652' title='bbox 1307 2979 1422 3045; x_wconf 78' lang='lat' dir='ltr'><strong>proelium</strong></span> <span class='ocrx_word' id='word_1_653' title='bbox 1432 2981 1466 3031; x_wconf 88' lang='lat' dir='ltr'>ite</span> <span class='ocrx_word' id='word_1_654' title='bbox 1481 3001 1487 3030; x_wconf 75' lang='grc' dir='ltr'>ε</span> <span class='ocrx_word' id='word_1_655' title='bbox 1503 2984 1529 3031; x_wconf 90' lang='lat' dir='ltr'>et</span> <span class='ocrx_word' id='word_1_656' title='bbox 1541 2980 1629 3046; x_wconf 87' lang='lat' dir='ltr'><strong>inquo</strong></span> <span class='ocrx_word' id='word_1_657' title='bbox 1642 2980 1697 3031; x_wconf 80' lang='lat' dir='ltr'><strong>loen</strong></span> <span class='ocrx_word' id='word_1_658' title='bbox 1709 2995 1787 3032; x_wconf 91' lang='lat' dir='ltr'><strong>unus·</strong></span> 
     </span>
     <span class='ocr_line' id='line_1_80' title="bbox 1006 3080 1786 3148; baseline 0.01 -22"><span class='ocrx_word' id='word_1_659' title='bbox 1006 3103 1019 3126; x_wconf 85' lang='grc' dir='ltr'>ιι</span> <span class='ocrx_word' id='word_1_660' title='bbox 1035 3081 1145 3148; x_wconf 73' lang='lat' dir='ltr'><strong>qusque</strong></span> <span class='ocrx_word' id='word_1_661' title='bbox 1161 3085 1273 3132; x_wconf 83' lang='lat' dir='ltr'><strong>vestrum</strong></span> <span class='ocrx_word' id='word_1_662' title='bbox 1286 3080 1364 3133; x_wconf 83' lang='lat' dir='ltr'><strong>fuerit</strong></span> <span class='ocrx_word' id='word_1_663' title='bbox 1382 3081 1532 3144; x_wconf 84' lang='lat' dir='ltr'><strong>collocatus,</strong></span> <span class='ocrx_word' id='word_1_664' title='bbox 1549 3096 1608 3133; x_wconf 87' lang='lat' dir='ltr'>eum</span> <span class='ocrx_word' id='word_1_665' title='bbox 1622 3082 1670 3134; x_wconf 91' lang='lat' dir='ltr'><strong>sibi</strong></span> <span class='ocrx_word' id='word_1_666' title='bbox 1683 3083 1786 3134; x_wconf 88' lang='lat' dir='ltr'><strong>domum</strong></span> 
     </span>
     <span class='ocr_line' id='line_1_81' title="bbox 1006 3187 1787 3254; baseline 0.005 -18"><span class='ocrx_word' id='word_1_667' title='bbox 1006 3207 1018 3230; x_wconf 88' lang='grc' dir='ltr'>ι</span> <span class='ocrx_word' id='word_1_668' title='bbox 1035 3189 1061 3237; x_wconf 89' lang='lat' dir='ltr'>el</span> <span class='ocrx_word' id='word_1_669' title='bbox 1078 3200 1167 3251; x_wconf 75' lang='lat' dir='ltr'><strong>agrum</strong></span> <span class='ocrx_word' id='word_1_670' title='bbox 1182 3190 1259 3251; x_wconf 81' lang='lat' dir='ltr'><strong>etque</strong></span> <span class='ocrx_word' id='word_1_671' title='bbox 1278 3187 1385 3252; x_wconf 82' lang='lat' dir='ltr'><strong>patriam</strong></span> <span class='ocrx_word' id='word_1_672' title='bbox 1398 3187 1492 3251; x_wconf 83' lang='lat' dir='ltr'><strong>dueat;</strong></span> <span class='ocrx_word' id='word_1_673' title='bbox 1502 3191 1528 3238; x_wconf 90' lang='lat' dir='ltr'>el</span> <span class='ocrx_word' id='word_1_674' title='bbox 1541 3188 1586 3254; x_wconf 82' lang='lat' dir='ltr'>qui</span> <span class='ocrx_word' id='word_1_675' title='bbox 1597 3202 1673 3240; x_wconf 90' lang='lat' dir='ltr'><strong>suum</strong></span> <span class='ocrx_word' id='word_1_676' title='bbox 1691 3189 1787 3240; x_wconf 85' lang='lat' dir='ltr'><strong>socium</strong></span> 
     </span>
     <span class='ocr_line' id='line_1_82' title="bbox 1006 3290 1787 3359; baseline -0.003 -16"><span class='ocrx_word' id='word_1_677' title='bbox 1006 3314 1018 3337; x_wconf 88' lang='grc' dir='ltr'>ιι</span> <span class='ocrx_word' id='word_1_678' title='bbox 1033 3292 1079 3343; x_wconf 91' lang='lat' dir='ltr'><strong>sibi</strong></span> <span class='ocrx_word' id='word_1_679' title='bbox 1090 3293 1116 3342; x_wconf 91' lang='lat' dir='ltr'>in</span> <span class='ocrx_word' id='word_1_680' title='bbox 1128 3293 1181 3344; x_wconf 90' lang='lat' dir='ltr'><strong>acie</strong></span> <span class='ocrx_word' id='word_1_681' title='bbox 1195 3293 1338 3359; x_wconf 81' lang='lat' dir='ltr'><strong>proximum</strong></span> <span class='ocrx_word' id='word_1_682' title='bbox 1353 3294 1475 3353; x_wconf 76' lang='lat' dir='ltr'><strong>retranit,</strong></span> <span class='ocrx_word' id='word_1_683' title='bbox 1494 3304 1547 3342; x_wconf 72' lang='lat' dir='ltr'><strong>snae</strong></span> <span class='ocrx_word' id='word_1_684' title='bbox 1563 3290 1639 3343; x_wconf 87' lang='lat' dir='ltr'><strong>saluti</strong></span> <span class='ocrx_word' id='word_1_685' title='bbox 1654 3304 1681 3343; x_wconf 91' lang='lat' dir='ltr'>se</span> <span class='ocrx_word' id='word_1_686' title='bbox 1694 3305 1787 3343; x_wconf 89' lang='lat' dir='ltr'><strong>oonsu-</strong></span> 
     </span>
     <span class='ocr_line' id='line_1_83' title="bbox 1006 3392 1785 3459; baseline 0 -15"><span class='ocrx_word' id='word_1_687' title='bbox 1006 3395 1109 3446; x_wconf 79' lang='lat' dir='ltr'><strong>«luisse</strong></span> <span class='ocrx_word' id='word_1_688' title='bbox 1131 3397 1218 3459; x_wconf 87' lang='lat' dir='ltr'><strong>putet,</strong></span> <span class='ocrx_word' id='word_1_689' title='bbox 1242 3398 1268 3445; x_wconf 89' lang='lat' dir='ltr'>et</span> <span class='ocrx_word' id='word_1_690' title='bbox 1287 3394 1333 3459; x_wconf 78' lang='lat' dir='ltr'>qni</span> <span class='ocrx_word' id='word_1_691' title='bbox 1353 3393 1462 3444; x_wconf 88' lang='lat' dir='ltr'><strong>sodalem</strong></span> <span class='ocrx_word' id='word_1_692' title='bbox 1478 3392 1630 3454; x_wconf 83' lang='lat' dir='ltr'><strong>deseruerit,</strong></span> <span class='ocrx_word' id='word_1_693' title='bbox 1653 3407 1680 3444; x_wconf 88' lang='lat' dir='ltr'>se</span> <span class='ocrx_word' id='word_1_694' title='bbox 1703 3394 1785 3457; x_wconf 88' lang='lat' dir='ltr'><strong>ipsum</strong></span> 
     </span>
     <span class='ocr_line' id='line_1_84' title="bbox 1006 3492 1786 3560; baseline 0 -15"><span class='ocrx_word' id='word_1_695' title='bbox 1006 3516 1018 3539; x_wconf 86' lang='grc' dir='ltr'>ιι</span> <span class='ocrx_word' id='word_1_696' title='bbox 1031 3494 1149 3545; x_wconf 85' lang='lat' dir='ltr'><strong>hostibus</strong></span> <span class='ocrx_word' id='word_1_697' title='bbox 1165 3493 1304 3560; x_wconf 88' lang='lat' dir='ltr'><strong>prodidisse</strong></span> <span class='ocrx_word' id='word_1_698' title='bbox 1326 3493 1470 3545; x_wconf 88' lang='lat' dir='ltr'><strong>arbitretur.</strong></span> <span class='ocrx_word' id='word_1_699' title='bbox 1513 3493 1563 3544; x_wconf 84' lang='lat' dir='ltr'>Sed</span> <span class='ocrx_word' id='word_1_700' title='bbox 1580 3492 1645 3544; x_wconf 90' lang='lat' dir='ltr'><strong>illud</strong></span> <span class='ocrx_word' id='word_1_701' title='bbox 1661 3495 1786 3560; x_wconf 69' lang='lat' dir='ltr'><strong>perscipue</strong></span> 
     </span>
     <span class='ocr_line' id='line_1_85' title="bbox 1007 3593 1784 3658; baseline 0 -14"><span class='ocrx_word' id='word_1_702' title='bbox 1007 3616 1019 3637; x_wconf 82' lang='grc' dir='ltr'>ιι</span> <span class='ocrx_word' id='word_1_703' title='bbox 1036 3594 1217 3655; x_wconf 90' lang='lat' dir='ltr'><strong>memineritis,</strong></span> <span class='ocrx_word' id='word_1_704' title='bbox 1235 3594 1346 3644; x_wconf 78' lang='lat' dir='ltr'><strong>virorum</strong></span> <span class='ocrx_word' id='word_1_705' title='bbox 1369 3593 1472 3644; x_wconf 89' lang='lat' dir='ltr'><strong>fortium</strong></span> <span class='ocrx_word' id='word_1_706' title='bbox 1495 3607 1525 3643; x_wconf 88' lang='lat' dir='ltr'><strong>ac</strong></span> <span class='ocrx_word' id='word_1_707' title='bbox 1547 3593 1710 3658; x_wconf 72' lang='lat' dir='ltr'><strong>pugnantium</strong></span> <span class='ocrx_word' id='word_1_708' title='bbox 1729 3594 1784 3644; x_wconf 81' lang='lat' dir='ltr'><strong>eni-</strong></span> 
     </span>
     <span class='ocr_line' id='line_1_86' title="bbox 1007 3696 1785 3764; baseline -0.001 -14"><span class='ocrx_word' id='word_1_709' title='bbox 1007 3720 1019 3744; x_wconf 91' lang='grc' dir='ltr'>ιι</span> <span class='ocrx_word' id='word_1_710' title='bbox 1033 3714 1110 3764; x_wconf 80' lang='lat' dir='ltr'><strong>guum</strong></span> <span class='ocrx_word' id='word_1_711' title='bbox 1127 3712 1261 3750; x_wconf 90' lang='lat' dir='ltr'><strong>numerum</strong></span> <span class='ocrx_word' id='word_1_712' title='bbox 1272 3698 1373 3757; x_wconf 85' lang='lat' dir='ltr'><strong>eadere.</strong></span> <span class='ocrx_word' id='word_1_713' title='bbox 1389 3698 1562 3750; x_wconf 89' lang='lat' dir='ltr'><strong>inelinanlium</strong></span> <span class='ocrx_word' id='word_1_714' title='bbox 1572 3712 1632 3750; x_wconf 84' lang='lat' dir='ltr'><strong>vero</strong></span> <span class='ocrx_word' id='word_1_715' title='bbox 1641 3712 1671 3750; x_wconf 90' lang='lat' dir='ltr'><strong>ac</strong></span> <span class='ocrx_word' id='word_1_716' title='bbox 1685 3696 1785 3762; x_wconf 56' lang='lat' dir='ltr'><strong>fugien-</strong></span> 
     </span>
     <span class='ocr_line' id='line_1_87' title="bbox 1007 3799 1428 3868; baseline -0.002 -20"><span class='ocrx_word' id='word_1_717' title='bbox 1007 3823 1020 3848; x_wconf 85' lang='grc' dir='ltr'>ιι</span> <span class='ocrx_word' id='word_1_718' title='bbox 1034 3802 1097 3853; x_wconf 88' lang='lat' dir='ltr'><strong>tium</strong></span> <span class='ocrx_word' id='word_1_719' title='bbox 1109 3800 1273 3868; x_wconf 78' lang='lat' dir='ltr'><strong>perexiguum</strong></span> <span class='ocrx_word' id='word_1_720' title='bbox 1287 3799 1401 3853; x_wconf 80' lang='lat' dir='ltr'><strong>evadere.</strong></span> <span class='ocrx_word' id='word_1_721' title='bbox 1415 3820 1428 3847; x_wconf 85' lang='grc' dir='ltr'>ιι</span> 
     </span>
    </p>
   </div>
   <div class='ocr_carea' id='block_1_6' title="bbox 1003 4151 1786 4920">
    <p class='ocr_par' dir='ltr' id='par_1_57' title="bbox 1003 4151 1786 4920">
     <span class='ocr_line' id='line_1_88' title="bbox 1037 4151 1786 4210; baseline -0.007 0"><span class='ocrx_word' id='word_1_722' title='bbox 1037 4159 1244 4210; x_wconf 62' lang='lat' dir='ltr'><strong>illucentem</strong></span> <span class='ocrx_word' id='word_1_723' title='bbox 1265 4170 1295 4209; x_wconf 91' lang='lat' dir='ltr'>eo</span> <span class='ocrx_word' id='word_1_724' title='bbox 1308 4155 1391 4207; x_wconf 90' lang='lat' dir='ltr'><strong>adhuc</strong></span> <span class='ocrx_word' id='word_1_725' title='bbox 1411 4153 1443 4206; x_wconf 92' lang='lat' dir='ltr'><strong>ad</strong></span> <span class='ocrx_word' id='word_1_726' title='bbox 1463 4151 1645 4205; x_wconf 71' lang='lat' dir='ltr'><strong>ementiendam</strong></span> <span class='ocrx_word' id='word_1_727' title='bbox 1667 4152 1786 4205; x_wconf 83' lang='lat' dir='ltr'><strong>militnm</strong></span> 
     </span>
     <span class='ocr_line' id='line_1_89' title="bbox 1006 4240 1785 4304; baseline -0.008 -7"><span class='ocrx_word' id='word_1_728' title='bbox 1006 4247 1180 4299; x_wconf 88' lang='lat' dir='ltr'><strong>fortitudinem</strong></span> <span class='ocrx_word' id='word_1_729' title='bbox 1198 4245 1310 4304; x_wconf 86' lang='lat' dir='ltr'><strong>dicente,</strong></span> <span class='ocrx_word' id='word_1_730' title='bbox 1329 4245 1462 4297; x_wconf 81' lang='lat' dir='ltr'><strong>simultas</strong></span> <span class='ocrx_word' id='word_1_731' title='bbox 1480 4243 1596 4294; x_wconf 81' lang='lat' dir='ltr'><strong>lacrimas</strong></span> <span class='ocrx_word' id='word_1_732' title='bbox 1615 4242 1681 4292; x_wconf 87' lang='lat' dir='ltr'><strong>inter</strong></span> <span class='ocrx_word' id='word_1_733' title='bbox 1698 4240 1785 4292; x_wconf 89' lang='lat' dir='ltr'><strong>dicen-</strong></span> 
     </span>
     <span class='ocr_line' id='line_1_90' title="bbox 1005 4331 1785 4394; baseline -0.008 -7"><span class='ocrx_word' id='word_1_734' title='bbox 1005 4336 1066 4387; x_wconf 89' lang='lat' dir='ltr'>dum</span> <span class='ocrx_word' id='word_1_735' title='bbox 1085 4335 1243 4394; x_wconf 81' lang='lat' dir='ltr'><strong>effundente,</strong></span> <span class='ocrx_word' id='word_1_736' title='bbox 1261 4339 1286 4386; x_wconf 89' lang='lat' dir='ltr'>et</span> <span class='ocrx_word' id='word_1_737' title='bbox 1300 4334 1475 4385; x_wconf 83' lang='lat' dir='ltr'><strong>centurionum</strong></span> <span class='ocrx_word' id='word_1_738' title='bbox 1494 4337 1520 4383; x_wconf 89' lang='lat' dir='ltr'>et</span> <span class='ocrx_word' id='word_1_739' title='bbox 1536 4331 1694 4383; x_wconf 82' lang='lat' dir='ltr'><strong>tribunorum</strong></span> <span class='ocrx_word' id='word_1_740' title='bbox 1708 4334 1785 4394; x_wconf 89' lang='lat' dir='ltr'><strong>atque</strong></span> 
     </span>
     <span class='ocr_line' id='line_1_91' title="bbox 1005 4420 1786 4488; baseline -0.006 -12"><span class='ocrx_word' id='word_1_741' title='bbox 1005 4425 1111 4476; x_wconf 88' lang='lat' dir='ltr'><strong>aliomm</strong></span> <span class='ocrx_word' id='word_1_742' title='bbox 1125 4424 1234 4475; x_wconf 88' lang='lat' dir='ltr'><strong>militnm</strong></span> <span class='ocrx_word' id='word_1_743' title='bbox 1247 4437 1451 4488; x_wconf 86' lang='lat' dir='ltr'><strong>unumquemque</strong></span> <span class='ocrx_word' id='word_1_744' title='bbox 1465 4422 1564 4473; x_wconf 90' lang='lat' dir='ltr'><strong>illustre</strong></span> <span class='ocrx_word' id='word_1_745' title='bbox 1572 4422 1675 4487; x_wconf 87' lang='lat' dir='ltr'><strong>aliquod</strong></span> <span class='ocrx_word' id='word_1_746' title='bbox 1687 4420 1786 4471; x_wconf 85' lang='lat' dir='ltr'><strong>facinus</strong></span> 
     </span>
     <span class='ocr_line' id='line_1_92' title="bbox 1004 4510 1785 4578; baseline -0.008 -13"><span class='ocrx_word' id='word_1_747' title='bbox 1004 4516 1030 4565; x_wconf 90' lang='lat' dir='ltr'>in</span> <span class='ocrx_word' id='word_1_748' title='bbox 1044 4513 1137 4578; x_wconf 85' lang='lat' dir='ltr'><strong>proeliis</strong></span> <span class='ocrx_word' id='word_1_749' title='bbox 1152 4512 1260 4564; x_wconf 87' lang='lat' dir='ltr'><strong>edidisse</strong></span> <span class='ocrx_word' id='word_1_750' title='bbox 1282 4512 1388 4571; x_wconf 84' lang='lat' dir='ltr'><strong>sciebat,</strong></span> <span class='ocrx_word' id='word_1_751' title='bbox 1412 4511 1557 4563; x_wconf 85' lang='lat' dir='ltr'><strong>nominatim</strong></span> <span class='ocrx_word' id='word_1_752' title='bbox 1585 4510 1737 4576; x_wconf 85' lang='lat' dir='ltr'><strong>appellante,</strong></span> <span class='ocrx_word' id='word_1_753' title='bbox 1759 4512 1785 4560; x_wconf 92' lang='lat' dir='ltr'>et</span> 
     </span>
     <span class='ocr_line' id='line_1_93' title="bbox 1005 4600 1785 4667; baseline -0.008 -14"><span class='ocrx_word' id='word_1_754' title='bbox 1005 4603 1084 4654; x_wconf 83' lang='lat' dir='ltr'><strong>multa</strong></span> <span class='ocrx_word' id='word_1_755' title='bbox 1103 4616 1133 4652; x_wconf 91' lang='lat' dir='ltr'><strong>ac</strong></span> <span class='ocrx_word' id='word_1_756' title='bbox 1150 4615 1239 4666; x_wconf 82' lang='lat' dir='ltr'><strong>magna</strong></span> <span class='ocrx_word' id='word_1_757' title='bbox 1258 4600 1475 4667; x_wconf 69' lang='lat' dir='ltr'><strong>premiserimus</strong></span> <span class='ocrx_word' id='word_1_758' title='bbox 1492 4612 1575 4666; x_wconf 75' lang='lat' dir='ltr'><strong>operas</strong></span> <span class='ocrx_word' id='word_1_759' title='bbox 1590 4600 1616 4649; x_wconf 92' lang='lat' dir='ltr'>in</span> <span class='ocrx_word' id='word_1_760' title='bbox 1636 4611 1719 4663; x_wconf 77' lang='lat' dir='ltr'><strong>pugne</strong></span> <span class='ocrx_word' id='word_1_761' title='bbox 1739 4610 1785 4647; x_wconf 85' lang='lat' dir='ltr'>na·</span> 
     </span>
     <span class='ocr_line' id='line_1_94' title="bbox 1004 4686 1782 4756; baseline -0.008 -15"><span class='ocrx_word' id='word_1_762' title='bbox 1004 4694 1070 4742; x_wconf 78' lang='lat' dir='ltr'><strong>vata</strong></span> <span class='ocrx_word' id='word_1_763' title='bbox 1090 4704 1136 4756; x_wconf 91' lang='lat' dir='ltr'>pro</span> <span class='ocrx_word' id='word_1_764' title='bbox 1152 4703 1236 4740; x_wconf 88' lang='lat' dir='ltr'><strong>rerum</strong></span> <span class='ocrx_word' id='word_1_765' title='bbox 1256 4689 1426 4753; x_wconf 76' lang='lat' dir='ltr'><strong>magnitudine</strong></span> <span class='ocrx_word' id='word_1_766' title='bbox 1452 4702 1480 4740; x_wconf 90' lang='lat' dir='ltr'>se</span> <span class='ocrx_word' id='word_1_767' title='bbox 1498 4687 1618 4739; x_wconf 85' lang='lat' dir='ltr'><strong>datumm</strong></span> <span class='ocrx_word' id='word_1_768' title='bbox 1636 4686 1782 4751; x_wconf 86' lang='lat' dir='ltr'><strong>pollicente,</strong></span> 
     </span>
     <span class='ocr_line' id='line_1_95' title="bbox 1004 4774 1784 4842; baseline -0.01 -10"><span class='ocrx_word' id='word_1_769' title='bbox 1004 4780 1075 4832; x_wconf 83' lang='lat' dir='ltr'><strong>velut</strong></span> <span class='ocrx_word' id='word_1_770' title='bbox 1088 4779 1194 4831; x_wconf 83' lang='lat' dir='ltr'><strong>bonores</strong></span> <span class='ocrx_word' id='word_1_771' title='bbox 1207 4781 1233 4830; x_wconf 94' lang='lat' dir='ltr'>et</span> <span class='ocrx_word' id='word_1_772' title='bbox 1245 4778 1348 4829; x_wconf 84' lang='lat' dir='ltr'><strong>divitias</strong></span> <span class='ocrx_word' id='word_1_773' title='bbox 1358 4782 1437 4842; x_wconf 80' lang='lat' dir='ltr'><strong>atoue</strong></span> <span class='ocrx_word' id='word_1_774' title='bbox 1448 4777 1497 4829; x_wconf 86' lang='lat' dir='ltr'><strong>alia</strong></span> <span class='ocrx_word' id='word_1_775' title='bbox 1517 4774 1647 4828; x_wconf 85' lang='lat' dir='ltr'><strong>commoda</strong></span> <span class='ocrx_word' id='word_1_776' title='bbox 1662 4789 1669 4820; x_wconf 78' lang='grc' dir='ltr'>ι</span> <span class='ocrx_word' id='word_1_777' title='bbox 1683 4775 1784 4825; x_wconf 84' lang='lat' dir='ltr'><strong>concla-</strong></span> 
     </span>
     <span class='ocr_line' id='line_1_96' title="bbox 1003 4863 1784 4920; baseline -0.009 0"><span class='ocrx_word' id='word_1_778' title='bbox 1003 4873 1101 4920; x_wconf 87' lang='lat' dir='ltr'><strong>matum</strong></span> <span class='ocrx_word' id='word_1_779' title='bbox 1119 4871 1158 4918; x_wconf 89' lang='lat' dir='ltr'>est</span> <span class='ocrx_word' id='word_1_780' title='bbox 1173 4865 1205 4917; x_wconf 93' lang='lat' dir='ltr'><strong>ab</strong></span> <span class='ocrx_word' id='word_1_781' title='bbox 1219 4865 1335 4917; x_wconf 88' lang='lat' dir='ltr'><strong>omnibus</strong></span> <span class='ocrx_word' id='word_1_782' title='bbox 1347 4880 1405 4916; x_wconf 88' lang='lat' dir='ltr'>eum</span> <span class='ocrx_word' id='word_1_783' title='bbox 1426 4864 1491 4915; x_wconf 93' lang='lat' dir='ltr'><strong>bono</strong></span> <span class='ocrx_word' id='word_1_784' title='bbox 1504 4877 1560 4915; x_wconf 89' lang='lat' dir='ltr'><strong>esse</strong></span> <span class='ocrx_word' id='word_1_785' title='bbox 1573 4863 1657 4915; x_wconf 89' lang='lat' dir='ltr'><strong>animo</strong></span> <span class='ocrx_word' id='word_1_786' title='bbox 1673 4863 1784 4914; x_wconf 88' lang='lat' dir='ltr'><strong>iubenti-</strong></span> 
     </span>
    </p>
   </div>
   <div class='ocr_carea' id='block_1_7' title="bbox 1003 4953 1783 5200">
    <p class='ocr_par' dir='ltr' id='par_1_58' title="bbox 1003 4953 1783 5200">
     <span class='ocr_line' id='line_1_97' title="bbox 1004 4953 1782 5019; baseline -0.005 -12"><span class='ocrx_word' id='word_1_787' title='bbox 1004 4956 1066 5019; x_wconf 86' lang='lat' dir='ltr'><strong>bus,</strong></span> <span class='ocrx_word' id='word_1_788' title='bbox 1079 4959 1105 5006; x_wconf 92' lang='lat' dir='ltr'>et</span> <span class='ocrx_word' id='word_1_789' title='bbox 1119 4955 1153 5005; x_wconf 96' lang='lat' dir='ltr'><strong>ad</strong></span> <span class='ocrx_word' id='word_1_790' title='bbox 1167 4954 1281 5019; x_wconf 81' lang='lat' dir='ltr'><strong>proelium</strong></span> <span class='ocrx_word' id='word_1_791' title='bbox 1296 4969 1323 5005; x_wconf 89' lang='lat' dir='ltr'>se</span> <span class='ocrx_word' id='word_1_792' title='bbox 1337 4954 1395 5004; x_wconf 89' lang='lat' dir='ltr'><strong>duci</strong></span> <span class='ocrx_word' id='word_1_793' title='bbox 1407 4953 1602 5019; x_wconf 85' lang='lat' dir='ltr'><strong>postulantibus.</strong></span> <span class='ocrx_word' id='word_1_794' title='bbox 1636 4956 1721 5013; x_wconf 85' lang='lat' dir='ltr'><strong>Quum</strong></span> <span class='ocrx_word' id='word_1_795' title='bbox 1732 4966 1782 5004; x_wconf 85' lang='lat' dir='ltr'>au·</span> 
     </span>
     <span class='ocr_line' id='line_1_98' title="bbox 1003 5042 1783 5109; baseline -0.001 -16"><span class='ocrx_word' id='word_1_796' title='bbox 1003 5045 1055 5093; x_wconf 91' lang='lat' dir='ltr'>tem</span> <span class='ocrx_word' id='word_1_797' title='bbox 1076 5042 1151 5093; x_wconf 86' lang='lat' dir='ltr'><strong>finem</strong></span> <span class='ocrx_word' id='word_1_798' title='bbox 1176 5042 1276 5094; x_wconf 87' lang='lat' dir='ltr'><strong>dicendi</strong></span> <span class='ocrx_word' id='word_1_799' title='bbox 1299 5043 1412 5106; x_wconf 87' lang='lat' dir='ltr'><strong>fecisset,</strong></span> <span class='ocrx_word' id='word_1_800' title='bbox 1442 5043 1600 5108; x_wconf 76' lang='lat' dir='ltr'><strong>progreditur</strong></span> <span class='ocrx_word' id='word_1_801' title='bbox 1623 5042 1727 5109; x_wconf 87' lang='lat' dir='ltr'><strong>quidam</strong></span> <span class='ocrx_word' id='word_1_802' title='bbox 1752 5055 1783 5093; x_wconf 81' lang='lat' dir='ltr'>ex</span> 
     </span>
     <span class='ocr_line' id='line_1_99' title="bbox 1003 5131 1780 5200; baseline 0 -17"><span class='ocrx_word' id='word_1_803' title='bbox 1003 5132 1180 5193; x_wconf 88' lang='lat' dir='ltr'><strong>multitudine,</strong></span> <span class='ocrx_word' id='word_1_804' title='bbox 1197 5136 1231 5185; x_wconf 85' lang='lat' dir='ltr'><strong>u.</strong></span> <span class='ocrx_word' id='word_1_805' title='bbox 1245 5132 1394 5193; x_wconf 81' lang='lat' dir='ltr'><strong>Flauoleius,</strong></span> <span class='ocrx_word' id='word_1_806' title='bbox 1408 5133 1522 5199; x_wconf 89' lang='lat' dir='ltr'><strong>plebeius</strong></span> <span class='ocrx_word' id='word_1_807' title='bbox 1535 5134 1638 5200; x_wconf 86' lang='lat' dir='ltr'><strong>quidem</strong></span> <span class='ocrx_word' id='word_1_808' title='bbox 1652 5138 1677 5185; x_wconf 93' lang='lat' dir='ltr'>et</span> <span class='ocrx_word' id='word_1_809' title='bbox 1687 5131 1780 5199; x_wconf 77' lang='lat' dir='ltr'><strong>opifex,</strong></span> 
     </span>
    </p>
   </div>
   <div class='ocr_carea' id='block_1_8' title="bbox 167 5209 1782 5294">
    <p class='ocr_par' dir='ltr' id='par_1_59' title="bbox 167 5209 1782 5294">
     <span class='ocr_line' id='line_1_100' title="bbox 167 5209 1782 5294; baseline 0.004 -25"><span class='ocrx_word' id='word_1_810' title='bbox 167 5212 228 5289; x_wconf 86' lang='grc' dir='ltr'>γθς,</span> <span class='ocrx_word' id='word_1_811' title='bbox 240 5211 269 5270; x_wconf 85' lang='grc' dir='ltr'>ού</span> <span class='ocrx_word' id='word_1_812' title='bbox 284 5209 339 5288; x_wconf 77' lang='grc' dir='ltr'>μὴν</span> <span class='ocrx_word' id='word_1_813' title='bbox 354 5213 406 5273; x_wconf 88' lang='grc' dir='ltr'>τῶν</span> <span class='ocrx_word' id='word_1_814' title='bbox 422 5211 627 5294; x_wconf 87' lang='grc' dir='ltr'>ἀπερριμμίνων</span> <span class='ocrx_word' id='word_1_815' title='bbox 643 5237 699 5290; x_wconf 90' lang='grc' dir='ltr'>τις,</span> <span class='ocrx_word' id='word_1_816' title='bbox 717 5214 786 5276; x_wconf 78' lang='grc' dir='ltr'>ἀλλὰ</span> <span class='ocrx_word' id='word_1_817' title='bbox 805 5218 857 5276; x_wconf 86' lang='grc' dir='ltr'>τῶν</span> <span class='ocrx_word' id='word_1_818' title='bbox 873 5216 949 5277; x_wconf 79' lang='grc' dir='ltr'>θπαι·</span> <span class='ocrx_word' id='word_1_819' title='bbox 998 5236 1049 5276; x_wconf 89' lang='lat' dir='ltr'>uon</span> <span class='ocrx_word' id='word_1_820' title='bbox 1059 5223 1117 5276; x_wconf 85' lang='lat' dir='ltr'><strong>vilis</strong></span> <span class='ocrx_word' id='word_1_821' title='bbox 1129 5226 1229 5287; x_wconf 91' lang='lat' dir='ltr'><strong>tamen,</strong></span> <span class='ocrx_word' id='word_1_822' title='bbox 1240 5222 1402 5276; x_wconf 75' lang='lat' dir='ltr'><strong>sedbndntae</strong></span> <span class='ocrx_word' id='word_1_823' title='bbox 1414 5222 1533 5284; x_wconf 80' lang='lat' dir='ltr'><strong>virtutis,</strong></span> <span class='ocrx_word' id='word_1_824' title='bbox 1551 5224 1613 5276; x_wconf 88' lang='lat' dir='ltr'><strong>etin</strong></span> <span class='ocrx_word' id='word_1_825' title='bbox 1625 5225 1701 5276; x_wconf 87' lang='lat' dir='ltr'><strong>rebus</strong></span> <span class='ocrx_word' id='word_1_826' title='bbox 1711 5222 1782 5276; x_wconf 90' lang='lat' dir='ltr'><strong>belli·</strong></span> 
     </span>
    </p>
   </div>
   <div class='ocr_carea' id='block_1_9' title="bbox 0 0 2040 5926">
    <p class='ocr_par' dir='ltr' id='par_1_60' title="bbox 0 0 2040 5926">
     <span class='ocr_line' id='line_1_101' title="bbox 0 0 2040 5926; baseline 0 1"><span class='ocrx_word' id='word_1_827' title='bbox 0 0 2040 5926; x_wconf 95' lang='lat' dir='ltr'> </span> 
     </span>
    </p>
   </div>
  </div>
 </body>
</html>
