4068 5924
258 426 317 484 tls

256 557 391 634 ἐσόμενοι,
408 561 486 638 τριῶν
501 558 518 626 ἢ
539 562 670 638 τεττάρων
685 559 798 617 σταδίων
813 558 843 617 τὸ
859 560 956 636 μεταξὺ
969 584 1028 639 χω-

255 644 308 725 ρίον
327 654 379 713 τοῖς
403 645 600 723 ἀγωνιζομένοις
626 647 823 712 καταλιπόντες·
844 648 890 706 καί
918 652 975 723 μετ’
1001 653 1029 708 οὒ

253 733 319 793 πολὺ
329 737 416 813 παρῆν
426 732 484 800 τούς
495 757 523 792 τε
538 733 693 812 Κοριατίους
707 736 721 791 θ
735 737 786 791 τῶν
801 734 937 795 Ἀλόοινῶν
953 761 1031 815 στρα-

252 823 331 900 τηγὸς
345 822 431 899 ἀγων,
445 823 490 880 καὶ
505 821 564 888 τοὺς
575 820 719 900 Ὁρατίους
734 826 808 881 ότῶν
822 822 966 900 Ῥωμαίων
979 831 1030 906 βοι-

212 930 224 966 s
252 914 352 984 σιλεὺς,
368 912 549 987 ὡπλισμένους
561 934 589 970 τε
599 911 728 971 κάλλιστα
743 912 788 970 καί
802 913 845 970 τὸν
862 914 940 973 ἀλλον
956 913 1031 994 έχον-

251 1023 299 1066 τας
319 999 418 1077 κόσμον
433 991 486 1058 οἷον
508 1000 640 1083 ἄνθρωποι
654 1000 838 1075 λαμόάνουσιν
854 1004 896 1060 ἐπὶ
911 1006 1028 1085 θανάτῳ.

252 1090 274 1148 Γ
275 1089 391 1163 ενόμενοι
415 1087 442 1148 δὲ
466 1087 591 1167 σύνεγγυς
615 1090 738 1160 ἀλλήλοιν
759 1088 793 1148 τά
819 1089 866 1164 μὲν
893 1091 953 1171 ξίφη
977 1100 1030 1158 τοῖς

252 1181 431 1245 ὑπασπισταῖς
457 1181 628 1257 παρέδωκαν,
654 1179 866 1259 προσδραμόντες
893 1181 920 1240 δὲ
944 1181 1030 1261 περιέ·

254 1267 351 1325 όαλλον
368 1266 499 1338 ἀλλήλους
511 1268 644 1334 κλαίοντες
658 1267 704 1325 καὶ
716 1276 769 1335 τοῖς
777 1267 893 1338 ἡδίστοις
904 1268 1029 1345 ὀνόμασιν

198 1378 221 1416 ro
253 1357 459 1428 ἀνακαλοῦντας,
475 1354 540 1413 ὥστ’
563 1358 599 1423 εἰς
625 1355 725 1437 δάκρυα
752 1365 894 1435 προπεσεῖν
911 1356 1029 1425 ἅπαντας

251 1443 295 1502 καὶ
309 1444 410 1516 πολλὴν
426 1443 566 1524 ἀστοργίαν
582 1453 740 1525 κατηγορεῖν
758 1449 829 1527 σφῶν
844 1450 868 1505 τ’
881 1450 968 1508 αὐτῶν
983 1448 1029 1506 καί

249 1536 301 1591 τῶν
315 1533 466 1612 ἡγεμόνων,
481 1534 520 1592 ὅτι
537 1535 620 1616 παρὸν
643 1536 732 1601 ἀλλοις
745 1533 800 1594 τισὶ
815 1534 922 1614 σώμασι
941 1540 1030 1616 κρῖναι

249 1624 297 1696 τήν
310 1626 411 1705 μάχην,
420 1627 455 1691 είς
466 1622 591 1705 έμφέλιον
606 1616 676 1700 αἷμα
685 1625 732 1683 καί
743 1627 895 1703 συγγενικὸν
906 1631 968 1703 ἀγος
985 1627 1029 1684 τὸν

249 1712 316 1794 ὖπίρ
327 1717 379 1773 τῶν
394 1714 494 1773 πολεων
511 1716 599 1791 ἀγῶνα
610 1713 794 1775 κατέκλεισαν.
852 1713 1028 1792 Παυσάμενοι

196 1820 221 1858 1⁶
249 1801 277 1863 δέ
291 1806 343 1862 τῶν
359 1806 508 1880 ἀσπασμῶν
523 1805 546 1862 οἱ
558 1802 690 1861 νεανίσκοι
704 1800 750 1860 καί
764 1804 797 1862 τὰ
818 1803 879 1885 ξίφη
894 1803 966 1886 παρὰ
977 1808 1029 1862 τῶν

247 1893 422 1952 ὑπασπιστῶν
444 1889 582 1961 λαόόντες,
613 1892 845 1970 ἀναχωρησάντων
869 1894 921 1950 τῶν
947 1890 1029 1960 πέλας

248 1979 373 2048 ἐτάξαντό
385 2005 413 2040 τε
430 1979 488 2039 καθ’
506 1980 612 2047 ἡλικίαν
624 1980 669 2037 καλ
684 1980 814 2060 συνῄεσαν
835 1980 926 2056 ὁμόσε.

287 2070 364 2130 ΧΙΧ.
382 2070 456 2135 Τέως
471 2068 518 2146 μίν
534 2059 579 2129 τόν
594 2068 694 2148 ἡσυχία
717 2091 746 2128 τε
765 2071 810 2128 καὶ
824 2069 885 2145 σιγὴ
904 2070 1026 2153 κατεῖχπν

248 2158 397 2238 ἀμφοτέρας
409 2159 456 2225 τὰς
469 2158 601 2234 δυνάμεις·
623 2156 704 2215 ἔπειτ’
720 2157 876 2229 ἀναόοήσεις
893 2160 915 2216 τ’
932 2157 1024 2237 ἀθρόαι

195 2260 221 2299 ao
248 2243 470 2326 παρ’ἀμφοτέρων
479 2248 564 2304 αὐτῶν
571 2244 697 2323 ἐγίνοντο,
708 2245 754 2304 καὶ
761 2246 966 2324 παρακελεύσεις
974 2254 1028 2313 τοῖς

249 2334 409 2411 μαχομένοις
423 2332 543 2405 ἐναλλάξ,
557 2333 634 2414 εὐχαί
644 2357 672 2391 τε
683 2333 728 2392 καί
739 2335 853 2412 οἰμωγαί
865 2334 910 2393 καί
928 2333 1027 2402 παντὸς

248 2422 330 2481 ἀλλου
343 2420 584 2501 πάθουςέναγωνίου
595 2422 679 2503 φωναὶ
689 2432 815 2502 συνεχεῖς,
824 2426 851 2481 αἱ
861 2422 908 2498 μίν
922 2422 985 2504 πρὸς
993 2423 1027 2481 ad

248 2509 369 2588 δρώμενά
384 2508 473 2570 τεκαὶ
490 2510 600 2590 δρώμεν’
615 2514 657 2591 ὑφ’
673 2511 815 2589 ἑκατέρων,
831 2514 858 2569 σί
874 2510 901 2569 δὲ
916 2512 981 2590 πρὸς
995 2511 1029 2569 τὰ

249 2598 379 2678 μέλλοντά
390 2621 418 2657 τε
426 2598 472 2658 καί
480 2599 689 2674 ὑποπτευόμενοι·
700 2598 746 2658 καί
754 2592 784 2671 ἦν
792 2598 875 2657 πλείω
884 2599 917 2658 et
926 2600 1026 2668 εἶκαζό·

194 2703 220 2743 oo
249 2687 316 2766 μενά
328 2686 571 2772 [τεκαὶδρώμενα]
587 2692 639 2747 τῶν
652 2687 806 2767 γινομένων.
818 2686 860 2749 Ἥ
869 2711 898 2748 τε
905 2690 958 2767 γὰρ
971 2688 1028 2771 ὄψις

246 2778 276 2836 έιι
287 2780 384 2839 πολλοῦ
400 2778 581 2855 διαστήματος
590 2776 713 2856 γινομένη
722 2774 789 2838 πολὺ
800 2774 831 2835 τό
846 2777 945 2854 ἀσαφὲς
958 2768 1026 2858 εἶχε,

247 2866 293 2926 καί
307 2867 337 2925 τὸ
349 2867 414 2946 πρὸς
426 2866 486 2935 τοὺς
500 2866 610 2933 οἰκείους
625 2863 772 2941 ἀγωνιστάς
784 2865 905 2932 ἑκάστοις
919 2889 1027 2944 συμπα-

247 2955 287 3024 θές
299 2957 342 3015 ἐπὶ
348 2957 377 3017 τὸ
385 2956 580 3036 βεόουλημένον
591 2952 765 3032 ίλάμόανετά
774 2955 957 3034 πρασσόμενα·
966 2952 1028 3013 αἵτε

247 3041 1028 3125 συνεχεῖςτῶνμαχομίνωνίπεμόάσειςκαὶὑπαναχωρήσεις

193 3144 219 3185 ³⁰
247 3136 290 3194 καὶ
301 3137 337 3201 εἰς
347 3134 524 3194 τὸάντίπαλον
538 3124 610 3200 αὖθις
618 3131 862 3206 ἀντιμεταστάσεις,
871 3131 967 3188 πολλαί
980 3130 1026 3190 καί

247 3223 419 3305 ἀγχίστροφοι
435 3222 590 3301 γινόμεναι,
607 3220 637 3278 τὸ
658 3217 764 3298 ἀκριόὲς
776 3223 822 3287 τῆς
833 3219 940 3297 γνώμης
961 3222 1028 3298 ἀφη-

248 3316 347 3391 ροῦντο·
361 3314 405 3371 καί
416 3312 490 3373 ταῦτ’
504 3311 548 3370 inl
557 3309 640 3369 πολὺν
652 3308 750 3385 έγίνετο
762 3307 864 3389 χρόνον.
880 3306 992 3383 Ῥώμην
1000 3332 1028 3366 τε

247 3399 298 3480 γὰρ
315 3399 437 3475 σώματος
455 3399 548 3480 ἔτυχον
560 3398 654 3475 ὁμοίαν
668 3394 773 3475 έχοντες
789 3395 927 3474 ἑκάτεροι,
941 3393 987 3454 καί
999 3395 1029 3453 τὸ

248 3498 366 3564 γενναῖον
383 3493 429 3559 τῆς
443 3492 532 3570 ψυχῆς
553 3486 709 3568 ἰσόρροπον,
723 3484 813 3552 όπλοις
831 3507 861 3543 τε
876 3484 1029 3553 καλλίστοις

193 3597 220 3636 es
250 3578 446 3655 ἐσκεπασμένοι
467 3577 502 3635 τά
518 3575 622 3654 σώμαθ’
635 3576 684 3633 ota
698 3574 744 3632 καί
758 3580 857 3653 γυμνὸν
877 3573 952 3632 οὐδέν
968 3574 1029 3630 ἀπο-

248 3665 365 3733 λιπόντες
381 3664 470 3747 μέρος,
483 3663 500 3724 ό
512 3689 538 3725 τι
552 3665 597 3724 καί
609 3661 706 3744 τρωθὲν
722 3661 807 3730 ὀξεῖαν
818 3661 928 3737 ἔμελλεν
943 3658 1023 3720 οἴσειν

248 3752 296 3827 τὴν
308 3753 531 3834 τελευτήν,ὦστε
550 3752 645 3813 πολλοί
661 3751 805 3828 Ῥωμαίων
825 3774 853 3809 τε
868 3750 914 3808 καὶ
929 3748 1024 3809 ‘nida-

247 3848 299 3903 νῶν
315 3848 345 3903 έκ
359 3850 405 3904 τοῦ
428 3846 584 3926 φιλονεικεῖν
599 3867 627 3902 τε
642 3841 688 3900 καί
709 3839 855 3916 συμπαθεῖν
869 3842 922 3905 τοῖς
937 3838 1028 3919 σφετέ·

249 3955 301 4010 por<
321 3934 413 3995 ἔλαθον
439 3932 531 4000 αὖτοὺς
555 3931 585 3991 τό
608 3935 659 3990 τῶν
685 3928 886 3988 κινδυνευόντων
909 3929 1029 4000 μεταλα-

110 4093 113 4101 ,
194 4046 221 4084 ευ
249 4021 337 4089 δόντες
349 4023 442 4096 πάθος,
455 4021 599 4100 ἀγωνισταί
610 4043 639 4079 τε
651 4020 752 4095 μᾶλλον
762 4013 922 4086 έόοιίλοντ’ή
936 4015 1028 4074 θεαταί

248 4113 301 4167 τῶν
317 4112 456 4189 δρωμένων
471 4109 615 4189 γεγονέναι.
659 4106 728 4188 Ὀψὲ
743 4105 767 4163 δ’
798 4093 842 4162 οόν
856 4101 914 4161 ποθ’
929 4107 943 4162 ὁ
961 4127 1027 4185 πρε-

249 4197 379 4267 edinen,
388 4203 440 4259 τῶν
451 4198 630 4279 Ἀλόανῶντῷ
646 4199 709 4276 πρὸς
723 4195 800 4255 αὐτόν
815 4193 1028 4276 ἀντιτεταγμένῳ

250 4286 429 4364 συμπλέκεται
448 4287 535 4348 παίων
549 4311 578 4348 τε
595 4287 641 4346 καὶ
661 4286 803 4362 παιόμενος
818 4283 900 4349 ἄλλας
916 4283 958 4340 ἐπ’
979 4283 1027 4340 ἀλ·

249 4380 307 4445 λαις
323 4375 441 4452 πληγὰς,
467 4376 512 4434 καί
534 4399 589 4442 πως
612 4372 737 4453 τυγχάνει
754 4376 801 4429 τοῦ
823 4369 962 4446 Ῥωμαίου
985 4369 1028 4427 ael

194 4483 220 4520 ⁴⁵
249 4472 294 4527 τοῦ
310 4465 439 4546 βουόῶνος
452 4462 558 4542 ἐνέγκας
571 4464 602 4523 τὸ
615 4462 696 4543 ξίφος.
740 4460 774 4521 ‘O
790 4457 817 4518 δὲ
835 4466 888 4526 τοῖς
902 4456 925 4516 τ’
939 4460 1029 4527 ἀλλοις

248 4557 380 4635 τραύμασι
394 4552 575 4636 κεκαρωμένος
585 4551 637 4625 ἤδη
650 4553 695 4610 καὶ
706 4550 753 4623 τήν
759 4550 911 4609 τελευταίαν
923 4546 1028 4624 πληγήν

249 4644 427 4724 θανατηφόρον
442 4643 526 4723 έχων,
549 4643 727 4700 υπολυθεντοιν
748 4660 799 4696 των
823 4638 909 4713 μελοιν
924 4658 1028 4714 καταρ-

249 4733 316 4812 ρυεὶς
331 4732 501 4804 ἀποθνήσκει.
555 4730 602 4796 Ὡς
616 4727 643 4787 δὲ
659 4728 731 4787 τοῦτ’
751 4715 819 4785 εἶδον
841 4727 863 4782 ol
880 4721 970 4782 θεαταὶ
981 4726 1028 4793 τῆς

250 4822 354 4902 μάχης,
372 4821 429 4897 ἅμα
442 4822 537 4888 πάντες
557 4818 720 4891 ἀνεόόησαν,
737 4813 858 4875 Ἀλόανοί
873 4810 920 4888 μίν
943 4813 977 4876 b<
992 4833 1028 4865 νῑ·

195 4928 222 4967 oo
250 4913 345 4975 κῶντες
368 4910 437 4984 ἤδη,
452 4908 584 4985 Ῥωμαῖοι
600 4911 622 4966 δ’
647 4910 682 4971 ὡς
695 4904 886 4982 κρατούμενοι·
903 4898 963 4967 τοὺς
976 4898 1028 4977 tlt?

251 4996 282 5067 δὴ
304 4996 442 5076 σφετέρους
465 4996 510 5054 δύο
531 5001 583 5064 τοῖς
601 4994 684 5074 τρισίν
711 4992 846 5057 Ἀλόανοῖς
868 4988 1026 5066 εὐκατεργά-

251 5105 325 5150 στους
342 5084 528 5155 ὑπελάμόανον
549 5085 716 5161 γενήσεσθαι.
764 5081 813 5140 Ἐν
839 5069 861 5158 ᾧ
886 5077 908 5137 δ’
931 5077 1028 5155 ἐγίνετο

251 5175 379 5248 ταῶτα,δ
397 5171 571 5248 παρασπίζων
593 5173 631 5250 τῷ
651 5169 761 5227 πεσόντι
783 5168 937 5243 Ῥωμαῖος,
961 5167 1027 5241 όρῶν

251 5260 295 5319 ἀπὶ
308 5264 345 5341 τῷ
358 5258 543 5338 κατορθώματι
558 5262 691 5336 περιχαρῆ
710 5255 753 5316 τόν
772 5253 910 5327 bicario,
922 5255 1028 5311 ὠθεῖται

774 426 944 488 btodlsrl
970 430 1350 496 HALICARNASSENSIS

1084 581 1126 631 dio
1138 583 1218 646 spatio
1231 584 1308 635 trium
1325 591 1462 649 quatuorve
1480 589 1636 641 stadiorum:
1652 603 1698 641 nec
1713 594 1792 643 murto
1808 598 1863 655 poet

1084 677 1136 729 dun
1150 681 1299 733 albanorum
1311 683 1427 747 produxit
1445 686 1582 742 Curiatios,
1598 690 1623 737 el
1641 689 1806 740 Romanorum
1819 702 1862 739 rer

1084 778 1214 841 Horatios,
1230 779 1394 842 pulcherrime
1408 787 1532 845 arnaatos,
1551 788 1576 834 et
1590 784 1689 850 relicpris
1707 790 1809 835 ornatos
1821 799 1862 835 or·

1085 882 1206 932 ramentis
1227 897 1284 946 quie
1305 884 1418 936 hominos
1441 889 1515 936 mortt
1528 884 1644 936 destinati
1660 885 1739 935 solent
1752 872 1861 949 gestare.

1086 979 1148 1029 Cum
1184 984 1269 1032 autem
1303 985 1404 1048 propius
1436 985 1534 1047 utrique
1564 983 1740 1044 accessissent,
1772 981 1865 1047 gladios

1084 1069 1212 1132 armigeris
1230 1071 1394 1135 tradiderunt,
1414 1079 1439 1124 et
1455 1077 1612 1127 assumentes
1628 1089 1656 1126 ss
1673 1074 1779 1137 ιιιιίσοιιι
1798 1087 1864 1125 man·

1085 1159 1151 1222 pleni
1162 1167 1221 1211 sunt
1232 1163 1318 1215 tientes
1338 1168 1364 1216 et
1376 1167 1530 1219 suavissimis
1549 1168 1652 1219 vocibus
1671 1181 1699 1218 sc
1717 1168 1863 1228 salutantes,

1083 1252 1153 1304 itaut
1164 1268 1250 1306 omnes
1262 1258 1288 1307 in
1304 1258 1418 1310 lacrimas
1428 1264 1622 1325 pmrumperent.
1636 1264 1738 1312 etsuam
1755 1259 1864 1324 ipsorum

1084 1342 1226 1409 ducmnque
1238 1347 1339 1399 nimiam
1356 1351 1535 1404 immanitatem
1546 1354 1705 1409 incusarent:
1725 1353 1793 1417 quod
1806 1368 1863 1405 cura

1084 1439 1224 1501 potuissent
1234 1456 1278 1507 per
1287 1442 1349 1493 alios
1361 1445 1472 1496 homines
1481 1458 1588 1510 pugnam
1602 1446 1671 1496 illam
1682 1447 1823 1506 decernere,
1834 1459 1864 1497 co

1084 1540 1137 1578 rem
1148 1530 1315 1595 redegissent,
1328 1537 1356 1584 ut
1370 1534 1544 1598 consanguinei
1568 1537 1594 1586 et
1613 1535 1712 1599 cognati
1737 1548 1785 1585 non
1810 1536 1863 1586 sine

1083 1619 1182 1682 piaculo
1211 1622 1243 1674 de
1268 1624 1395 1688 republica
1426 1625 1490 1677 inter
1515 1637 1542 1676 se
1559 1625 1678 1675 dimicare
1702 1630 1860 1688 cogerentur.

1085 1714 1148 1765 Cum
1164 1721 1247 1768 autem
1266 1718 1366 1771 iuvenes
1384 1719 1507 1769 salutandi
1525 1720 1599 1770 tinem
1619 1720 1748 1780 iecbsent,
1768 1724 1794 1770 et
1808 1719 1862 1783 gla-

1083 1804 1138 1855 dios
1156 1807 1188 1857 ab
1205 1809 1332 1872 annueris
1352 1812 1515 1874 accepissent,
1536 1824 1670 1874 omnesque
1689 1811 1732 1873 qui
1754 1824 1796 1862 eos
1812 1811 1862 1862 cir·

1084 1901 1242 1951 cumstabant
1262 1907 1327 1952 retro
1342 1904 1487 1967 cessissent,
1500 1904 1637 1955 secundum
1648 1907 1749 1955 retawm
1769 1905 1863 1956 musti-

1084 1993 1175 2050 terunt,
1188 1998 1263 2056 atquc
1273 1993 1306 2044 ita
1316 1994 1414 2044 demum
1430 1997 1615 2046 corrcnrrcrunt.

1115 2092 1181 2142 xlx.
1197 2094 1323 2144 Hactenus
1343 2093 1418 2159 igitur
1439 2096 1510 2160 quies
1527 2100 1553 2146 et
1574 2095 1699 2146 silentium
1716 2096 1741 2145 in
1758 2099 1864 2159 utroque

1085 2193 1196 2245 exercitu
1221 2196 1330 2247 luerat:
1357 2197 1414 2249 inde
1440 2211 1497 2248 vero
1517 2198 1658 2262 trequentes
1675 2199 1863 2249 acclamationes

1086 2292 1210 2359 utrimque
1224 2297 1317 2344 exorta
1338 2299 1410 2358 sunt,
1425 2296 1576 2358 altemoeque
1597 2295 1757 2358 pugnantium
1770 2294 1861 2345 oxhor-

1084 2394 1199 2457 lationes,
1214 2397 1269 2445 tum
1285 2397 1342 2446 vota
1354 2398 1380 2447 et
1396 2396 1503 2447 enatus
1515 2399 1704 2460 ceterorumque
1717 2395 1862 2456 allectuum,

1084 2509 1149 2559 quos
1170 2496 1234 2547 rarii
1255 2497 1403 2549 certantium
1415 2510 1489 2548 casua
1507 2498 1573 2550 ciere
1586 2499 1683 2556 solent,
1703 2499 1799 2549 crebrae
1815 2511 1863 2549 ro·

1084 2614 1139 2662 ces,
1152 2599 1207 2649 alie
1218 2597 1319 2661 quidem
1332 2596 1364 2647 ad
1374 2610 1404 2646 ea
1414 2611 1471 2660 quas
1481 2597 1605 2660 ubinrque
1616 2602 1673 2647 acta
1682 2597 1784 2661 visaque
1795 2601 1862 2660 suut,

1083 2703 1204 2754 elicerem
1214 2701 1245 2750 ad
1255 2700 1339 2751 lunare
1347 2702 1729 2764 etexspcctataoccommodata
1734 2720 1744 2767 ;
1753 2715 1782 2752 ac
1793 2702 1864 2767 longe

1084 2802 1155 2865 plura
1169 2800 1408 2859 deriooniectabant,
1422 2813 1496 2862 quam
1509 2813 1594 2850 resera
1607 2799 1707 2851 debant.
1741 2805 1863 2864 aspectus

1084 2902 1148 2953 enim
1166 2915 1197 2952 ex
1215 2899 1344 2951 remotiore
1363 2899 1418 2949 loco
1431 2898 1594 2962 spectantium
1608 2899 1694 2950 oculos
1710 2899 1824 2961 tollebat,
1839 2904 1864 2950 et

1083 3013 1145 3049 suus
1157 2998 1245 3062 coique
1256 3012 1312 3063 erga
1325 3011 1384 3048 suos
1397 3000 1591 3061 propugnatores
1607 2996 1712 3047 allectus
1724 3010 1738 3047 e
1751 3010 1796 3047 sno
1805 3010 1864 3073 con·

1084 3102 1139 3152 silio
1155 3114 1207 3152 rem
1219 3101 1271 3165 geri
1286 3099 1493 3166 interpretabatur
1507 3116 1513 3146 :
1527 3102 1581 3149 tum
1596 3098 1678 3149 crebri
1693 3098 1861 3148 dimicantium

1084 3202 1191 3253 uuultus
1204 3207 1230 3253 et
1247 3216 1368 3262 recessus,
1381 3205 1408 3253 et
1418 3204 1580 3262 reciprocate
1593 3200 1724 3263 aliquoties
1736 3200 1761 3249 in
1773 3198 1861 3250 adrer-

1084 3306 1177 3355 sarium
1198 3305 1350 3355 incursiones
1362 3307 1541 3369 spectatorum
1561 3304 1656 3354 animos
1669 3303 1758 3353 dubins
1771 3302 1861 3352 redde·

1083 3398 1155 3459 λεπίς
1165 3404 1240 3465 atquo
1248 3400 1283 3450 lta
1292 3399 1335 3450 diu
1342 3402 1520 3450 ccrlutumest.
1534 3398 1638 3461 Utrique
1649 3397 1715 3448 enlin
1726 3401 1797 3446 orarit
1807 3397 1861 3460 pari

1083 3497 1192 3560 eorporis
1198 3498 1286 3548 robore
1296 3500 1323 3547 et
1331 3497 1384 3561 pari
1394 3495 1467 3545 animi
1477 3496 1650 3559 generositate,
1661 3499 1688 3546 ct
1695 3507 1799 3557 corpora
1809 3496 1864 3544 tota

1083 3594 1209 3646 habebant
1218 3593 1388 3658 pulcherrimis
1398 3592 1473 3641 armis
1481 3591 1587 3652 rnurrita,
1594 3590 1736 3654 nullamque
1744 3591 1863 3654 corporis

1083 3695 1179 3756 partem
1194 3680 1284 3740 nudam
1306 3688 1468 3752 reliquerant,
1487 3701 1543 3751 qun
1556 3687 1684 3737 vulnerata
1698 3693 1805 3741 mortam
1819 3702 1862 3739 ce·

1082 3789 1159 3841 lerem
1171 3788 1259 3839 ailerre
1271 3788 1362 3852 posset.
1395 3790 1478 3844 Quare
1493 3784 1566 3835 multi
1576 3798 1608 3835 ex
1622 3785 1739 3836 Romanis
1750 3784 1775 3836 el
1786 3785 1861 3836 ltlba·

1082 3888 1121 3937 nis
1130 3887 1164 3937 ob
1177 3886 1236 3937 illud
1252 3885 1362 3936 victoriae
1377 3885 1488 3935 studium
1497 3885 1522 3935 et
1536 3886 1656 3944 levorem,
1666 3897 1717 3948 quo
1727 3898 1786 3933 suos
1798 3897 1859 3948 pro·

1083 3986 1258 4050 sequebantur,
1274 3997 1322 4035 noo
1338 3981 1565 4035 animadvertebant
1576 3980 1679 4032 seband
1694 3980 1766 4031 aliter
1776 3980 1859 4033 anino

1082 4084 1150 4135 allici
1170 4097 1246 4148 qnam
1258 4084 1325 4148 ipsos
1343 4081 1387 4145 qui
1403 4080 1614 4145 periclitarentur,
1627 4082 1654 4128 et
1670 4080 1769 4128 certare
1782 4090 1860 4140 quam

1082 4196 1140 4248 quae
1151 4183 1300 4248 gerebantur
1308 4183 1421 4245 spectare
1431 4177 1562 4228 uidebant.
1573 4176 1685 4227 Tandem
1692 4179 1779 4226 umen
1788 4175 1861 4227 Albe·

1082 4295 1170 4332 norum
1182 4278 1368 4330 natnrnaximus
1380 4274 1586 4328 cumadrersarlo
1593 4273 1641 4324 sibi
1649 4274 1764 4339 opposito
1773 4288 1861 4324 maniis

1083 4375 1217 4438 conseruit,
1233 4375 1336 4424 vulnera
1347 4373 1394 4423 elia
1410 4385 1484 4437 super
1500 4372 1549 4423 alia
1563 4371 1674 4422 inlerens
1687 4375 1713 4420 et
1723 4369 1860 4434 occipicium

1082 4487 1191 4538 casuque
1214 4475 1350 4522 Romanurn
1381 4469 1463 4535 gladio
1489 4481 1532 4533 per
1553 4467 1643 4532 inguen
1665 4467 1770 4518 traiecit.
1817 4466 1863 4517 llle

1082 4586 1149 4632 vero,
1168 4583 1226 4620 cum
1240 4570 1289 4619 iam
1307 4566 1515 4619 aliiarubreribus
1532 4569 1688 4628 mauretus,
1710 4568 1736 4614 et
1755 4563 1801 4614 lmc
1818 4576 1862 4629 po·

1082 4674 1175 4724 stremo
1187 4669 1288 4719 vulnere
1300 4666 1366 4717 letali
1378 4666 1442 4716 ictus
1452 4666 1526 4726 esset,
1540 4662 1661 4714 rirembria
1675 4661 1803 4712 dissolutis
1812 4660 1862 4712 col·

1081 4767 1379 4838 lapsusobiit.Quodcnm
1387 4764 1861 4828 vidissentpugnraspectatores,omnes

1082 4868 1158 4919 simul
1167 4869 1302 4918 clamorem
1318 4863 1479 4921 sustulerunt,
1493 4861 1579 4912 albani
1590 4859 1692 4925 quidem
1703 4860 1732 4909 ut
1744 4858 1794 4908 ianr
1807 4856 1859 4907 ric·

1081 4968 1158 5019 tores.
1170 4959 1273 5013 Romani
1288 4971 1345 5007 vero
1366 4960 1394 5007 ut
1410 4955 1477 5006 victi.
1519 4953 1701 5005 Existimabam
1715 4951 1780 5002 euim
1795 4949 1861 5001 duos

1083 5061 1146 5120 illos,
1155 5059 1199 5123 qui
1214 5070 1243 5108 ex
1255 5054 1307 5106 suls
1318 5051 1465 5117 superstites
1482 5052 1561 5111 erant,
1576 5049 1648 5100 facile
1660 5061 1674 5098 a
1687 5046 1767 5097 tribus
1784 5044 1862 5096 otba-

1082 5157 1121 5209 nis
1132 5168 1223 5206 οεσευιιι
1245 5152 1285 5203 ῖιῖ.
1331 5152 1497 5202 intereavero
1511 5147 1534 5198 is
1550 5146 1592 5210 qui
1610 5148 1722 5197 Romano
1744 5141 1863 5207 prolapso

1082 5254 1196 5305 delensor
1218 5246 1343 5308 adstabat,
1359 5244 1479 5296 Albanum
1492 5241 1596 5294 victoria
1619 5239 1784 5292 exsultantem
1804 5249 1859 5288 cer-
