4068 5924
680 381 978 454 ANTlQUlTATUM
1000 382 1152 443 Roman.
1178 384 1250 444 LlB.
1275 385 1325 444 lll.

179 512 262 575 κόσια
290 515 371 591 τριῶν
392 512 438 571 ἐπὶ
459 516 513 578 τοῖς
530 512 594 572 δέκα
618 512 732 590 δέοντα,
752 515 779 571 ἐν
804 504 842 579 οἷς
863 514 963 582 πολλὴν

180 602 262 680 ἔσχεν
276 600 393 659 ἐπίδοσιν
407 602 443 665 είς
458 600 596 680 εὐανδρίαν
610 624 638 659 τε
653 599 700 660 καί
717 602 831 660 πλοῦτον
846 600 892 658 καί
916 600 964 672 τὴν

181 693 268 759 ἀλλην
285 688 393 748 ἅπασαν
421 687 608 766 εὐδαιμονίαν,
634 689 716 762 ἡτάς
737 691 881 769 τριάκοντα
902 692 963 748 Λα·

180 782 263 838 τίνων
279 778 442 837 ἀποικίσασα
458 776 545 843 πόλεις
559 778 604 837 καί
618 779 705 837 πάντα
724 777 768 836 τὸν
790 777 883 857 χρόνον
897 784 965 854 ἡγη-

130 890 146 925 σ
180 867 287 945 σαμίνη
313 872 359 926 τοῦ
392 866 480 934 ίθνους
503 866 555 926 ὐπὸ
579 871 628 939 τῆς
659 866 775 946 ἐσχάτης
801 865 965 933 ἀποκτίσεως

178 957 366 1034 καθαιρεθεῖσα
383 952 480 1033 ἔρημος
493 957 529 1021 εἷς
540 955 599 1012 τόδε
610 954 705 1033 χρόνου
720 952 849 1029 διαμένει.

222 1041 351 1109 Βασιλεὺς
373 1042 401 1103 δὲ
419 1040 521 1110 Τύλλος
539 1042 584 1101 τὸν
603 1042 711 1102 ἐπιόντα
731 1046 853 1122 χειμῶνα
880 1044 964 1103 διαλι-

180 1132 240 1192 πὼν
253 1132 330 1212 ἔαρος
351 1131 498 1212 ἀρχομένω
517 1133 628 1211 στρατόν
641 1131 684 1191 tel
705 1131 868 1203 Φιδηναίους
883 1133 963 1192 πάλιν

180 1221 276 1301 ἐξάγει.
321 1223 385 1287 Τοῖς
397 1221 424 1279 δὲ
439 1221 594 1293 Φιδηναίοις
608 1225 683 1299 κοινῇ
705 1221 753 1298 μίν
780 1221 832 1279 οὐδ’
856 1225 963 1293 ἡτισοῦν

181 1313 290 1392 βοήθεια
304 1309 330 1379 ἐξ
346 1312 468 1387 οὐδεμιᾶς
478 1313 529 1369 τῶν
541 1309 717 1390 συμμαχίδων
731 1309 838 1391 ἀφίκετο
848 1310 962 1389 πόλεων,

181 1400 336 1481 μισθοφόροι
353 1398 383 1458 δά
401 1423 469 1467 τινες
488 1403 518 1459 ίκ
531 1402 636 1459 πολλῶν
659 1397 838 1480 συνερρύησαν
861 1401 962 1473 τόπων,

180 1480 220 1557 οἷς
232 1488 422 1556 πιστεύσαντες
438 1487 623 1567 ἀθάρρησανὲκ
637 1491 683 1560 τῆς
698 1488 799 1551 πόλεως
813 1492 962 1566 προελθεῖν.

182 1577 407 1658 Παραταίάμενοι
424 1578 452 1637 δὲ
466 1577 512 1637 καί
526 1576 644 1645 πολλοὺς
666 1576 867 1644 ἀποκτείναντες
882 1582 908 1637 ἐν
929 1584 963 1659 τῇ

181 1666 257 1747 μάχη
282 1664 507 1737 κατεκλείσθησαν
534 1666 614 1725 πάλιν
634 1666 669 1732 είς
692 1664 723 1723 τὸ
748 1664 826 1725 ἀστυ.
869 1664 915 1730 Ὡς
934 1666 962 1725 δὲ

183 1757 407 1835 περιχαρακώσας
427 1756 514 1814 αὐτῶν
528 1755 577 1823 τὴν
589 1754 665 1813 πόλιν
685 1757 699 1812 ό
713 1752 816 1820 Τύλλος
830 1754 875 1812 καί
892 1778 963 1834 περι-

181 1844 332 1923 ταφρεύσας
356 1846 393 1911 είς
414 1843 465 1915 rip
490 1843 606 1923 ἐσχάτην
629 1840 785 1905 κατέκλεισε
810 1840 870 1909 τούς
890 1842 961 1903 ἔνδον

182 1933 311 2013 ἀπορίαν,
323 1933 533 2012 ἠναγκάσθησαν
547 1936 585 2011 τῷ
598 1935 702 2010 βασιλεῖ
717 1933 881 2011 παραδοῦναι
895 1941 963 2013 σφᾶς

183 2020 277 2089 αὐτοὺς
294 2024 335 2100 ἐφ’
349 2012 388 2089 οἷς
413 2020 489 2088 αὐτθς
515 2020 649 2082 ἐόούλετο.
698 2018 842 2098 Γενόμενος
867 2020 894 2080 δὲ
917 2020 961 2080 τὸν

181 2111 277 2191 τρόπον
300 2113 418 2171 τούτονθ
441 2107 564 2188 βασιλεὺς
587 2114 636 2181 τῆς
659 2109 760 2176 πόλεως
774 2107 879 2191 κύριος,
904 2108 963 2178 τούς

126 2222 157 2259 ao
184 2203 282 2267 αἰτίους
301 2204 347 2271 τῆς
362 2201 536 2265 ἀποστάσεως
553 2198 723 2276 ἀποκτείνας,
740 2196 800 2266 τούς
817 2200 844 2259 δὲ
855 2198 963 2267 λοιπούς

182 2289 301 2357 ἅπαντας
316 2287 452 2356 ἀπολύσας
470 2286 564 2347 καὶτὰ
592 2285 705 2366 σφέτερα
730 2288 818 2347 πάντα
841 2295 960 2369 καρποῦ-

180 2384 243 2437 σθαι
256 2378 300 2435 τθν
313 2375 393 2436 αὐτόν
407 2376 488 2442 ίάσας
505 2376 623 2455 τρόπον,
650 2374 700 2445 τήν
716 2398 747 2435 τε
770 2375 905 2435 πολιτείαν
928 2376 961 2447 ἣν

180 2458 251 2545 εἶχον
267 2466 393 2546 πρότερον
409 2463 521 2531 ἀποδοὺς
534 2466 637 2537 αὐτοῖς,
649 2463 754 2525 διίλυσε
764 2462 812 2535 τὴν
823 2464 961 2544 στρατιάν·

180 2557 226 2616 καὶ
254 2552 467 2636 παραγενόμενος
493 2554 529 2619 εἷς
552 2550 664 2630 Ῥώμην
688 2552 738 2624 τὴν
770 2553 962 2633 τροπαιοφόρον

129 2675 156 2713 25
183 2644 307 2707 ἀπεδίδου
327 2650 383 2708 τοῖς
399 2643 468 2708 θεοῖς
482 2640 593 2716 πομπήν
605 2663 634 2699 τε
650 2640 696 2698 καί
716 2640 825 2718 θυσίαν,
842 2641 961 2722 δεύτερον

182 2735 277 2792 ἐκεῖνον
292 2731 417 2811 κατάγων
431 2728 571 2810 θρίαμόον.

220 2823 340 2884 XXXII.
369 2818 447 2881 Μετά
471 2823 564 2878 τούτου
586 2818 630 2878 τὸν
654 2816 770 2894 πόλεμοί
796 2816 881 2897 ἕτερος
900 2818 962 2877 ἀνί-

180 2936 229 2985 στη
242 2911 390 2987 Ῥωμαίοις
404 2912 435 2970 ἐκ
448 2915 495 2970 τοῦ
507 2908 632 2969 Σαὸίνων
642 2907 742 2975 ἔθνους·
757 2906 828 2988 ἀρχὴ
842 2910 864 2966 δ’
879 2910 959 2969 αὐτοῦ

181 3003 229 3063 καὶ
252 3001 383 3081 πρόφασις
406 2998 510 3076 ἐγένετο
523 2998 623 3059 τοιάδε.
665 2996 748 3076 Ἱερόν
765 2999 822 3058 ἔστι
835 3002 908 3079 κοινῇ
922 3022 962 3058 τι·

127 3124 157 3163 ,0
183 3090 305 3168 μώμενον
319 3088 368 3147 dno
386 3086 509 3147 Λατίνων
522 3111 551 3147 τε
571 3086 617 3146 καί
631 3085 771 3159 Σαόίνων,
782 3085 857 3164 ἅγιον
870 3088 897 3145 ἐν
909 3089 963 3155 τοῖς

182 3177 254 3238 πάνυ
269 3181 328 3242 θεᾶς
345 3175 499 3255 Φερωνείας
514 3173 722 3252 ὀνομαζομένης,
737 3174 770 3246 ἣν
783 3178 807 3232 οἱ
826 3175 964 3256 μεταφρά-

181 3270 267 3336 ζοντες
275 3260 310 3333 εἰς
318 3263 367 3335 ela
376 3263 497 3325 Ἑλλάδα
504 3267 629 3341 γλῶσσαν
636 3265 660 3321 cl
671 3263 719 3341 μὲν
728 3261 892 3344 Ἀνθοφόρον,
901 3268 925 3323 cl
934 3264 962 3323 el

180 3354 398 3433 Φιλοστέφανον,
413 3355 438 3412 ol
454 3350 482 3411 δὲ
496 3349 671 3433 Φερσεφόνην
686 3354 822 3413 καλοῦσιν.
865 3355 912 3421 El<
928 3353 961 3426 δὴ

180 3445 212 3505 τδ
225 3442 294 3523 ἱερόν
318 3448 397 3501 τοῦτο
419 3441 549 3519 συνῄεσαν
568 3442 599 3499 ίκ
622 3443 675 3499 τῶν
699 3439 839 3518 περιοίκων
859 3440 961 3500 πόλεων

129 3563 155 3603 35
182 3530 253 3592 κατά
273 3532 321 3598 τάς
336 3530 560 3610 ἀποδεδειγμένας
583 3528 676 3610 tepide
696 3528 791 3587 πολλοὶ
814 3529 861 3605 μὲν
881 3529 961 3610 εὐχὰς

184 3618 349 3687 ἀποδιδόντες
367 3619 413 3678 καί
434 3617 525 3686 θυσίας
543 3623 576 3699 τῇ
593 3622 659 3697 θεῷ,
682 3617 775 3677 πολλοὶ
800 3615 827 3677 δὲ
848 3640 960 3697 χρημα-

184 3706 317 3783 τιούμενοι
333 3709 375 3767 διά
394 3705 442 3779 τὴν
457 3707 604 3786 πανήγυριν
625 3705 739 3782 ίμποροί
759 3728 788 3763 τε
810 3704 854 3764 καί
867 3727 962 3786 χειρο-

184 3794 277 3873 τέχναι
298 3794 342 3853 καί
363 3794 491 3877 γεωργοὶ,
515 3792 609 3876 ἀγοραί
628 3796 652 3850 τ’
668 3792 756 3853 αὐτόθι
779 3792 961 3872 λαμπρότεραι

183 3887 237 3942 τῶν
252 3884 280 3942 lv
294 3883 383 3951 ἀλλοις
398 3885 452 3944 τισί
462 3882 550 3951 τόποις
565 3886 613 3955 τῆς
625 3881 742 3949 Ἰταλίας
757 3878 893 3956 ἀγομίνων
906 3880 961 3958 ἀγί-

131 4002 159 4041 ςς
183 3995 267 4031 νοντο.
312 3973 362 4038 Εἰς
375 3971 475 4045 ταύτην
490 3973 517 4032 δὲ
536 3973 585 4044 τὴν
600 3972 747 4048 πανήγυριν
763 3969 885 4037 ἐλθόντας
898 3968 962 4029 ποτὲ

184 4058 325 4135 Ῥωμαίων
340 4058 438 4139 ἀνδρας
456 4062 505 4120 οὐκ
519 4063 629 4141 ἀφανεῖς
644 4058 758 4120 Σαόῖνοί
781 4081 848 4125 τινες
862 4080 963 4137 συναρ-

184 4148 314 4216 πάσαντες
331 4148 427 4222 ἔδησαν
447 4147 545 4209 aelric
568 4148 698 4230 χρήματα
720 4146 877 4229 ἀφείλοντο,
897 4169 961 4228 πρε·

183 4240 272 4305 σόείας
282 4262 312 4298 τε
328 4238 390 4317 περὶ
401 4242 486 4299 αὐτῶν
497 4236 660 4318 ἀφικομένης
674 4235 747 4296 οὐδὲν
758 4236 898 4297 ὐόούλοντο
910 4238 963 4295 τῶν

184 4329 291 4387 δικαίων
302 4331 406 4402 ποιεῖν,
423 4325 491 4386 ἀλλά
502 4327 548 4387 καὶ
561 4325 596 4386 τά
608 4324 721 4401 σώματα
730 4323 776 4384 καί
788 4321 822 4383 τά
834 4321 963 4403 χρήματα

135 4448 160 4483 as
184 4419 235 4477 τῶν
251 4415 453 4496 συλληφθέντων
468 4422 610 4494 κατεῖχον,
636 4415 806 4492 ίγκαλούντες
821 4412 868 4471 καὶ
888 4410 963 4468 αὐτοὶ

185 4501 346 4580 Ῥωμαίοις,
370 4504 410 4564 δτι
434 4502 496 4572 τούς
514 4502 637 4564 Σαόίνων
662 4503 780 4582 φυγάδας
805 4500 964 4580 ὐπεδίχοντο

186 4595 434 4661 κατασκευάσαντες
449 4593 547 4677 άσυλον
569 4592 656 4675 ἱερὸν,
672 4590 738 4672 ύπθρ
751 4582 789 4651 ὧν
810 4592 838 4649 ίν
856 4592 895 4667 τῷ
912 4588 964 4667 πρὸ

186 4682 277 4742 τούτου
299 4682 371 4763 λόγῳ
394 4681 541 4754 δεδήλωταί
565 4704 620 4758 μοι.
665 4679 717 4741 Ἐκ
741 4678 840 4738 τούτων
858 4677 890 4748 δὴ
911 4681 962 4736 τῶν

185 4770 362 4846 ἀγκλημάτων
386 4773 421 4838 εἰς
449 4770 566 4847 πόλεμον
589 4768 769 4833 καταστάντες
794 4765 904 4845 ὐξῄεσαν
927 4768 964 4833 εἰς

134 4889 161 4926 ω
186 4854 311 4937 θπαιθρον
339 4858 483 4938 ἀμφότεροι
504 4855 631 4933 δυνάμεσι
656 4855 784 4928 πολλαῖς,
805 4851 908 4930 γίνεταί
934 4875 963 4911 τε

186 4951 274 5007 αὐτῶν
298 4952 328 5008 ἐκ
350 4945 524 5026 παρατάξεως
543 4945 630 5023 ἀγών·
657 4942 775 5022 διίμενον
795 4941 848 5021 γάρ
870 4946 961 5020 ἄγχω·

185 5037 278 5113 μάλως
299 5038 500 5113 ἀγωνιζόμενοι·
523 5035 570 5096 καί
588 5032 744 5106 διελύθησαν
767 5031 819 5091 ὐπὸ
836 5034 883 5102 τῆς
896 5054 963 5090 νυκ-

184 5127 227 5193 τός
256 5127 402 5205 ἀμφίλογον
422 5124 611 5191 καταλιπόντες
632 5123 663 5183 τδ
691 5122 800 5201 νίκημα.
842 5123 912 5186 Ταῖς
938 5121 962 5178 δ’

184 5213 243 5289 ἑξῆς
267 5214 380 5294 ἡμέραις
400 5214 527 5290 μαθόντες
541 5211 685 5294 ἀμφότεροι
700 5215 753 5271 τῶν
767 5234 796 5270 τι
822 5208 962 5270 ἀπολωλό·

1739 393 1797 451 159

1019 524 1087 587 poris
1112 525 1192 588 spatio
1219 524 1292 575 valde
1308 525 1435 576 hominum
1459 525 1598 589 frequentia
1618 530 1643 577 et
1663 527 1751 592 opibus
1771 533 1797 579 et

1018 630 1113 694 reliqua
1133 631 1251 682 felicitate
1263 635 1337 682 aucta
1350 635 1402 693 est,
1415 646 1473 696 quae
1487 632 1589 698 triginta
1608 634 1710 685 Latinas
1724 636 1794 686 colo·

1017 739 1071 789 nias
1084 738 1243 801 condiderat,
1252 744 1279 791 et
1289 753 1387 804 semper
1401 741 1456 792 eius
1467 741 1547 805 gentis
1559 742 1688 806 imperium
1700 743 1795 795 trabae·

1018 849 1066 906 rat,
1078 860 1093 896 o
1106 847 1240 897 norissima
1259 848 1355 898 colonia
1372 860 1461 898 euersa
1478 847 1511 898 nd
1531 849 1578 899 hoc
1598 862 1677 913 usque
1699 853 1797 916 tempus

1017 951 1262 1017 desertaperrnenet.

1048 1059 1167 1108 celerum
1191 1060 1277 1111 Tullus
1298 1073 1354 1121 rer,
1367 1059 1507 1111 intermisso
1528 1060 1592 1111 bello
1616 1075 1660 1126 per
1676 1076 1731 1114 earn
1746 1063 1797 1113 lde·

1016 1178 1097 1227 mem,
1117 1179 1176 1215 vere
1191 1166 1292 1217 ineunte
1310 1167 1401 1216 iterum
1418 1166 1444 1216 in
1460 1166 1591 1218 Fidenates
1606 1169 1690 1231 copias
1701 1168 1795 1220 eduxit.

1016 1244 1177 1324 Fidenatibus
1201 1272 1286 1323 auem
1308 1270 1406 1336 publice
1429 1273 1564 1336 minema
1593 1274 1668 1323 nuris
1688 1274 1797 1327 eranu-

1016 1379 1064 1431 bus
1082 1379 1156 1431 sociis
1178 1377 1271 1430 auxilia
1290 1381 1424 1439 venerunt,
1438 1379 1483 1429 sed
1497 1381 1611 1431 mercede
1626 1381 1727 1444 quidam
1739 1396 1799 1434 con·

1016 1485 1086 1536 ducti
1104 1498 1137 1536 ex
1164 1485 1251 1536 multis
1277 1484 1337 1535 locis
1363 1484 1550 1547 manaverunt,
1575 1488 1665 1552 quibus
1686 1490 1741 1541 ireli
1766 1503 1798 1541 ea

1016 1594 1078 1645 urbe
1093 1594 1175 1658 copias
1191 1594 1297 1644 educere
1316 1594 1371 1644 ensi
1395 1598 1462 1645 sunt.
1496 1595 1600 1647 collatis
1620 1599 1705 1647 antem
1721 1599 1797 1664 signis

1016 1699 1042 1746 et
1061 1708 1151 1760 magne
1170 1695 1238 1746 crede
1261 1694 1327 1745 edila
1353 1709 1439 1745 rursus
1468 1694 1533 1745 intra
1556 1697 1648 1747 moenia
1676 1700 1796 1764 compulsi

1016 1800 1082 1848 sunt.
1131 1800 1194 1848 cum
1224 1811 1285 1849 vero
1314 1797 1400 1847 Tullus
1422 1797 1511 1848 urbem
1536 1797 1749 1852 circumvallasset
1772 1806 1797 1853 et

1017 1901 1092 1952 fossis
1114 1903 1242 1965 cinxisset,
1263 1905 1289 1953 et
1308 1902 1400 1952 incolas
1424 1901 1455 1952 ad
1475 1905 1614 1953 extremam
1636 1903 1744 1966 inopiam
1758 1918 1797 1956 rc·

1015 2006 1137 2072 degisset,
1160 2005 1242 2055 coacti
1260 2006 1319 2056 sunt
1333 2019 1360 2056 se
1378 2005 1428 2070 regi
1443 2004 1533 2070 quihus
1552 2005 1632 2057 voluit
1648 2006 1796 2058 conditioni·

1016 2108 1063 2160 bus
1089 2106 1189 2158 dedere.
1237 2109 1289 2157 ilex
1317 2107 1400 2170 itaque
1426 2106 1474 2157 hoc
1496 2107 1572 2158 modo
1595 2107 1659 2160 urhe
1687 2109 1797 2173 potitus,

1017 2208 1137 2272 supplicio
1157 2209 1258 2261 allectis
1275 2209 1423 2261 delectionis
1439 2209 1599 2272 auctoribus,
1617 2212 1707 2262 ceteris
1718 2214 1797 2263 omni·

1016 2311 1064 2363 hus
1073 2311 1185 2363 dimissis
1198 2311 1308 2376 permisit
1321 2314 1349 2361 nl
1361 2311 1449 2361 eodem
1460 2310 1550 2373 modo,
1562 2310 1711 2374 euocatos,
1726 2309 1798 2360 bonis

1016 2416 1068 2467 suis
1084 2417 1237 2474 frueremur,
1253 2415 1279 2465 et
1291 2414 1399 2464 civitatis
1414 2416 1480 2464 statu
1492 2412 1599 2476 pristino
1607 2412 1668 2478 ipsis
1683 2411 1798 2462 restituto

1016 2517 1154 2571 exercitum
1165 2514 1268 2567 dimisit.
1287 2519 1394 2566 Romam
1408 2518 1495 2567 autem
1514 2527 1629 2566 reversus
1640 2513 1797 2578 triumphans

1015 2622 1063 2673 diis
1077 2633 1194 2686 pompam
1205 2621 1231 2668 et
1251 2618 1374 2669 sacrificiu
1389 2630 1446 2680 qum
1466 2621 1570 2667 voveret
1585 2616 1707 2680 perscidit
1729 2636 1735 2664 ι
1756 2619 1796 2666 at·

1015 2732 1065 2783 que
1085 2719 1106 2768 is
1129 2718 1177 2767 luit
1197 2716 1323 2767 secundus
1346 2714 1491 2778 triumphus
1509 2726 1584 2776 quem
1597 2714 1653 2777 egit.

1048 2831 1146 2880 xxxii.
1162 2831 1216 2878 Hoc
1226 2828 1291 2879 bello
1305 2827 1417 2877 mulceto
1430 2827 1536 2876 alterum
1548 2828 1632 2875 orium
1647 2827 1686 2875 est
1700 2826 1797 2888 egente
1871 2824 1873 2829 ’

1016 2947 1106 2999 Sabino
1117 2946 1202 2997 :cuius
1210 2947 1278 3009 origo
1290 2946 1316 2996 et
1324 2944 1475 2996 caussnhoec
1484 2944 1539 2993 luit.
1572 2942 1797 3008 Fonurnqnoddam

1016 3067 1056 3114 est
1069 3062 1136 3127 quod
1148 3061 1313 3113 communiter
1323 3075 1339 3111 a
1351 3060 1447 3114 subims
1460 3063 1486 3111 el
1498 3058 1592 3110 Latinis
1606 3058 1696 3109 colitur
1707 3062 1797 3122 praeter

1016 3185 1098 3233 cetera
1121 3183 1251 3243 sanctum,
1267 3181 1378 3232 dicatum
1391 3179 1446 3230 dem
1455 3179 1566 3231 Feroniae
1587 3192 1677 3243 qnam,
1697 3176 1739 3242 qui
1755 3191 1798 3227 vo

1016 3310 1071 3348 cem
1083 3296 1156 3346 istam
1168 3296 1194 3345 in
1206 3298 1322 3348 Graecum
1333 3308 1471 3347 sermonem
1481 3297 1591 3355 vertunt,
1607 3291 1682 3343 modo
1692 3292 1798 3357 Ἀνθοφό-

1016 3428 1066 3475 ρον,
1091 3409 1166 3461 modo
1185 3411 1376 3473 Φιλοστέφανον,
1396 3408 1471 3459 modo
1492 3408 1644 3472 Φερσεφόνην
1664 3407 1796 3472 appellant,

1016 3523 1201 3576 ruricolonum
1215 3534 1247 3572 ex
1260 3520 1371 3572 finitimis
1385 3520 1528 3571 civitatibus
1540 3521 1573 3571 nd
1588 3521 1667 3571 statos
1685 3520 1739 3570 dies
1759 3519 1796 3569 le·

1016 3646 1068 3693 ctos
1092 3640 1165 3691 multi
1190 3639 1372 3690 conveniebant
1390 3638 1512 3689 sacrificio
1529 3640 1555 3690 et
1577 3641 1635 3689 vota
1660 3637 1714 3688 deae
1727 3635 1796 3686 solu·

1017 3759 1082 3819 turi,
1106 3754 1179 3806 mulli
1201 3753 1276 3805 etiarn
1299 3756 1400 3819 propter
1421 3752 1519 3816 negotia
1544 3754 1571 3803 ct
1593 3753 1743 3802 mercatores
1771 3751 1798 3799 et

1015 3868 1117 3934 opifices
1142 3869 1169 3918 et
1194 3864 1323 3929 agricolam
1338 3876 1395 3914 nam
1411 3862 1447 3913 ibi
1460 3863 1514 3913 erat
1528 3859 1605 3911 totius
1624 3857 1702 3908 ileliae
1716 3856 1796 3908 torum

1017 3979 1206 4031 nobilissimum.
1240 3977 1279 4027 Ad
1306 3976 1373 4025 hunc
1402 3972 1477 4037 igitur
1502 3971 1652 4021 conventum
1674 3971 1798 4018 Romanos

1017 4091 1143 4156 qrrondam
1170 4088 1296 4153 proiectos
1316 4085 1384 4136 viros
1399 4097 1448 4134 non
1462 4079 1581 4146 ignobiles
1600 4079 1684 4132 Sabini
1696 4080 1797 4145 quidam

1018 4207 1146 4257 vinxerant
1166 4208 1192 4255 et
1218 4201 1330 4268 pecuniis
1354 4199 1498 4266 spoliamnt‚
1517 4210 1563 4249 nec
1587 4197 1673 4262 legatis
1693 4196 1740 4248 luae
1766 4196 1798 4246 de

1018 4333 1107 4373 cadmo
1123 4316 1206 4368 missis
1232 4315 1370 4380 quidquam
1394 4314 1460 4378 mqni
1476 4313 1558 4364 iecere
1581 4312 1728 4372 voluerunt;
1753 4309 1798 4359 sed

1017 4433 1042 4479 et
1058 4428 1126 4492 ipsos
1138 4426 1252 4476 hominus
1267 4428 1292 4475 et
1312 4424 1430 4489 pecunias
1443 4423 1538 4474 ablatas
1553 4420 1722 4480 retinuerunt,
1750 4416 1797 4479 ipsi

1017 4551 1116 4603 quoque
1129 4535 1226 4588 crimini
1243 4537 1330 4586 dantes
1339 4534 1470 4593 Romanis,
1483 4533 1549 4597 quod
1564 4532 1707 4582 Sabinorum
1720 4540 1796 4578 cxsu-

1017 4652 1053 4701 lcs
1071 4654 1157 4716 aperio
1168 4650 1236 4713 asylo
1250 4663 1320 4699 sacro
1336 4648 1503 4713 suscepissent
1526 4661 1532 4691 ι
1546 4658 1596 4708 qun
1606 4642 1638 4693 de
1652 4653 1679 4690 re
1692 4640 1717 4690 in
1730 4654 1796 4705 prae-
1835 4640 1837 4644 ⁴

1019 4764 1122 4817 cedente
1133 4764 1196 4814 libro
1204 4762 1305 4815 ,dictum
1317 4764 1364 4812 est.
1397 4760 1436 4811 ob
1448 4758 1495 4808 has
1508 4757 1583 4821 igitur
1597 4755 1700 4805 mutuos
1710 4752 1796 4803 crimi-

1017 4879 1129 4930 nationes
1145 4876 1210 4928 bello
1226 4881 1295 4939 orto,
1311 4887 1414 4940 mugnus
1428 4872 1527 4935 uimque
1546 4872 1629 4937 copias
1641 4868 1796 4931 eduxerunt,

1018 4997 1044 5045 et
1072 4993 1124 5041 acie
1155 4990 1278 5041 instructa
1311 4989 1402 5040 acriter
1432 4985 1595 5038 condixerunt
1622 5002 1629 5034 :
1653 4982 1698 5034 sed
1728 4996 1798 5048 equo

1018 5108 1098 5157 marte
1115 5105 1270 5169 pugnarant,
1292 5105 1319 5152 et
1338 5098 1419 5151 noctis
1438 5098 1577 5150 interventu
1597 5096 1700 5148 victoria
1720 5095 1798 5145 dubia

1017 5215 1134 5281 dirempti
1145 5217 1212 5266 sunt.
1245 5207 1434 5275 insequentibus
1445 5219 1505 5259 vero
1516 5205 1613 5266 debus,
1629 5218 1686 5256 cum
1698 5203 1797 5264 utrique
