3980 5936
572 427 867 502 nhrtohtrndhnl
889 428 1037 494 ROMAN.
1058 432 1131 494 LIII.
1156 434 1193 494 li.

94 556 268 634 ὠνησαμίνων
280 558 312 615 ts
330 560 375 615 τοῦ
390 556 518 633 δημοσίου
531 560 579 628 τῆς
592 557 653 630 ίσης
669 556 812 635 λυσάμενοι
826 584 869 620 τι·

95 650 144 720 μῆς
157 645 295 705 άνίδοσαν.
323 643 394 716 ΙΙίαί
409 644 444 705 cd
460 644 510 724 μίν
525 646 715 725 κατεπείγοντα
725 646 799 707 δεινδ
812 655 870 709 τοὺ·

94 757 137 793 τον
149 733 202 884 ίγδν
222 732 320 814 τρόπον
341 734 520 815 χρησαμένων
535 745 588 803 τοῖς
609 737 765 816 πράγμασιν
783 738 870 797 αὐτῶν

94 823 147 883 διελ
177 844 237 883 υτο.

57 927 70 965 I>
131 911 241 975 XLIII.
268 915 336 974 Μετ’
350 914 381 974 οὑ
397 912 464 973 πολύ
490 913 518 973 δὲ
539 915 620 975 πάλιν
645 920 699 975 τῶν
724 914 870 996 δημάρχων

95 1002 136 1062 τδν
160 1000 227 1082 ὑπίρ
244 1005 289 1061 τοῦ
314 1000 395 1078 νόμου
419 1002 589 1082 εἰσφερόντων
614 999 709 1081 λόγον,
737 1002 871 1083 αἰφνιδίως

95 1115 133 1159 τις
153 1092 308 1170 εἰγγελθιῑοα
330 1088 465 1165 πολεμίων
488 1089 578 1172 ίροδος
600 1091 644 1152 iet
664 1091 712 1165 τὴν
724 1092 800 1172 [τῶν]
815 1094 870 1154 Τυ·

97 1180 216 1239 σκλάνων
231 1179 325 1251 πολιν,
341 1177 413 1237 αἰτία
437 1176 577 1247 κωλύσεως
593 1182 741 1258 ἀποχρῶσα
756 1181 869 1257 ἐγίνετο.

97 1270 155 1328 Τῶν
174 1269 225 1348 γάρ
246 1267 408 1329 Τυσκλάνων
430 1266 501 1327 κατά
523 1270 621 1340 πλῆθος
635 1271 672 1335 εἰς
692 1268 741 1341 τὴν
760 1267 871 1347 Ῥώμην

43 1375 70 1411 rs
97 1356 274 1436 α’ρικομίνων,
300 1355 346 1415 καί
365 1356 496 1433 λεγόντων
520 1355 561 1416 ότι
580 1355 691 1433 δυνάμει
712 1358 799 1438 πολλῇ
819 1357 872 1419 πά-

96 1468 174 1523 ρεισιν
189 1445 231 1504 ὑπ’
244 1446 337 1512 αὐτοὺς
351 1447 479 1517 Αἰκανοὶ,
494 1445 542 1504 καί
557 1444 606 1516 τὴν
622 1447 671 1521 μίν
682 1447 775 1527 χώραν
784 1448 871 1506 αὑτῶν

95 1533 144 1607 ἤδη
160 1533 338 1615 διηρπάκασι,
355 1533 404 1606 τὴν
419 1532 447 1593 δὲ
462 1532 553 1608 πόλιν,
572 1535 618 1594 tto
640 1534 679 1611 μή
702 1557 741 1602 τις
763 1534 873 1612 γίνηται

94 1625 187 1704 ταχεῖα
210 1622 364 1702 δπικουρία,
389 1622 531 1702 φθάσωσιν
553 1624 624 1689 isto<
647 1623 743 1702 ὀλίγων
765 1626 872 1704 ἡμερῶν

95 1712 221 1792 ἀράμενοι
235 1755 244 1785 ,
264 1718 282 1783 ἡ
304 1710 376 1790 μδν[
395 1702 456 1791 ούν]
473 1710 555 1790 βουλὴ
569 1711 628 1778 roh<
654 1712 769 1779 ὑπάτους
784 1714 873 1780 αὐτοῖς

37 1823 66 1861 rs
95 1801 240 1881 ἰψηρίσατο
259 1803 364 1879 βοηθεῖν
387 1801 561 1881 ἀμροτίρους·
579 1802 604 1859 oi
625 1799 652 1859 δί
678 1798 773 1859 ὑπατοι
787 1822 871 1881 στρα-

93 1889 213 1969 τολογίαν
239 1886 378 1967 προθίντες
404 1885 515 1948 ἰκάλουν
538 1887 598 1955 τοὺς
621 1886 730 1955 πολίτας
754 1887 872 1955 ἅπαντας

94 1978 135 2035 ἐπὶ
149 1975 183 2035 τά
197 1975 276 2035 όπλα.
318 1974 442 2054 Ἐγίνετο
455 1973 502 2052 μίν
523 1967 567 2035 ούν
584 1998 623 2043 τις
636 1974 682 2036 καὶ
695 1975 755 2036 τότε
769 1975 871 2052 στάσις,

93 2065 294 2145 ἐναντιουμένων
306 2068 340 2145 τῇ
351 2069 509 2145 καταγραρῇ
523 2069 577 2124 τῶν
588 2065 753 2145 δημάρχων,
764 2064 811 2125 καί
824 2062 872 2133 τὰς

95 2158 125 2213 lx
139 2156 193 2213 τῶν
208 2154 295 2232 νόμων
311 2155 440 2236 τιμωρίας
460 2160 490 2214 οὖ
515 2155 724 2237 συγχωρούντων
739 2160 871 2215 ποιεῖσθαι

30 2265 67 2304 2⁰
95 2240 162 2301 κατά
175 2244 228 2302 τῶν
242 2242 435 2304 ἀπειθούντων·
454 2241 571 2324 ἔπραξαν
591 2244 613 2304 δ’
629 2244 714 2304 οὑδίν.
766 2245 873 2305 Συνελ-

95 2336 173 2391 estne
188 2330 241 2412 γδιρ
259 2336 276 2403 ἡ
295 2331 376 2412 βουλὴ
396 2329 507 2409 γνώμην
523 2331 677 2401 ἀπεδείξατο
699 2330 759 2400 τοὺς
774 2356 870 2413 πατρι·

94 2421 162 2488 κίους
177 2421 220 2480 tel
236 2421 280 2480 τὸν
302 2419 416 2497 πολεμον
431 2419 525 2489 ίξιίναι
545 2419 592 2481 οὑν
607 2432 661 2489 τοῖς
674 2424 774 2481 ίαυτῶν
789 2420 872 2482 πελά-

94 2530 166 2581 ταις,
182 2511 235 2568 τῶν
258 2508 286 2567 δί
310 2507 398 2568 ἄλλων
421 2511 535 2570 πολιτῶν
559 2513 614 2578 τοῖς
629 2510 678 2585 μίν
704 2508 871 2589 βουλομίνοις

95 2596 214 2675 μετίχειν
237 2598 284 2664 τῆς
304 2594 444 2673 στρατείας
466 2597 511 2654 ἰπὶ
535 2597 655 2678 σωτηρίᾳ
678 2602 727 2669 τῆς
746 2597 872 2677 πατρίδος

95 2684 232 2761 γινομίνης
254 2683 313 2742 ὅσια
334 2674 400 2743 εἰναι
417 2684 453 2744 τὰ
470 2686 534 2766 πρὸς
550 2684 638 2760 θεοὺς,
654 2691 709 2754 τοῖς
724 2688 747 2746 δ’
761 2688 873 2765 ἰγκατα·

93 2773 212 2833 λείπουσι
224 2772 284 2838 τοὺς
302 2772 416 2839 ὑπάτους
432 2774 568 2835 τάναντία.
606 2773 657 2843 Ὧς
671 2774 698 2834 δὲ
714 2774 868 2852 ἀνεγνώσθη

94 2860 125 2921 τδ
138 2861 224 2940 δόγμα
240 2865 288 2932 τῆς
303 2864 399 2940 βουλῆς
413 2862 484 2943 ίντῇ
497 2862 640 2946 ίκκληαίερ,
653 2865 749 2925 πολλοὶ
765 2863 870 2923 καὶτοῦ

94 2951 178 3025 δήμου
193 2948 239 3008 τὸν
263 2951 354 3028 ἀγῶνα
374 2949 475 3017 ίκόντες
499 2951 658 3027 ὑπίμειναν·
672 2954 695 3012 oi
721 2953 770 3031 μίν
788 2956 871 3013 ἐπιει-

95 3038 216 3098 κίστατοι
230 3039 263 3098 δι’
277 3037 424 3118 αἰσχύνην,
436 3040 460 3098 εἰ
477 3039 560 3115 μηδίν
576 3041 781 3122 ἰπικουρήσουαι
795 3040 871 3101 πολει

95 3128 230 3207 συμμάχῳ
243 3127 288 3189 διδ
313 3126 361 3198 τὴν
376 3127 441 3209 πρὸς
459 3126 554 3197 αὑτοὺς
573 3130 673 3191 εὔνοιαν
698 3130 740 3190 int
760 3152 786 3188 τι
807 3127 872 3209 πρδς

94 3219 147 3275 τῶν
170 3218 270 3298 θχθρῶν
297 3217 488 3298 βλαπτομίνῃ·
504 3221 531 3277 ἰν
554 3209 592 3287 οἷς
611 3210 643 3291 ἦν
658 3219 737 3279 καὶὸ
763 3220 871 3285 Σίκκιος

96 3310 206 3380 ἐκεῖνος,
225 3310 239 3366 δ
251 3305 438 3385 κατηγορήσας
455 3308 482 3366 ie
495 3311 534 3385 τῷ
557 3306 634 3389 δήμῳ
648 3312 702 3368 τῶν
715 3329 871 3388 σφετερισα·

96 3394 180 3471 μίνων
196 3393 245 3464 την
259 3394 389 3469 δημοσίαν
403 3396 471 3472 γῆν,
489 3402 600 3472 σπεῖραν
617 3394 779 3472 ἐπαγόμενος
794 3395 872 3452 όκτα·

94 3483 190 3544 κοσίων
217 3485 332 3563 ἀνδρῶν,
353 3480 379 3541 oi
400 3482 589 3561 depascimini
616 3481 664 3558 μίν
687 3481 774 3542 αὑιιίτι
800 3481 872 3560 ὤραν

31 3618 37 3625 .
95 3562 185 3651 ε’ίχον,
202 3570 292 3652 ὥσπερ
315 3571 370 3630 οὐδ’
399 3573 512 3647 ἰκτῖνος,
538 3571 591 3630 οὐδ’
618 3568 728 3629 ἔπιπτον
750 3567 802 3628 ὑπδ
825 3568 872 3636 τδις

94 3660 213 3739 άνάγκας
226 3663 277 3719 τῶν
289 3660 394 3737 νόμων,
413 3661 540 3736 τιμῶντες
555 3658 639 3717 δίτὺν
652 3658 734 3738 ἄνδρα
751 3658 795 3717 διδ
809 3660 873 3716 πολ-

93 3751 143 3818 λάς
157 3750 203 3810 καὶ
226 3749 343 3827 μεγαλας
359 3747 524 3828 εὐεργεσίας,
547 3745 657 3816 ίξιόντος
673 3748 717 3806 ἐπὶ
734 3746 780 3806 τδν
794 3745 872 3805 πολε·

95 3861 145 3915 μον
156 3841 203 3899 οὑκ
215 3835 372 3897 ἐδικαίωσαν
391 3835 593 3897 ἀπολείπεσθαι.
640 3836 694 3896 Καὶ
706 3825 739 3908 ἧν
755 3841 831 3895 τοῦτο
844 3832 874 3892 τὸ

95 3926 175 4008 μίρος
190 3930 237 4000 τῆς
262 3924 413 3994 ἐξελθούσης
439 3924 499 3983 τότε
522 3923 675 4002 δυνάμεως,
702 3924 827 4006 ἰμπειρίρ
844 3946 875 3983 τε

57 4042 62 4066 ι
95 4014 206 4093 ἀγώνων
221 4014 268 4074 καὶ
281 4011 321 4083 τῇ
331 4012 405 4094 παρδ
421 4012 455 4073 τδι
466 4011 538 4074 δεινδ
552 4013 701 4094 εὐτολμίᾳ,
716 4016 811 4095 μακρῷ
827 4017 875 4072 τοῦ

94 4104 178 4164 ἄλλου
192 4095 326 4179 ipsisne!
350 4104 386 4164 Οί
397 4102 425 4162 δί
438 4102 531 4163 πολλοί
544 4103 636 4186 χάριτι
649 4103 695 4162 καί
707 4101 876 4181 παρακλήσει

93 4197 148 4253 τῶν
165 4191 355 4274 πρεσόυτάτων
370 4190 530 4272 ὑπαχθίντες
544 4190 660 4254 εἵποντο.
691 4182 747 4254 Ἦν
763 4190 791 4251 δί
806 4188 874 4274 [καὶ]

92 4306 121 4341 τι
138 4282 217 4363 μόρος
232 4279 265 4354 δ,
277 4285 330 4341 τῶν
350 4281 482 4362 ὠφελειῶν
502 4279 579 4341 ίνεκα
591 4326 600 4353 ,
614 4287 667 4342 τῶν
681 4283 708 4341 ἰν
722 4280 779 4348 ταῖς
793 4301 875 4360 στρα·

92 4371 177 4439 τείαις
190 4368 350 4449 γινομένων,
367 4369 456 4429 πάντα
471 4368 589 4430 κίνδυνον
606 4371 711 4445 ἕτοιμον
728 4362 761 4443 ἦν
774 4368 875 4446 ὑπομί·

46 4504 52 4513 .
92 4482 161 4520 νειν.
206 4457 259 4519 Ital
272 4459 304 4517 δι’
317 4458 406 4536 ὀλίγου
425 4456 520 4537 χρόνου
535 4459 645 4535 δύναμις
660 4458 751 4531 ίξῆλθί
763 4482 791 4518 τε
809 4459 876 4517 dno·

91 4551 190 4627 χρῶαα
215 4548 261 4607 καί
280 4555 460 4626 παρασκευαῖς
484 4547 636 4630 κεχρημένη
661 4546 875 4628 λαμπροτάταις.

93 4638 133 4698 0t
157 4635 205 4714 μίν
219 4628 263 4696 οὑν
283 4636 421 4715 πολίμιοι,
438 4635 651 4714 προακούσαντες
671 4638 712 4697 δτι
735 4637 877 4715 μόλλουαιν

92 4723 141 4786 ἐπ’
164 4724 256 4792 αὐτούς
279 4724 381 4804 ἰξάγειν
396 4722 529 4800 Ῥωμαῖοι
549 4724 694 4806 στρατιὺν,
717 4726 819 4803 αἰπῆγον
832 4723 876 4782 ἰπί

91 4812 170 4873 οίκου
197 4812 243 4880 τάς
265 4814 398 4892 δυνάμεις.
447 4812 526 4872 Οίδδ
547 4812 644 4874 ὑπατοι
664 4812 733 4872 κατδι
760 4809 877 4882 σπουδὴν

92 4903 264 4974 ἰλαύνοντες,
310 4901 566 4979 καταλαμόάνουσιν
604 4900 877 4981 ίστρατοπεδιυκότας

93 4988 192 5057 αὖτοὺς
212 4992 313 5060 πόλεως
326 4990 428 5053 Ἀντίου
440 4989 569 5063 πλησίω,
589 4993 616 5050 ἰν
630 4990 725 5070 ὑψηλῷ
746 4990 791 5049 καί
817 4993 881 5049 ἀπο·
935 4970 1105 5038 pmmpmqu
1590 5055 1595 5066 γ

869 5102 882 5147 ρ
935 5081 983 5118 nou
999 5065 1087 5131 prneul
1105 5065 1138 5116 ah
1159 5063 1208 5113 illis
1231 5060 1312 5110 costra
1335 5059 1479 5123 posuerunt.
1514 5058 1544 5107 Et
1565 5053 1716 5119 aliquedeu

93 5079 176 5160 τόμῳ
206 5081 312 5163 χωρίῳ,
336 5081 381 5140 καὶ
400 5079 532 5142 ’τίθενται
555 5078 604 5151 τὴν
632 5076 805 5158 παρεμόολὴν
834 5081 867 5150 τῆ

1645 440 1702 503 6⁶21

925 575 1040 628 restituto
1059 577 1164 642 111³,an
1182 595 1198 630 a
1218 580 1289 644 plebe
1311 578 1498 639 diremerint,
1523 594 1595 645 equo
1615 584 1704 647 pretio.

925 664 1008 720 Quum
1022 664 1097 730 Igitur
1117 666 1153 718 illi
1173 667 1199 718 in
1224 667 1264 717 hia
1287 667 1363 719 rebus
1380 668 1417 720 ita
1433 682 1460 720 se
1475 668 1624 733 gessissent,
1641 673 1706 724 mala

925 752 1069 817 reipublice
1083 755 1251 821 impendentia
1264 756 1422 823 disjecerunt.

956 941 1041 991 XLIII.
1053 943 1104 992 ltee
1120 942 1200 995 multo
1220 931 1281 1008 post'
1293 943 1400 994 tribunis
1411 945 1502 998 iterum
1515 949 1665 1001 mentionem
1674 951 1706 1002 de

925 1049 955 1086 es
967 1036 1020 1103 lege
1041 1038 1197 1096 iacientibus.
1214 1041 1347 1106 derepente
1365 1042 1456 1096 allatus
1472 1049 1586 1108 nuncius,
1602 1050 1633 1101 de
1649 1050 1707 1101 hos·

926 1132 989 1183 tium
1001 1134 1026 1183 in
1039 1147 1125 1198 agrum
1136 1134 1306 1187 Tusculanum
1326 1137 1478 1203 Irruptione‚
1498 1146 1601 1194 conatus
1619 1159 1706 1197 eorum

927 1228 996 1293 plana
1005 1228 1143 1294 impedivit.
1177 1233 1324 1285 Tusculanis
1340 1236 1406 1287 enim
1426 1251 1512 1302 magno
1530 1255 1635 1294 numero
1655 1247 1705 1296 Ito·

927 1341 993 1378 mam
1021 1327 1151 1391 protectis,
1180 1345 1209 1381 ac
1246 1332 1386 1385 dicentibus
1413 1339 1505 1401 AEquos
1530 1354 1588 1391 cum
1614 1342 1707 1406 lugenti

927 1426 1037 1479 exercitu
1058 1427 1161 1489 adesse,
1175 1433 1201 1481 et
1221 1444 1309 1494 agrum
1331 1449 1405 1487 suum
1420 1436 1452 1487 ab
1467 1438 1517 1489 illis
1531 1440 1581 1502 jam
1601 1443 1705 1507 popula-

927 1528 996 1585 tum,
1013 1524 1150 1591 urbemque
1164 1527 1222 1589 (nisi
1238 1530 1351 1583 celeriter
1373 1535 1475 1600 aliquod
1495 1539 1633 1591 subsidium
1645 1542 1704 1592 mit·

928 1623 1039 1686 teretur)
1063 1622 1127 1673 intra
1147 1638 1240 1688 paucos
1263 1629 1318 1680 elles
1348 1638 1515 1699 expugnatum
1540 1638 1581 1698 iri,
1604 1644 1706 1692 senatus

927 1717 1037 1768 decreuit
1047 1722 1076 1769 ut
1093 1719 1168 1770 amhn
1179 1724 1293 1776 consules
1311 1730 1494 1783 auxillumilhs
1507 1734 1605 1785 terrent.
1639 1739 1705 1787 Onn-

929 1806 998 1858 sules
1006 1819 1075 1869 vero,
1094 1807 1233 1863 delentibus
1242 1812 1351 1879 indictis,
1365 1818 1433 1871 cives
1445 1822 1574 1875 universos
1585 1830 1707 1878 vocarunt

929 1902 1047 1954 adama.
1061 1907 1238 1973 Tuncquoque
1256 1914 1311 1962 orta
1323 1918 1363 1965 est
1378 1916 1468 1968 sediti0
1482 1918 1586 1971 tribunis
1595 1921 1707 1996 delectus

929 2002 1131 2068 impedientibus.
1154 2013 1181 2062 ct
1194 2025 1279 2076 poenas
1298 2009 1394 2075 legibus
1417 2010 1563 2062 statutasde
1582 2015 1709 2062 contuma-

929 2099 1000 2151 cibus
1019 2103 1084 2155 sumi
1096 2106 1311 2170 mandentibus,
1331 2108 1376 2160 sed
1390 2108 1491 2160 trustra.
1523 2110 1629 2161 senums
1642 2110 1708 2160 enirn

929 2202 1029 2250 coactus
1049 2199 1168 2265 decrevit,
1192 2206 1222 2255 ut
1245 2205 1342 2271 patritii
1366 2220 1424 2258 cum
1447 2207 1500 2258 suls
1519 2207 1650 2259 clientibus
1676 2209 1708 2259 nd

929 2295 1022 2347 bellum
1038 2299 1270 2362 proficiscerentur:
1298 2304 1399 2370 relinquis
1418 2319 1479 2356 vero
1489 2306 1597 2367 ciuibus,
1620 2308 1664 2372 qui
1676 2309 1708 2358 sd

930 2401 996 2454 illam
1007 2404 1188 2471 expeditionem
1201 2418 1246 2469 pro
1267 2405 1354 2470 petrice
1369 2403 1450 2455 salute
1464 2409 1604 2469 susceptam
1626 2421 1654 2457 sa
1670 2421 1709 2458 so-

929 2501 981 2552 cios
993 2501 1057 2553 ultro
1066 2502 1234 2561 addidissent.
1249 2501 1312 2553 deos
1325 2501 1446 2567 propitios
1461 2500 1542 2565 dicit,
1555 2504 1709 2554 contrairem

929 2601 1058 2652 consulum
1071 2602 1238 2653 desertoribus
1247 2601 1363 2652 intensos.
1399 2602 1434 2649 Ilo
1445 2599 1661 2651 senatusconsulto
1684 2599 1709 2649 in

934 2697 1052 2748 concione
1078 2699 1197 2760 recitato,
1215 2698 1288 2750 multi
1304 2698 1380 2749 etiem
1405 2696 1438 2747 de
1456 2696 1529 2761 plebe
1552 2696 1651 2747 nomiae
1678 2697 1709 2747 ad

930 2799 998 2851 illam
1028 2796 1141 2849 militiam
1167 2796 1231 2848 ultro
1260 2795 1396 2855 dederunt;
1431 2807 1461 2845 ac
1490 2792 1601 2843 homines
1623 2792 1711 2856 optimi

929 2897 1029 2961 meent,
1045 2896 1139 2962 pudore
1152 2895 1220 2959 meh,
1232 2908 1264 2946 nc
1277 2893 1373 2946 civitati
1384 2893 1518 2951 Imderatco,
1531 2895 1631 2957 propter
1641 2905 1710 2943 snum

930 2994 1126 3047 benevolentiam
1147 3006 1205 3057 erge
1233 2991 1352 3057 populum
1389 2994 1528 3043 homonum
1557 3004 1655 3055 semper
1678 2990 1711 3041 sb

930 3093 1044 3146 hostibus
1058 3094 1166 3149 vexate.
1181 3091 1313 3143 deessent:
1334 3091 1396 3142 inter
1414 3105 1477 3156 quus
1493 3093 1546 3141 emt
1572 3094 1598 3140 et
1619 3089 1713 3141 Siccius

930 3193 981 3255 ille,
989 3193 1033 3258 qui
1048 3192 1114 3259 apud
1124 3191 1241 3258 populum
1253 3191 1366 3243 invectus
1379 3190 1459 3242 iuerat
1470 3189 1496 3240 in
1507 3202 1560 3244 eos,
1572 3189 1713 3255 quisgrum

929 3290 1058 3357 publicum
1079 3290 1241 3354 occuparent;
1266 3287 1422 3351 ducehotque
1440 3285 1571 3336 cohortem
1583 3285 1711 3351 octIngen·

931 3394 1014 3442 torum
1025 3387 1146 3447 virorum,
1157 3385 1199 3450 qui
1220 3387 1293 3436 etate
1306 3383 1408 3449 quidem
1429 3381 1530 3433 militari
1549 3396 1598 3432 nou
1607 3382 1714 3447 amplius

931 3492 1010 3550 erant,
1023 3491 1053 3539 ut
1073 3499 1119 3538 nee
1131 3483 1181 3545 ille,
1199 3483 1293 3548 quique
1310 3482 1385 3533 nullis
1406 3480 1502 3532 mllltim
1529 3479 1625 3544 legibus
1644 3480 1715 3531 erant

931 3583 1031 3636 obnoxii
1044 3601 1051 3631 a
1072 3582 1117 3634 sed
1128 3580 1199 3631 illum
1213 3580 1295 3630 virum
1306 3578 1339 3629 ob
1359 3577 1440 3628 multa
1457 3580 1484 3628 et
1496 3589 1583 3639 magns
1595 3574 1715 3626 beneficia

932 3684 964 3734 ab
977 3682 1120 3745 cosccspta
1147 3678 1311 3738 honorantes,
1339 3675 1370 3725 ad
1389 3673 1503 3725 militiam
1518 3673 1715 3739 proticiscentem

932 3782 1047 3833 deserere
1061 3790 1163 3841 eqonm
1174 3788 1230 3826 esse
1254 3775 1471 3826 noncensuerunt.
1505 3776 1586 3836 Atque
1597 3771 1645 3822 ista
1658 3785 1716 3837 pnrs

933 3877 1069 3942 coplarnm,
1079 3874 1139 3923 tunc
1154 3871 1257 3923 exurbe
1271 3870 1427 3930 musarum,
1441 3868 1565 3933 reliquum
1578 3868 1715 3919 exercilum

934 3979 969 4029 rei
989 3974 1105 4027 militaris
1123 3971 1212 4039 peritia
1245 3973 1270 4022 et
1306 3967 1449 4021 tortitudIne
1476 3968 1548 4030 longe
1572 3966 1714 4033 superabat.

933 4078 980 4129 Alii
996 4077 1080 4128 autem
1100 4072 1186 4135 muIII,
1211 4070 1290 4137 gretia
1307 4072 1335 4121 et
1350 4067 1521 4119 adhortatione
1537 4063 1661 4117 seniorum
1672 4066 1715 4117 ed·

933 4177 1011 4239 ducti,
1024 4188 1067 4225 cas
1076 4172 1252 4237 sequebantur.
1288 4170 1363 4219 lirant
1377 4167 1453 4218 etiam
1477 4164 1604 4227 nonnulli,
1618 4164 1716 4230 quispe

933 4280 1033 4345 praedm,
1047 4292 1104 4345 qum
1117 4275 1213 4329 milltire
1230 4267 1356 4337 queritur,
1375 4266 1407 4317 ad
1426 4264 1522 4330 quevis
1533 4265 1645 4329 pericula
1656 4262 1716 4314 sub·

934 4378 1015 4429 cunda
1031 4376 1112 4442 parati
1134 4373 1212 4426 crunt
1255 4366 1390 4432 brevisque
1408 4364 1525 4429 hnpom
1546 4363 1626 4430 spatio
1648 4376 1717 4414 exer·

934 4477 1006 4534 attus.
1023 4475 1084 4528 setis
1106 4472 1205 4524 validus
1220 4472 1247 4521 et
1259 4466 1398 4519 instructus
1417 4461 1626 4528 splendidissime,
1642 4461 1716 4513 educ·

934 4576 1032 4623 tusest.
1067 4568 1202 4628 Athostes,
1214 4579 1293 4630 quum
1312 4560 1502 4627 precessissent
1517 4563 1643 4611 Romanos
1659 4573 1715 4610 cnm

933 4669 1013 4735 copiis
1029 4669 1115 4719 contra
1143 4677 1170 4715 se
1191 4664 1319 4719 venturos,
1349 4657 1487 4711 exercitum
1512 4668 1585 4706 suum
1614 4654 1716 4706 domum

933 4771 1093 4822 rcdnxernnt.
1130 4764 1180 4816 sed
1195 4761 1319 4823 consules,
1341 4760 1389 4813 iter
1404 4771 1492 4824 magna
1515 4754 1671 4807 ieshnatlone
1683 4756 1717 4805 sa·

934 4874 1033 4931 cientes,
1048 4885 1092 4924 eos
1105 4881 1180 4934 prope
1204 4865 1301 4917 Antium
1325 4862 1432 4914 assecuti
1447 4864 1515 4919 sunt,
1537 4859 1561 4910 in
1580 4857 1678 4909 excelso
1690 4863 1715 4908 et

1106 4967 1180 5018 οθοεπ
1201 4963 1256 5013 locn
1272 4964 1356 5011 castra
1373 4963 1498 5022 metatos3
1516 4959 1543 5008 ct
1559 4956 1606 5021 ipsi
1618 4969 1716 5020 qunque

92 5168 206 5228 ἰκείνων
226 5169 255 5226 ού
273 5169 375 5251 πρόσω.
418 5166 493 5234 Tine
514 5166 563 5244 μίν
584 5158 629 5227 οὗν
648 5169 675 5227 ίν
698 5176 755 5233 ταῖς
778 5168 879 5225 ἑαυτῶν
935 5163 1034 5228 utrique
1046 5162 1203 5213 intrasuase
1215 5154 1391 5207 continuerunt
1432 5152 1541 5203 Tandem
1557 5149 1644 5215 AEqui,
1659 5163 1716 5200 con·

91 5257 228 5337 ὑετίμενον
245 5259 387 5339 ἀμφότεροι
398 5255 595 5339 παρεμόολαῖς·
606 5254 699 5317 ίπειτα
715 5253 882 5336 καταρρονή·

935 5261 1010 5315 tentis
1021 5258 1146 5321 liemcule,
1162 5252 1265 5321 quodsc
1280 5249 1375 5315 priores
1385 5262 1434 5299 nen
1444 5248 1602 5305 Invasissent‚
1617 5247 1715 5310 ratique
