4070 5926
684 447 979 522 nNt‘totJtTnTttttt
998 451 1146 515 ROMAN.
1170 456 1243 516 tttt.
1267 457 1317 517 tx.

173 576 202 636 δί
217 577 361 657 ιἰνθρώπων
377 580 401 637 οί
421 578 468 655 μίν
488 580 514 637 ίν
535 581 594 645 ταῖς
608 578 708 646 κοίταις
724 578 764 639 ίτι
785 579 857 647 ὄντες
871 604 952 641 κατε-

172 664 329 746 σράγησαν,
343 668 366 725 οἱ
379 665 403 724 δ’
418 666 588 742 ἀνιστάμενοι
604 666 701 748 άρτίως
715 667 762 728 καί
776 666 810 728 τδι
823 667 894 728 ὅπλα
909 671 952 729 ds·

172 753 291 831 δυόμεναι
304 798 313 827 ,
328 756 353 814 ol
364 755 386 813 δ’
397 755 562 832 ὡπλισμένοι
573 753 621 834 μίν
633 798 642 826 ,
656 755 787 836 σποράδες
800 756 827 815 δὲ
839 757 884 816 καί
902 759 951 817 οὐκ

172 844 199 901 lu
218 842 291 913 τάξει
309 842 489 920 ἀμυνόμενοι,
505 844 529 903 οί
555 844 582 903 δὲ
606 844 727 905 πλεῖστοι
742 844 882 926 φεύγοντες
904 847 949 906 tari

133 949 145 986 ε
172 932 216 991 τύν
232 931 320 1012 ἕτερον
344 932 454 1014 χάρακα
475 932 527 994 ort
545 936 599 993 τῶν
618 935 720 996 ἱππέων
743 933 952 1010 καταλαμόανό-

176 1040 250 1096 μενοι
264 1020 454 1101 διερθάρησαν.

215 1109 336 1170 XXXV.
358 1111 384 1170 Τ
385 1113 461 1166 οῦτον
481 1104 509 1167 δδ
529 1106 573 1167 τδν
596 1107 693 1188 τρόπον
710 1108 817 1177 δλόντος
840 1114 886 1169 τοῦ
899 1112 952 1169 τῶν

175 1196 297 1256 Σαόίνων
314 1198 447 1279 χάρακος,
462 1187 511 1272 ἥγε
525 1197 573 1269 τλν
595 1196 706 1274 δύναμιν
722 1203 736 1258 δ
750 1197 894 1277 Οὐαλέριος
909 1198 952 1258 ἐπί

174 1287 218 1342 τὸν
233 1282 336 1366 ίτερον,
350 1287 411 1346 ίνθα
424 1275 492 1357 ἦσαν
506 1285 531 1344 οἱ
544 1285 715 1359 Οὐιεντανοί,
725 1284 822 1367 χωρίον
837 1288 866 1345 οὐ
880 1285 949 1345 πάνυ

124 1395 148 1434 to
174 1374 266 1454 ἐχυρὸν
278 1374 478 1454 κατειληφότες.
523 1376 619 1433 Λαθεῖν
635 1374 682 1450 μὲν
699 1367 743 1434 οὐν
758 1374 845 1435 οὐκίτι
864 1373 953 1434 tratt-

173 1484 236 1542 χετο
256 1461 315 1529 τούς
331 1464 488 1541 προσιόντας
505 1465 544 1542 τῷ
564 1461 680 1542 χάρακι·
704 1461 793 1543 ἡμίροι
807 1486 836 1522 τε
854 1460 906 1542 γύιρ
919 1454 952 1536 ἦν

174 1550 226 1622 ἤδη
241 1552 369 1631 λαμπροί,
384 1550 430 1610 καί
452 1553 504 1608 τῶν
520 1549 644 1611 Σαόίνων
668 1554 692 1610 oi
707 1550 844 1633 φεύγοντες
865 1554 953 1630 άπηγ·

173 1643 264 1719 γειλαν
284 1650 337 1707 τοῖς
359 1642 506 1719 Τυρρηνοῖς
519 1639 568 1711 τήν
588 1663 617 1700 τε
637 1644 724 1699 αὐτῶν
744 1640 884 1721 συμφοράν
906 1640 952 1701 καί

174 1728 224 1800 τὴν
246 1730 287 1788 ἔπ’
316 1728 430 1795 ίκείνους
450 1729 553 1789 ίλασιψ
576 1730 717 1808 ἀναγκαῖον
743 1730 766 1788 δ’
792 1722 824 1802 ἦν
848 1733 878 1789 ln
905 1735 951 1790 τοῦ

123 1845 146 1883 η,
174 1821 304 1897 καρτεροῦ
325 1818 377 1884 τοῖς
400 1817 535 1894 πολεμίοις
557 1819 746 1900 συμφέρεσθαι.
792 1819 898 1883 Γίνεται
923 1819 950 1878 δὲ

175 1903 243 1980 μετδ
261 1910 339 1965 τοῦτο
352 1904 427 1985 πάση
447 1905 579 1987 προθυμίη
599 1911 653 1966 τῶν
666 1909 810 1989 Τυρρηνῶν
826 1909 953 1985 ιίγωνιζο·

174 1994 259 2071 μένων
286 1995 338 2075 πρδ
358 1999 405 2065 τῆς
432 1994 603 2074 παρεμόολῆς
623 1996 695 2066 θξεῖα
714 1997 790 2077 μάχη
812 1997 857 2056 καλ
878 1998 953 2078 ρόνος

175 2082 330 2162 άμροτέρων
345 2080 444 2158 πολύς,
472 2083 611 2164 ἰσόρροπός
625 2107 653 2145 τε
677 2086 723 2144 καί
747 2085 827 2165 μέχρι
852 2085 951 2144 πολλοῦ

175 2170 391 2250 ταλαντευομένη
405 2172 469 2251 τῇδε
481 2173 527 2232 καί
547 2175 606 2254 τῇδ’
622 2179 640 2247 ἡ
663 2173 747 2252 κρίσις
763 2177 809 2232 τοῦ
823 2170 951 2251 πολίμου.

123 2284 150 2321 αι
176 2257 291 2321 Ἔπειτα
312 2260 436 2319 διέδοσαν
461 2264 485 2319 ol
500 2262 633 2344 Τυρρηνοί
657 2260 709 2323 barb
729 2265 777 2335 τῆς
797 2259 953 2339 Ῥωμαῖκῆς

176 2348 330 2417 ίξιυσθίντες
348 2347 448 2422 ἵππου,
464 2349 510 2409 καὶ
524 2350 712 2440 ἀπεχώρησαν,
722 2353 759 2418 τίς
772 2349 817 2410 τδν
833 2351 951 2431 χάρακα.

176 2437 211 2500 ‘0
227 2441 250 2498 δ’
265 2438 364 2504 ὕπατος
377 2438 525 2509 ἠκολούθει·
540 2441 586 2499 καί
609 2441 701 2514 ἐπειδὴ
714 2441 828 2514 πλησίον
850 2439 953 2519 ίγίνετο

176 2531 228 2587 τῶν
252 2528 405 2607 ἐρυμάτων·
428 2519 462 2600 ἦν
477 2527 505 2587 δδ
519 2527 627 2610 ραύλως
643 2527 891 2604 κατεσκευασμίνα,
906 2529 952 2587 καὶ

176 2615 206 2675 τδ
219 2617 327 2696 χωρίον,
340 2615 429 2696 ὥσπερ
441 2616 507 2699 ίρην
515 2659 524 2688 ,
534 2620 563 2679 οὐ
577 2618 647 2679 πάνυ
660 2617 785 2701 δσραλίς·
801 2615 953 2695 προσίόαλε

124 2722 150 2762 ao
177 2704 247 2763 κατὰ
261 2703 348 2765 πολλὰ
368 2703 436 2784 μίρη
460 2704 538 2766 τότε
560 2704 651 2765 λοιπδν
669 2707 769 2778 ἐκείνης
789 2708 836 2775 τῆς
851 2707 952 2786 ἡμέρας

178 2792 255 2873 ιιίρος
275 2794 497 2873 ίπιταλαιπωριῖνν
516 2793 562 2853 καί
583 2796 643 2854 οὐδὲ
664 2793 713 2867 τὴν
728 2797 854 2855 ἐπιοῦσαν
870 2795 952 2852 νύκτα

176 2883 405 2954 ἀναπαυσάμενος.
449 2885 484 2942 Ol
500 2883 527 2942 dl
541 2884 673 2965 Τυρρηνοί
685 2894 743 2953 ταῖς
764 2881 885 2962 συνεχέσι
900 2906 952 2941 κα-

176 2968 328 3039 κοπαθείαις
345 2971 518 3051 ἀπειρηκότες
540 2971 690 3032 ἐκλείπουσι
710 2971 753 3031 τδν
768 2968 877 3050 χάρακα
891 2970 952 3050 περὶ

176 3060 221 3121 τδν
234 3061 339 3142 ὄρθρον·
356 3060 402 3121 καί
422 3065 445 3121 οἱ
458 3062 505 3138 μίν
523 3063 560 3129 είς
580 3061 629 3134 τὴν
646 3061 722 3121 πολιν
738 3064 863 3140 ίρευγον,
877 3066 902 3121 οἱ
921 3059 949 3119 δδ

124 3164 151 3205 m
177 3154 213 3220 είς
228 3152 275 3219 τδς
291 3149 403 3222 πλησίον
422 3149 484 3217 tta<
510 3150 717 3222 ἐσκεδάσθησαν.
762 3150 905 3226 Γενόμενος
926 3148 952 3208 δί

176 3240 222 3302 καί
236 3239 328 3300 τούτου
342 3245 388 3297 τοῦ
408 3237 527 3319 χάρακος
547 3238 692 3318 ἐγκρατὴς,
707 3235 807 3312 ἐκείνην
832 3237 880 3316 μὲν
903 3236 952 3312 τὴν

175 3329 277 3410 ἡμίραν
292 3327 426 3388 ἀνίπαυσε
441 3326 489 3399 τὴν
504 3326 645 3408 στρατιάν·
661 3332 695 3408 τῇ
709 3326 731 3387 δ’
744 3326 801 3399 ἑῆς
815 3328 849 3387 τά
861 3349 890 3386 τε
903 3327 952 3387 λά·

176 3442 264 3500 ρυρα,
285 3418 335 3477 ὅσα
350 3415 376 3486 ἐξ
391 3416 548 3498 ἀμροτίρων
566 3414 664 3501 εἰλήφει
677 3420 730 3476 τῶν
749 3416 951 3498 στρατοπίδων,

177 3506 290 3580 διίνειμε
313 3507 366 3572 τοῖς
383 3505 588 3584 ἀγωνισαμένοις
610 3498 700 3565 πολλά
721 3505 800 3577 ὄντα,
823 3504 870 3563 καὶ
893 3503 953 3572 τούς

124 3613 150 3654 as
179 3595 385 3677 &precationesue
400 3597 427 3653 ἐν
449 3602 506 3661 ταῖς
527 3592 629 3672 μάχαις
644 3594 698 3660 τοῖς
714 3595 832 3654 εἰωθόσιν
846 3592 953 3666 ἐκόσμει

179 3683 324 3764 στεράνοις.
366 3672 424 3743 Ἦν
439 3680 466 3741 δδ
480 3685 495 3740 δ
510 3682 638 3761 κράτιστα
653 3681 756 3743 πάντων
771 3678 951 3760 ἀγωνίσασθαι

179 3771 254 3843 δόξας
268 3771 315 3832 καί
333 3771 495 3852 τρεψάμενος
510 3768 558 3841 την
582 3771 748 3831 Οὐιεντανῶν
768 3768 880 3845 δύναμιν
903 3771 953 3829 Σε·

179 3860 307 3945 ρουίλιος,
326 3865 393 3941 δτῷ
407 3858 527 3939 προτέρῳ
547 3861 697 3946 ὑπατεύσας
715 3861 767 3918 lter
784 3859 830 3918 καί
847 3858 895 3931 τὴν
911 3859 955 3918 ἐπὶ

175 3960 220 4016 τοῦ
235 3956 319 4034 δήμου
330 3955 405 4028 δίκην
419 3951 572 4037 ἀποφυγὼν,
585 3946 749 4033 πρεσόιυτύτ
760 3945 820 4006 τότε
831 3945 870 4024 τῷ
881 3944 952 4004 Οὐα·

123 4069 150 4106 ro
175 4045 253 4126 λερίῳ
264 4043 458 4125 συμπεμφθεὶς,
468 4045 515 4103 καί
529 4044 574 4102 tat
590 4046 621 4121 ’ᾖ
640 4036 759 4122 ἀριστεία
774 4035 839 4113 τῇδε
852 4031 899 4100 rt<
910 4053 953 4090 νθ·

177 4133 317 4209 μιζομένας
331 4123 398 4191 εἶναι
413 4130 539 4210 μεγίστας
550 4129 623 4210 παρδι
638 4126 781 4205 Ῥωμαίοις
801 4120 899 4203 δωρεὰς
911 4123 952 4180 θῦ·

176 4244 219 4289 τος
231 4213 262 4293 ἦν
278 4224 292 4280 ὁ
306 4226 409 4302 πρῶτος
422 4220 630 4300 ίξενεγκάμενος.
673 4218 753 4280 Μετδι
762 4218 847 4274 ταῦτα
857 4208 953 4277 τούετε

176 4312 229 4368 τῶν
246 4310 381 4385 πολεμίων
397 4310 543 4378 σκυλεύσας
556 4306 662 4388 νεκρούς
677 4310 691 4366 δ
707 4305 815 4377 ὕπατος,
834 4298 880 4359 καί
901 4300 953 4357 τῶν

177 4397 249 4459 ἰδίων
256 4397 341 4479 aspir<
348 4396 617 4477 ποιησάμενος,ίξῆγε
625 4395 673 4468 τὴν
684 4391 821 4475 στρατιδιν,
832 4388 878 4449 καί
884 4388 953 4457 πλη·

122 4504 149 4544 σε
177 4484 232 4545 σίου
242 4488 289 4556 τῆς
299 4481 465 4542 Οὐιεντανῶν
476 4478 576 4547 πόλεως
588 4478 762 4552 καταστήσας
777 4478 955 4563 προύκαλεῖτο

177 4571 237 4640 τούς
251 4573 335 4631 ἔνδον.
381 4567 430 4635 Ὧς
450 4570 473 4626 δ’
488 4569 572 4635 οὐδεὶς
587 4566 657 4648 ἐξῄει
673 4569 875 4648 μαχησόμενος,
890 4569 955 4626 άπο·

178 4683 222 4740 ρον
239 4664 306 4740 δρῶν
318 4663 412 4739 χρῆμα
430 4658 460 4716 ίκ
471 4660 647 4737 τειχομαχίας
663 4657 758 4723 αὐτοὺς
773 4659 841 4714 ίλεῖν
857 4654 954 4732 δχυρδν

178 4749 278 4832 σρόδρα
293 4751 402 4828 ίχοντας
416 4746 513 4822 πόλιν,
527 4749 573 4817 τῆς
587 4750 636 4822 γῆς
650 4745 737 4803 αὐτῶν
751 4741 852 4813 πολλὴν
869 4764 955 4800 κατα-

178 4838 286 4919 δραμὼν
301 4841 337 4905 είς
357 4838 405 4913 τὴν
428 4835 552 4898 Zoticus
574 4834 692 4895 ι’νέόοιλε.
735 4830 911 4905 Λεηλοιτήσας
927 4830 955 4890 δδ

122 4959 150 4997 ω
178 4928 302 5001 κάκείνην
319 4927 358 4988 ἔτι
373 4928 496 5006 ἀκίραιον
514 4915 595 4983 οὖσαν
616 4924 661 4981 ἐπὶ
675 4919 774 4989 πολλδις
792 4920 891 4999 ἡμέρας
910 4919 955 4978 καί

179 5017 288 5099 βαρεῖαν
309 5017 361 5090 ἤδη
383 5014 431 5088 τὴν
455 5010 606 5083 ἀποσκευὴν
628 5011 697 5090 ίχων
718 5010 777 5075 ταῖς
800 5006 952 5088 ὠρελείαις,

177 5110 281 5186 ἀπῆγεν
295 5106 336 5164 ἆτ’
348 5103 421 5164 οίκου
435 5102 483 5174 τὴν
496 5100 622 5178 δύναμιν·
637 5098 683 5158 καί
697 5100 769 5178 αὐτῷ
783 5098 857 5175 θμίν
872 5096 955 5171 δῆμος
1035 5154 1039 5161 ,

174 5198 228 5277 πρὸ
241 5195 341 5255 πολλοῦ
359 5196 408 5264 τῆς
421 5191 523 5257 πολιως
536 5188 590 5248 όντι
599 5185 810 5266 διτερανωμίνος
831 5182 953 5263 ὑπήντα,

174 5285 332 5350 λιόανωτοῖς
341 5306 369 5341 τε
381 5282 481 5359 θυμιῶν
495 5278 543 5349 τὴν
560 5277 676 5357 πάροδον
690 5275 736 5337 καί
753 5278 886 5358 κρατῆρσι
901 5296 952 5351 με·

1725 449 1782 527 ost

1007 588 1132 641 cubilibus
1149 591 1233 642 adbuc
1244 593 1393 644 accubantes
1412 595 1519 659 jugulati
1536 601 1609 658 suut;
1629 600 1683 659 atii,
1703 616 1789 653 recens

1007 709 1138 770 surgentes
1147 712 1172 757 et
1184 722 1212 758 se
1227 712 1360 767 armantes,
1381 709 1424 761 alli
1434 711 1487 775 lam
1507 714 1614 773 armati,
1631 715 1674 766 sed
1692 719 1787 782 passim

1007 823 1032 869 et
1046 819 1115 870 unllo
1133 820 1220 873 ordine
1238 828 1418 888 repugnantem
1440 825 1543 891 plurimi
1564 841 1625 878 vero
1655 829 1687 880 ad
1709 833 1788 884 altera

1007 942 1088 988 castra
1097 936 1220 1002 fugientes
1230 940 1263 989 ab
1271 940 1400 1005 equitibus
1410 941 1540 1007 intercepti
1556 945 1692 1008 perierunt.

1039 1142 1135 1191 XXXV.
1153 1143 1206 1191 Hoc
1219 1143 1292 1191 inodo
1306 1145 1386 1207 captis
1402 1145 1550 1197 Sabinorum
1562 1149 1660 1209 castris,
1672 1151 1790 1201 Valerius
1881 1206 1883 1209 ,

1007 1258 1065 1294 cum
1079 1244 1157 1309 copiis
1168 1244 1295 1297 contendit
1312 1246 1344 1297 ad
1358 1249 1436 1299 altera
1449 1253 1548 1311 castra,
1562 1250 1587 1301 in
1609 1252 1703 1317 quibus
1719 1258 1790 1304 erant

1007 1350 1131 1409 Veientes,
1141 1352 1187 1414 qui
1210 1353 1293 1405 lorum
1312 1369 1362 1406 uon
1385 1356 1458 1406 valde
1478 1357 1604 1408 munitum
1628 1364 1788 1424 occuparant.

1008 1456 1044 1507 Ad
1057 1471 1157 1511 cavero
1169 1467 1252 1513 castra
1266 1462 1410 1513 accedentes
1429 1461 1506 1513 latere
1525 1463 1633 1527 amplius
1653 1480 1701 1515 non
1719 1470 1791 1530 pote-

1007 1566 1073 1612 rant.
1089 1566 1142 1614 lam
1155 1566 1220 1617 enim
1229 1566 1284 1617 dies
1295 1565 1361 1617 clara
1372 1571 1438 1626 erat,
1450 1570 1476 1617 et
1489 1567 1590 1627 Sabini,
1604 1569 1649 1633 qui
1662 1569 1787 1634 fugerant,

1007 1644 1122 1720 lttruscis
1133 1672 1247 1722 rtmtlem
1256 1671 1352 1722 cladem
1364 1675 1391 1723 et
1400 1672 1462 1737 ipsis
1473 1672 1642 1723 imminentem
1657 1676 1790 1728 nuntiare·

1008 1777 1072 1824 rant.
1106 1778 1210 1828 Necesse
1223 1778 1300 1843 igitur
1310 1775 1371 1837 luit.
1388 1781 1417 1828 ut
1434 1778 1524 1828 acriter
1539 1792 1596 1830 cum
1613 1779 1728 1832 hostibus
1743 1796 1792 1846 pu·

1007 1883 1118 1943 gnarent.
1152 1885 1211 1932 tlon
1222 1882 1312 1948 igitur,
1332 1883 1446 1933 Etruscis
1459 1896 1505 1948 pro
1523 1884 1612 1934 castris
1624 1886 1691 1935 omni
1704 1885 1788 1936 studio

1007 1984 1196 2045 dimicantibus,
1222 2000 1279 2037 acre
1301 1987 1417 2052 proeliurn
1439 1988 1606 2038 committitur
1621 2002 1680 2040 cum
1700 2004 1789 2056 magua

1008 2092 1171 2153 utrorumque
1192 2094 1289 2154 strago;
1305 2095 1331 2141 ct
1345 2090 1390 2141 diu
1410 2091 1511 2156 ancipiti
1525 2094 1620 2153 Marte,
1641 2092 1716 2143 modo
1738 2094 1787 2144 buc

1007 2188 1082 2241 modo
1097 2189 1156 2241 illuc
1167 2189 1299 2242 inclinante
1309 2191 1425 2249 victoria,
1441 2194 1579 2256 pugnaturn
1597 2194 1644 2242 est.
1678 2192 1789 2244 Tandem

1007 2295 1118 2354 Etrusci,
1141 2310 1156 2346 a
1171 2297 1337 2347 Romanorum
1355 2296 1469 2361 equitatu
1490 2296 1556 2361 pulsi
1572 2297 1626 2347 loco
1645 2303 1786 2357 cesserunt,

1007 2408 1032 2455 et
1048 2404 1073 2454 in
1085 2406 1168 2454 castra
1178 2416 1206 2454 se
1224 2407 1380 2468 receperunt.
1413 2407 1445 2455 nt
1461 2404 1548 2455 consul
1563 2419 1606 2455 cos
1623 2406 1786 2472 sequebatur,

1007 2512 1033 2558 et
1044 2522 1123 2574 quum
1137 2507 1170 2559 ad
1186 2508 1495 2569 memnones,acoessissct
1515 2510 1602 2574 (erant
1620 2514 1705 2562 autem
1724 2512 1790 2562 rnale

1007 2615 1143 2663 exstructae
1169 2614 1196 2663 et
1221 2611 1306 2673 Ιοαιιε,
1332 2617 1362 2663 ut
1386 2613 1453 2673 dixi,
1472 2628 1520 2664 nou
1544 2614 1618 2665 valde
1641 2619 1728 2678 tutus)
1747 2631 1791 2667 eas

1007 2717 1095 2768 multis
1112 2718 1227 2782 partibus
1245 2731 1387 2782 oppugnare
1409 2719 1493 2783 erepit,
1515 2733 1559 2783 per
1575 2719 1700 2785 reliquum
1720 2722 1788 2772 illius

1007 2823 1057 2874 diei
1077 2824 1186 2888 spatium
1210 2824 1357 2874 couttnmto
1373 2824 1471 2883 labore,
1500 2828 1525 2876 et
1545 2839 1576 2875 ne
1596 2825 1711 2890 sequenti
1733 2825 1790 2889 qui·

1008 2932 1065 2982 dem
1088 2935 1160 2982 nocte
1188 2930 1337 2983 intermisso.
1359 2932 1461 2983 Etrusci
1483 2947 1541 2983 uero
1565 2933 1689 2983 cointinuis
1718 2933 1790 2983 malis

1008 3035 1090 3095 tracti.
1104 3037 1170 3087 circa
1185 3036 1323 3088 diluculum
1343 3039 1425 3088 castra
1447 3037 1611 3090 deseruerunt
1631 3040 1675 3088 :et
1701 3037 1744 3088 alii
1764 3037 1790 3086 iu

1009 3144 1097 3194 urbem
1107 3143 1233 3208 fugerunt,
1245 3143 1287 3194 alii
1297 3144 1323 3193 in
1334 3143 1460 3207 proximas
1476 3145 1553 3195 silvas
1563 3145 1622 3192 sunt
1631 3141 1730 3205 dilapsi.
1745 3141 1791 3191 llis

1008 3263 1109 3315 quoque
1121 3249 1321 3314 eastrlspotitus,
1332 3249 1405 3301 illum
1419 3250 1485 3301 diem
1501 3248 1623 3300 exercitui
1637 3247 1669 3299 ad
1679 3249 1790 3313 quietern

1008 3355 1079 3407 dedit
1093 3376 1100 3407 ι
1113 3356 1232 3422 postridie
1245 3370 1305 3406 rere
1319 3356 1427 3420 praedam
1443 3368 1474 3404 ex
1491 3356 1605 3418 utrisque
1624 3356 1713 3406 castris
1733 3368 1791 3419 cap·

1009 3465 1061 3512 tam
1085 3461 1209 3512 militibus
1231 3460 1331 3520 divisit,
1346 3474 1404 3525 quse
1420 3472 1509 3523 magna
1526 3462 1617 3517 arctet
1632 3475 1683 3521 eos,
1705 3460 1791 3526 quiin

1011 3567 1105 3631 pretiis
1124 3564 1223 3616 fortiter
1235 3578 1262 3614 sc
1282 3568 1415 3629 gesserant,
1434 3564 1544 3616 demere
1558 3566 1658 3616 coronis
1677 3566 1786 3616 ornarit.

1008 3670 1128 3722 Servilius
1139 3672 1224 3720 autem
1235 3669 1371 3734 superioris
1387 3670 1444 3721 anui
1455 3672 1554 3727 consul,
1567 3675 1593 3721 et
1602 3684 1680 3736 nuper
1704 3671 1789 3736 populi

1007 3775 1101 3843 judicio
1124 3774 1267 3836 absolutus,
1288 3779 1349 3826 tuuc
1374 3791 1433 3827 vcro
1459 3776 1556 3840 legatos
1574 3775 1675 3826 Valerio
1700 3776 1789 3838 datus,

1010 3876 1121 3928 omnium
1139 3878 1272 3930 fortissime
1290 3879 1421 3931 dimicasse
1437 3883 1462 3930 et
1481 3877 1620 3929 veientium
1638 3878 1721 3941 copias
1733 3891 1791 3941 pro·

1009 3969 1105 4034 lllgasse
1122 3972 1192 4023 visus
1204 3977 1242 4025 est
1258 3992 1264 4025 z
1279 3979 1305 4027 ct
1318 3974 1351 4026 ob
1365 3976 1429 4026 banc
1452 3971 1621 4025 fortitudinem
1636 3971 1676 4023 tric
1694 3972 1789 4037 primus

1010 4094 1127 4160 premia,
1141 4104 1199 4159 quae
1207 4091 1271 4158 apud
1283 4093 1405 4142 Romanos
1419 4088 1527 4139 maxima
1545 4085 1678 4147 habentur,
1692 4085 1788 4137 retulit.

1011 4198 1208 4257 cousuldeinde,
1219 4196 1331 4263 spoliatis
1348 4195 1460 4246 hostiurn
1474 4192 1670 4244 cadaveribusel
1683 4192 1736 4243 suis
1749 4206 1791 4244 se-

1010 4311 1097 4376 pultis,
1112 4309 1195 4374 ooplas
1211 4307 1311 4365 ederim
1329 4305 1409 4369 iisque
1420 4303 1452 4353 ad
1464 4300 1583 4352 velorum
1599 4302 1693 4352 rnoenia
1707 4300 1791 4351 admo

1010 4415 1050 4475 tis,
1064 4427 1153 4480 pugno
1163 4414 1311 4477 potestatem
1328 4406 1457 4473 oppidanis
1471 4404 1537 4455 lecit.
1555 4404 1604 4456 Sed
1613 4418 1693 4471 quum
1706 4402 1791 4453 nullos

1010 4520 1043 4571 ad
1055 4524 1181 4571 certamen
1201 4516 1321 4583 prodiret,
1342 4513 1446 4565 dilticlle
1471 4527 1525 4562 csse
1544 4512 1631 4562 ridens
1651 4524 1694 4559 eos
1714 4523 1791 4573 expu-

1010 4643 1098 4694 gnare,
1119 4627 1212 4692 quippe
1234 4624 1301 4691 quod
1330 4622 1417 4672 urbem
1441 4619 1636 4671 munitissimam
1659 4614 1787 4675 habereut,

1011 4734 1202 4787 excursionibus
1217 4745 1262 4796 per
1283 4741 1398 4793 maguam
1412 4740 1499 4777 eorurn
1523 4725 1577 4790 agri
1590 4727 1688 4790 partem
1702 4720 1788 4784 factis,

1010 4848 1036 4897 in
1048 4846 1151 4897 sabinos
1173 4842 1272 4906 irrupit.
1307 4843 1491 4905 limosoque,
1512 4837 1595 4888 adbuc
1609 4836 1725 4895 intactos,
1746 4847 1791 4898 per

1010 4950 1168 5003 multosdies
1189 4948 1335 5014 populatus,
1355 4948 1438 5010 copias
1453 4945 1549 5008 magnis
1565 4941 1750 5009 impedimentis
1764 4944 1790 4993 et

1010 5059 1094 5126 preda
1106 5062 1209 5108 onustas
1232 5056 1354 5107 reduxit:
1374 5055 1447 5119 eique
1463 5052 1573 5105 renleuti
1594 5049 1700 5117 populus
1719 5049 1789 5115 louge

1009 5169 1041 5221 ab
1050 5168 1111 5219 urbe
1120 5167 1220 5218 obviam
1229 5166 1363 5216 coronatus
1371 5163 1500 5228 processit,
1511 5165 1535 5213 et
1549 5161 1608 5213 tlrus
1618 5160 1641 5211 ei
1651 5159 1789 5211 transeunti

1010 5279 1120 5337 adolens,
1139 5275 1276 5329 exereitum
1300 5273 1397 5339 poculis
1416 5271 1492 5323 mulsi
1513 5270 1646 5336 excipiens.
1680 5270 1789 5321 Senatus
