3986 5938
659 467 953 541 AN'l'lQUl'lA'l'UM
972 468 1120 528 ROMAN.
1145 468 1218 528 ΗΒ.
1232 459 1292 529 XI.

157 632 170 658 ιι
185 606 260 664 πόλιν
276 602 322 664 καί
337 605 607 682 άντιστρατηγοῦντες
625 604 689 677 ἡμῖν
704 604 729 660 οἱ
747 599 929 681 ταραχώδεις,

156 722 169 747 «
186 695 298 775 μηδαμῇ
309 691 439 774 χρήσιμοι
451 691 515 769 μήτ’
534 693 561 751 ίν
574 690 665 769 εἰρήνῃ
685 689 752 765 μήτε
769 689 839 747 κατδι
853 686 933 748 πολέ-

156 809 169 833 a
184 806 264 861 μους,
278 782 387 852 ὑπὸτῆς
399 781 516 856 ἀνάγκης
531 776 749 859 σωφρονισθέντες
766 775 860 845 εἴξατε.
884 776 933 847 Μὴ

156 873 289 938 «τούτους
307 869 392 930 οίεσθι
415 867 476 935 τοὺς
493 865 539 926 ίπὶ
552 872 598 927 τοῦ
620 864 793 928 Καπιτωλίου
817 863 863 924 καὶ
885 867 933 936 τῆς

113 982 127 1021 ι
156 963 267 1044 «ἄκρας
289 956 415 1041 γρουροθς
439 954 483 1016 ἐπὶ
505 952 565 1023 τοθς
583 954 676 1024 ίξωθιν
701 950 843 1028 πολεμίους
866 956 931 1030 ἡμῖν

157 1077 169 1103 ιι
185 1050 397 1130 παρεσκευάσθαι
411 1044 507 1123 μόνον,
519 1047 588 1122 ipae
600 1045 629 1104 δδ
639 1042 700 1111 τοδς
717 1041 790 1102 ένδον
801 1045 934 1115 ίιποκαθη·

157 1167 170 1192 «
185 1140 277 1217 μίνους
291 1138 338 1199 καὶ
358 1136 446 1197 πάντα
462 1135 597 1206 σήποντας
611 1131 645 1193 ab
660 1137 707 1206 τῆς
722 1134 824 1201 πόλεως
843 1131 933 1210 πράγ-

157 1256 169 1281 a
184 1253 256 1306 ματα
271 1229 369 1289 ἐάσειν.
413 1222 527 1301 Γνώμην
542 1219 574 1292 δὴ
590 1219 730 1293 λαθόντες,
751 1220 886 1301 κρείττονα
902 1211 933 1291 ἧς

157 1347 168 1370 a
186 1320 260 1400 ἔχετε
278 1324 323 1377 νῦν
338 1316 432 1388 ἄπετε,
453 1303 490 1379 οἷς
503 1311 542 1390 μή
556 1334 582 1369 τι
596 1320 726 1390 πρᾶγμα,
741 1310 787 1370 καί
801 1310 933 1392 πράσσετε

104 1427 129 1466 ιο
157 1436 169 1461 «ι
183 1408 218 1468 τά
239 1412 356 1486 ἑαυτῶν,
372 1408 395 1465 εἰ
413 1409 586 1483 σωφρονεῖτε·
603 1399 635 1457 σὺ
650 1400 678 1457 δὲ
692 1400 757 1476 όγου
773 1397 821 1469 τὴν
843 1395 932 1456 παιδί·

158 1525 170 1549 ιι
185 1488 252 1569 σκην
267 1498 348 1576 έχων,
366 1494 492 1565 Κλαύδιι,
505 1491 607 1568 μηδένα
623 1487 760 1562 δεδοικὼς,
780 1490 812 1546 δι’
826 1489 932 1565 ἀγορᾶς·

157 1615 169 1639 ιι
184 1590 208 1646 ol
219 1588 271 1668 γάρ
287 1584 397 1645 Ἀππίου
407 1603 437 1642 σε
449 1579 637 1660 προπάμψουαι
656 1579 757 1636 δώδεκα
776 1577 902 1643 πελέκεις.
919 1601 932 1628 υ

157 1675 206 1743 Ὣς
222 1674 250 1735 δί
273 1674 347 1735 ταῦτ’
366 1661 452 1744 ε’ίπεν,
467 1670 491 1730 ol
513 1667 560 1747 μὲν
583 1666 658 1725 ἄλλοι
675 1667 823 1743 στένοντες,
839 1662 884 1722 καὶ
898 1662 932 1722 τδ

157 1764 268 1844 μίτωπα
285 1764 420 1835 παίοντες,
433 1758 478 1819 καὶ
498 1756 532 1815 τδ
557 1755 658 1836 δάκρυα
671 1754 794 1835 κατέχειν
808 1754 837 1813 οῦ
857 1751 933 1812 δυνά·

4 1874 6 1903 t
105 1867 129 1907 ¹⁸
157 1880 246 1932 μινοι,
267 1850 439 1934 παρεχώρουν
463 1848 495 1906 ἐκ
515 1850 561 1918 τῆς
584 1848 694 1926 ἀγορᾶς·
717 1847 731 1903 δ
752 1842 781 1903 δί
799 1842 932 1911 Κλαύδιος

4 1974 5 1981 ’
156 1947 243 2020 ἀπῆγε
256 1943 304 2015 τὴν
319 1943 403 2016 παῖδα
415 1943 454 2018 τῷ
469 1934 552 2016 πατρί
565 1935 814 2014 περιπεπλεγμένην
829 1930 875 1990 καὶ
886 1955 933 1991 κα·

156 2039 335 2115 ταριλοῦσαν,
349 2030 394 2090 καί
411 2035 469 2094 ταῖς
482 2026 603 2097 ἡδίσταις
617 2026 715 2104 ρωναῒς
734 2023 931 2081 ἀνακαλοῦσαν.

155 2123 204 2185 Ἐν
224 2122 350 2188 τοιούτοις
371 2119 402 2190 δὴ
430 2122 521 2181 κακοῖς
547 2112 698 2195 Ούεργίνιος
725 2109 780 2188 ῶν,
805 2108 881 2188 έργον
896 2111 932 2176 εἰς

154 2217 214 2272 νοῦν
229 2210 355 2292 βάλλεται
363 2205 445 2286 πατρί
455 2204 503 2282 μίν
516 2202 685 2282 ταλαίπωρον
694 2203 739 2259 καὶ
749 2200 853 2280 πικρὸν,
862 2203 934 2261 ἐλευ-

100 2323 129 2366 att
154 2305 222 2385 θίριρ
236 2304 264 2363 δέ
275 2298 351 2380 ἀνδρί
366 2296 412 2357 καί
430 2293 605 2374 μεγαλόρρονι
620 2290 731 2372 πρέπον.
748 2288 934 2365 Αίτησάμενος

154 2394 206 2472 γάρ
221 2390 340 2462 ίίουσίαν
361 2385 533 2447 ἀσπάσασθαι
556 2380 604 2454 την
624 2378 754 2459 θυγατέρα
769 2377 828 2445 τοὺς
842 2378 932 2435 τελευ-

155 2484 243 2548 ταίους
257 2474 414 2553 ἀσπασμούς
427 2475 468 2532 ἔπ’
482 2472 609 2543 ἐξουσίας,
623 2470 669 2529 καὶ
684 2470 854 2547 διαλεχθῆναι
865 2464 933 2544 μόνη

155 2571 239 2630 δπόσα
258 2568 399 2646 βούλεται,
411 2563 473 2641 πρὶν
487 2563 516 2619 ἐκ
530 2564 577 2631 τῆς
593 2563 690 2638 ἀγορᾶς
711 2557 795 2625 αὐτὴν
809 2556 932 2633 ἀπαχθῆ-

155 2683 216 2735 ναι,
233 2654 453 2738 συγχωρνίσαντος
476 2655 522 2709 τοῦ
535 2652 683 2730 στρατηγοῦ
700 2644 746 2705 καί
767 2648 819 2704 τῶν
834 2645 933 2724 ἐχθρῶν

102 2774 130 2815 as
156 2747 251 2828 μικρδν
269 2740 518 2826 ἀναχωρησάντων,
543 2732 685 2797 enotatas
710 2732 790 2806 αὐτὴν
807 2731 934 2809 θιιλυομέ·

156 2862 202 2911 νην
221 2834 312 2897 τεκαὶ
337 2826 549 2910 καταρρέουσαν,
573 2826 639 2892 τέως
662 2819 710 2901 μίν
726 2820 880 2881 άνεκαλεῖτό
904 2842 933 2878 τε

156 2927 201 2987 καὶ
212 2923 348 3004 κατεφίλει
360 2919 406 2978 καί
420 2917 467 2983 τδς
481 2914 592 2982 λιύοίδας
600 2912 728 2989 ίξέματτε
737 2915 790 2970 τῶν
803 2908 933 2990 δακρύων·

156 3017 247 3077 ἔπειτα
269 3010 339 3073 κατδ
355 3007 448 3088 μικρὸν
462 3004 590 3082 ὑπάγων,
606 3005 641 3069 ώς
661 2992 693 3074 ἦν
709 2998 785 3079 ίγγθς
799 3001 933 3078 ίργαστη·

158 3106 213 3187 ρίου
229 3104 399 3184 μαγειρικοῦ,
418 3095 554 3175 μάχαιραν
569 3090 718 3171 ἐξαρπάσας
739 3087 792 3148 αἰπδ
805 3091 852 3159 τῆς
865 3111 934 3168 τρα-

104 3213 131 3254 ac
158 3196 249 3267 πέζης,
265 3191 338 3250 παίει
355 3187 404 3259 τὴν
418 3182 550 3263 θυγατέρα
564 3180 608 3241 δεδι
625 3183 675 3239 τῶν
690 3178 868 3256 σπλάγχνων,
886 3199 932 3235 το-

158 3289 250 3344 σοῦτον
278 3277 375 3339 είπών·
404 3303 416 3327 «
446 3268 603 3350 Ἐλευθέραν
633 3291 663 3327 σε
689 3267 735 3325 καί
762 3264 933 3345 εύσχήμονα,

158 3404 170 3427 ιι
186 3371 291 3443 τέκνον,
311 3365 467 3427 ἀποστέλλω
483 3369 537 3425 τοῖς
554 3357 623 3417 κατίι
638 3360 687 3432 γῆς
702 3356 850 3434 προγόνοις·
863 3357 935 3422 ζῶσα

158 3490 171 3515 ιι
186 3460 237 3541 γάρ
256 3462 341 3517 ταῦτα
364 3453 424 3533 ούχὶ
438 3451 497 3520 ίξῆν
516 3447 586 3527 ἔχειν
605 3443 740 3525 άμρότιρα
757 3443 800 3502 διὰ
821 3444 864 3501 τὸν
886 3440 933 3498 τύ-

159 3578 171 3603 «
187 3571 289 3628 ραννον.
305 3573 317 3597 ν
333 3542 460 3622 Κραυγῆς
476 3533 504 3593 δὲ
516 3531 674 3609 γενομένης,
690 3527 849 3608 ᾑμαγμένην
865 3528 934 3606 ἔχων

105 3672 132 3710 ης
158 3641 206 3709 πλν
221 3634 336 3717 σραγίδα
350 3628 396 3687 καὶ
410 3625 488 3690 αύτδς
501 3619 648 3693 ἀνάμεστος
662 3617 774 3696 αἵματος
788 3616 934 3692 γενόμενος,

158 3719 181 3786 ὧ
202 3726 364 3805 προσίρυρεν
386 3714 464 3775 αύτδν
488 3714 505 3781 ἡ
532 3706 622 3789 σραγθ,
633 3710 680 3778 τῆς
701 3703 800 3785 κόρης,
818 3703 869 3761 ἔθει
891 3702 936 3760 διθ

157 3789 206 3887 έῆς
219 3815 319 3878 πόλεως
338 3802 458 3885 ίμμανὴτ
482 3801 527 3863 tat
541 3799 588 3869 τὴν
612 3794 761 3874 ἐλευθερίαν
779 3790 840 3859 τοῦς
861 3791 937 3851 πολί-

159 3931 206 3974 τας
224 3908 325 3964 καλῶν.
368 3890 597 3970 Διεκπαισάμενος
619 3887 646 3946 δδ
670 3884 717 3951 τδις
735 3884 836 3951 πύλας,
853 3877 936 3951 άνέὸη

159 3996 203 4056 ab
216 3992 314 4062 ίππον,
330 3978 403 4057 θςῆν
421 3975 669 4062 παρεσκευασμένος
683 3976 771 4053 αύτῷ,
795 3970 840 4031 καί
860 3971 938 4029 συνέ·

105 4112 133 4150 ιο
160 4106 242 4144 τεινιν
261 4079 304 4141 ἐπὶ
322 4076 353 4136 τδ
366 4071 555 4153 στρατόπεδον,
571 4064 679 4128 Ἰκιλίου
700 4085 729 4121 τε
742 4060 789 4120 καί
816 4063 940 4137 Napeae-

164 4174 219 4255 ρίου
243 4176 295 4231 τῶν
316 4165 467 4246 άγαγόντων
483 4157 562 4218 αύτδν
578 4158 608 4216 ίκ
625 4157 671 4213 τοῦ
696 4152 829 4232 χάρακος,
850 4149 939 4208 νεανί-

161 4288 231 4323 σκων
254 4259 300 4318 καί
323 4258 381 4316 τότε
408 4244 685 4329 συμπροπεμπόντων.
730 4237 885 4302 Ἠκολούθει
912 4236 939 4296 δδ

161 4356 248 4417 αὐτοῖς
272 4349 317 4408 καί
332 4345 410 4409 ἄλλος
436 4340 515 4418 όχλος
541 4336 664 4410 δημοτῶν
681 4334 730 4392 ούκ
748 4327 852 4406 δλίγος,
870 4324 939 4385 ώστε

160 4440 218 4505 τοῦς
235 4438 390 4511 σύμπαντας
411 4428 479 4509 cippi
494 4422 677 4507 τετρακοσίους
687 4418 819 4498 γενέσθαι.
902 4498 904 4501 Ι

107 4558 133 4596 ιι
201 4524 361 4589 xxxviii.
384 4519 417 4578 ‘0
431 4517 459 4577 δδ
477 4511 604 4586 Ἄππιος,
622 4515 659 4579 ώς
672 4512 703 4570 τδ
719 4506 780 4590 περὶ
794 4506 842 4577 τὴν
858 4502 939 4586 κόρην

162 4617 263 4693 ίπίγνω
288 4612 390 4682 πάθος,
417 4606 542 4685 δναπηδγ
566 4627 595 4663 τε
618 4600 671 4659 άπδ
695 4604 741 4658 τοῦ
767 4596 873 4677 δίρρου,
893 4594 939 4653 καὶ

162 4704 263 4763 διώκειν
276 4700 321 4760 τθν
339 4694 493 4774 Οὐεργίνιον
517 4691 653 4760 ίύούλιτο,
674 4684 761 4745 πολλά
784 4682 831 4743 καί
855 4681 939 4758 λέγων

161 4792 208 4853 καὶ
221 4791 344 4872 πράττων
359 4784 477 4859 ἄκοσμα.
529 4776 715 4859 Περιστάντων
740 4772 769 4833 δὲ
791 4771 870 4829 αθτδν
887 4772 940 4828 τῶν

163 4881 243 4963 ρίλων
266 4876 311 4937 καί
338 4874 422 4953 μηδδν
447 4868 636 4949 ίξαμαρτάνιιν
663 4862 824 4937 ἀξιούντων,
858 4858 940 4938 δπῄει

106 4996 135 5037 ω
162 4968 227 5048 πρὸς
241 4965 361 5032 δπαντας
375 4960 542 5041 ἀγανακτῶν.
566 4951 639 5026 Ἤδη
656 4951 685 5011 δδ
698 4953 769 5031 αύτῷ
783 4945 842 5007 κατ’
856 4946 940 5006 οἰκίαν

161 5059 217 5120 όντι
232 5051 458 5136 προσαγγέλλοοσι
478 5050 531 5104 τῶν
546 5044 658 5123 ίταίρονν
679 5039 760 5106 τινδς,
773 5039 815 5098 ότι
836 5036 896 5113 περί
911 5034 941 5094 τδ

163 5150 260 5222 πτῶμα
276 5149 322 5215 τῆς
345 5141 424 5219 κόρης
443 5135 548 5200 Ἰκίλιός
563 5155 591 5192 τε
611 5134 626 5189 θ
645 5126 774 5201 κηδεστὴς
793 5126 838 5185 καί
853 5127 940 5200 Νομι-

162 5237 256 5317 τώριος
269 5237 283 5292 δ
297 5237 363 5297 θεῖος
385 5227 433 5287 σθν
446 5234 501 5292 τοῖς
517 5224 607 5287 ἄλλοις
628 5220 741 5298 ἑταίροις
755 5239 783 5276 τε
801 5215 847 5275 καὶ
870 5238 940 5290 συγ-

164 5326 263 5408 γενέσιν
286 5325 413 5393 ίστῶτες,
437 5314 504 5397 ῥητά
520 5310 567 5371 καὶ
587 5310 691 5391 άρρητα
714 5304 777 5364 κατ’
793 5304 873 5363 αὐτοῦ
890 5301 938 5360 λέ-

1706 471 1766 533 667

987 627 999 653 ι
1016 621 1063 660 uos
1075 607 1213 660 turbulenti
1226 611 1252 659 et
1265 620 1398 670 nusquam,
1413 611 1456 657 aut
1468 620 1531 672 pace
1546 610 1591 658 aut
1602 608 1667 689 bellp
1677 608 1766 670 utiles,

988 719 1000 744 ι
1013 700 1044 751 ab
1060 702 1113 766 ipsa
1134 699 1281 751 necessitate
1299 699 1382 750 edocti
1395 702 1422 749 et
1442 698 1602 765 sapientiores
1617 698 1677 750 laeti
1692 700 1768 751 nobis

988 790 1117 842 «cedetis.
1149 793 1185 841 lte
1205 790 1313 855 putetis,
1337 802 1382 840 nos
1406 790 1463 839 haec
1474 789 1606 853 praesidia,
1629 804 1686 852 qua
1710 792 1769 841 sunt

988 902 1001 927 ι
1016 883 1041 932 ia
1062 882 1184 946 capitolio
1196 885 1222 932 et
1235 894 1306 944 arce,
1319 880 1401 931 solum
1415 881 1537 931 adversus
1551 885 1665 932 externos
1682 882 1769 934 bastes

988 993 1001 1017 ιι
1017 973 1089 1024 nobis
1105 986 1217 1038 parasse,
1238 987 1334 1038 nosque
1354 948 1519 1038 permissuros
1542 978 1570 1025 ut
1592 990 1654 1041 ros,
1677 979 1721 1041 qui
1742 979 1768 1029 in

989 1086 1001 1109 α
1016 1065 1078 1116 urbe
1098 1064 1247 1124 considetis,
1275 1079 1317 1116 res
1336 1066 1391 1130 ejus
1411 1079 1498 1117 ornnes
1512 1069 1684 1132 corrumpatis.
1718 1072 1771 1121 Ve-

989 1174 1001 1198 ι
1019 1168 1077 1204 rum
1098 1151 1199 1203 consilio
1227 1153 1343 1216 reuellere,
1368 1168 1444 1218 quam
1473 1140 1541 1221 quod
1572 1172 1637 1209 nuuc
1662 1149 1767 1221 bebetis,

989 1273 1002 1297 ιι
1017 1256 1090 1317 capto
1110 1253 1191 1315 abite,
1214 1254 1307 1318 quibus
1328 1254 1388 1305 nitm
1412 1257 1451 1306 est
1469 1255 1574 1321 negotii,
1595 1261 1671 1321 atque
1686 1272 1769 1309 rerum

991 1368 1003 1391 ιι
1016 1351 1154 1399 uestrarum
1174 1347 1287 1412 satagite,
1307 1346 1329 1397 si
1352 1347 1446 1412 sapitis.
1466 1350 1504 1397 Tu
1521 1361 1595 1408 veru,
1613 1348 1711 1411 claudi,
1724 1364 1769 1401 aa·

992 1464 1004 1488 ιι
1021 1444 1101 1494 eillam
1121 1457 1197 1507 quam
1220 1443 1312 1503 trabes,
1335 1457 1379 1508 per
1400 1441 1498 1505 lorum,
1518 1442 1612 1494 uallum
1639 1449 1768 1506 metucns,

991 1554 1004 1579 α
1019 1534 1111 1585 abduc.
1144 1536 1205 1584 Nam
1234 1534 1367 1586 duodecim
1396 1533 1467 1598 Appii
1489 1547 1589 1585 secures
1626 1538 1651 1585 te
1685 1550 1770 1600 prose-

992 1648 1005 1671 ι
1020 1627 1136 1690 queritur.
1152 1646 1164 1669 ι
1188 1623 1432 1686 mediolacense
1452 1623 1553 1688 quidem
1576 1629 1716 1689 gementes,
1745 1634 1771 1680 et

993 1723 1097 1773 trentam
1116 1721 1247 1781 t'erieutes,
1263 1722 1339 1783 atque
1361 1719 1482 1783 iacrymas
1511 1718 1636 1769 continere
1649 1733 1697 1771 noa
1723 1736 1770 1772 va·

992 1811 1085 1872 lentes,
1109 1810 1141 1861 de
1171 1812 1224 1861 loro
1249 1808 1410 1861 decedebant.
1446 1808 1565 1860 claudius
1594 1812 1770 1876 veropuellam

992 1901 1144 1963 abducebat,
1172 1916 1230 1975 quaa
1255 1901 1319 1966 patri
1354 1901 1473 1965 implicita
1497 1899 1641 1952 achar-ebat
1664 1915 1771 1967 eumque

991 1995 1191 2057 deosculabatur,
1209 1996 1235 2045 et
1246 1993 1401 2045 suavissimis
1411 1992 1515 2044 vocibus
1528 1993 1676 2058 appellabat.
1688 1998 1772 2054 Quum

993 2086 1069 2153 igitur
1096 2084 1222 2149 Virginius
1246 2083 1273 2134 in
1300 2083 1440 2135 istiusmodi
1464 2082 1537 2133 malis
1562 2088 1712 2147 versaretur,
1731 2086 1770 2138 fa-

992 2158 1063 2230 cinus
1088 2178 1169 2231 auimo
1191 2177 1319 2242 concepit,
1348 2177 1412 2243 patri
1435 2176 1535 2242 quidem
1554 2190 1721 2233 arumnosum
1747 2185 1773 2232 et

986 2267 1116 2327 acerbum,
1138 2268 1180 2319 sed
1210 2268 1293 2319 virum
1322 2271 1454 2334 ingenuum
1484 2277 1508 2324 et
1530 2274 1714 2339 magnanimum
1732 2277 1777 2329 de·

986 2365 1053 2404 cens.
1097 2356 1162 2404 liam
1186 2357 1265 2419 petita
1290 2357 1362 2407 venia
1392 2356 1468 2410 libere
1502 2360 1624 2413 salutandi
1644 2369 1777 2429 postremis

991 2454 1189 2513 salutationibus,
1209 2456 1236 2505 et
1250 2453 1405 2517 colloquendi
1427 2468 1486 2504 cum
1509 2467 1539 2505 ee
1564 2455 1686 2507 arbitratu
1711 2472 1771 2522 suo,

991 2548 1093 2599 remotis
1112 2546 1226 2597 omuibus
1255 2546 1372 2609 testibus,
1396 2550 1529 2612 antequem
1547 2560 1579 2597 er
1592 2547 1645 2597 toro
1659 2549 1773 2601 abduce-

992 2642 1069 2700 retur,
1082 2651 1160 2703 eaque
1178 2638 1270 2690 educe
1286 2638 1433 2704 impetrata,
1454 2652 1531 2703 quum
1550 2639 1644 2690 inimici
1658 2642 1770 2706 paullum

991 2738 1163 2796 recessissent,
1184 2735 1323 2797 susceptam
1347 2747 1416 2794 eam,
1443 2746 1499 2797 que
1518 2734 1569 2795 lam
1591 2733 1774 2788 dissolvebatur

992 2832 1019 2880 et
1042 2828 1181 2887 dilllaebat,
1208 2831 1275 2896 etse
1297 2826 1340 2877 rix
1355 2825 1526 2889 sustentabat,
1551 2827 1659 2891 primum
1672 2829 1773 2892 quidem

992 2920 1085 2971 crebris
1100 2920 1203 2970 vocibus
1217 2918 1320 2971 vacabat
1340 2920 1366 2968 et
1384 2917 1585 2981 deosculabatur,
1598 2922 1625 2969 et
1647 2919 1771 2983 lacrymas

992 3010 1110 3063 cadentes
1133 3011 1319 3076 abstergebat:
1344 3007 1434 3059 deinde
1460 3023 1548 3074 quum,
1572 3009 1701 3074 paullatim
1718 3013 1796 3062 eam‘

992 3106 1147 3167 subducens,
1170 3105 1202 3156 ad
1228 3105 1357 3156 tabernam
1387 3103 1445 3155 lunii
1474 3105 1635 3166 accessisset,
1666 3107 1774 3158 cultrum

993 3198 1024 3248 de
1051 3210 1136 3247 mensa
1161 3200 1301 3262 arreptum,
1316 3188 1361 3260 pir
1383 3196 1439 3247 dllae
1463 3198 1559 3249 viscera
1579 3201 1638 3262 egit,
1662 3198 1710 3250 boc
1733 3213 1774 3250 so·

992 3284 1045 3334 lum
1063 3283 1154 3333 ettalus
1169 3301 1175 3330 ι
1191 3302 1202 3324 ιι
1219 3282 1332 3331 Liberam
1344 3283 1369 3331 te
1387 3284 1413 3331 et
1425 3281 1549 3345 pudieam,
1567 3282 1626 3344 litia,
1640 3282 1673 3333 ad
1689 3296 1774 3333 menes

995 3397 1007 3420 ι
1024 3379 1122 3426 ῑυοιυιιι
1132 3373 1333 3438 majorummitto
1350 3390 1356 3421 ε
1372 3372 1416 3422 tibi
1429 3374 1493 3424 enim
1504 3374 1599 3426 virenti
1609 3375 1773 3426 borumuea·

995 3488 1009 3512 ι
1023 3467 1105 3518 traob
1118 3470 1248 3531 tyrannum
1265 3464 1314 3514 irui
1334 3464 1431 3516 licebat.
1449 3485 1461 3510 ι·
1477 3469 1539 3517 orto
1553 3470 1638 3518 autem
1655 3468 1774 3531 clamore,

994 3550 1124 3609 cruentum
1135 3564 1233 3620 gestans
1250 3557 1368 3617 cultrum,
1379 3560 1405 3607 et
1420 3557 1454 3607 ita
1471 3562 1539 3609 totus
1552 3572 1702 3623 conspersas
1713 3574 1772 3610 sau·

996 3652 1084 3716 gulae,
1102 3663 1176 3714 quem
1188 3648 1278 3713 puelle
1293 3647 1376 3699 caedes
1391 3649 1416 3699 iu
1431 3662 1489 3700 eum
1501 3650 1611 3712 eldarat,
1626 3664 1671 3715 per
1687 3650 1775 3702 urbem

995 3746 1143 3800 furibundus
1155 3744 1280 3808 currebat,
1303 3743 1371 3795 cives
1388 3744 1422 3795 ad
1435 3745 1576 3797 libertatem
1587 3760 1686 3801 roceas.
1719 3751 1776 3800 Ete

995 3839 1072 3906 portis
1082 3852 1126 3903 per
1136 3838 1189 3888 rim
1199 3850 1315 3900 egressus
1333 3850 1428 3902 equum
1441 3837 1592 3899 conscendit,
1610 3838 1689 3904 quiet
1703 3853 1774 3905 pera·
1794 3851 1797 3855 ’

995 3933 1038 3981 tus
1047 3930 1109 3989 erat,
1120 3926 1186 3978 etad
1199 3928 1282 3977 eastra
1295 3925 1436 3984 mulcebit,
1448 3927 1517 3977 lcilio
1533 3930 1558 3979 et
1566 3928 1705 3979 Numitorio
1719 3929 1777 3980 ado·

995 4017 1154 4076 leseeutibus,
1171 4015 1215 4081 qui
1233 4028 1290 4066 eum
1304 4028 1336 4065 ex
1346 4015 1436 4066 cestris
1453 4014 1617 4079 adduxerant,
1630 4018 1689 4068 tuuc
1699 4018 1774 4068 etiam

994 4105 1177 4160 comitantibus.
1211 4107 1260 4155 Bes
1273 4108 1358 4155 autem
1383 4104 1433 4154 alia
1445 4103 1520 4154 etiem
1532 4105 1602 4157 turba
1622 4104 1775 4169 plebeiorum

996 4212 1045 4249 nen
1057 4196 1143 4260 exigm
1155 4193 1315 4259 sequebatur,
1328 4193 1365 4244 ita
1377 4196 1408 4243 ut
1426 4192 1536 4245 universi
1548 4199 1632 4246 esseut
1649 4196 1700 4246 lere
1710 4209 1775 4261 qua-

995 4284 1126 4348 driugeuti.

1026 4516 1160 4567 xxxvtlt.
1174 4515 1268 4580 Appias
1279 4527 1353 4574 vero,
1364 4513 1583 4578 utpaellneasam
1599 4515 1729 4578 semovit,
1744 4517 1775 4568 de

995 4605 1054 4657 sella
1067 4604 1166 4664 exsiliit,
1177 4608 1204 4655 et
1219 4603 1357 4668 Virginium
1367 4602 1484 4667 persequi
1496 4602 1608 4664 uolebat,
1620 4603 1700 4655 multa
1708 4605 1775 4658 iude

994 4707 1054 4745 cora
1075 4697 1102 4743 et
1115 4692 1200 4743 dicens
1223 4696 1249 4744 ct
1270 4692 1371 4742 tacteus.
1405 4691 1454 4741 Sed
1480 4692 1699 4744 cucamstantibus
1718 4708 1774 4746 eum

994 4784 1081 4835 amicis
1090 4784 1124 4840 ct,
1135 4780 1232 4832 utnibll
1246 4785 1375 4847 peccaret,
1389 4779 1547 4845 rogantibus,
1565 4781 1681 4831 omuibus
1693 4782 1773 4834 inlen-

995 4888 1039 4926 sus
1048 4871 1118 4923 abiit.
1153 4871 1182 4921 lli
1203 4874 1301 4929 eutem,
1319 4883 1397 4933 quum
1414 4870 1467 4934 lam
1484 4868 1552 4920 demi
1572 4873 1652 4932 esset,
1672 4872 1774 4935 quidam

994 4957 1068 5007 amici
1080 4955 1225 5007 panderunt
1236 4955 1333 5005 lollium
1347 4966 1462 5005 socerum
1471 4957 1497 5004 et
1512 4954 1678 5007 Numitorium
1694 4972 1775 5009 arun-

995 5044 1093 5103 eulum,
1110 5056 1167 5092 curn
1180 5042 1236 5093 eliis
1246 5042 1332 5093 amicis
1341 5045 1366 5092 et
1378 5043 1504 5106 cognatis,
1521 5043 1588 5094 eirea
1599 5045 1688 5109 puellae
1698 5049 1773 5099 cada·
1842 5043 1843 5047 ’

994 5133 1159 5191 scrutantes,
1185 5130 1257 5180 tanda
1269 5134 1296 5180 et
1313 5128 1414 5179 intende
1432 5127 1554 5181 adversus
1567 5145 1624 5182 eum
1638 5132 1736 5197 dicere,
1749 5142 1775 5186 et

995 5217 1112 5284 populum
1133 5217 1164 5267 ad
1177 5216 1317 5268 libertatem
1332 5228 1428 5267 vocare.
1460 5217 1504 5268 llle
1518 5232 1590 5281 vero,
1609 5219 1644 5271 ita
1657 5225 1737 5274 iratus
1747 5227 1773 5273 ut

995 5308 1057 5366 erat,
1069 5305 1139 5357 misit
1148 5306 1269 5370 quosdam
1286 5305 1394 5367 lictores,
1402 5305 1494 5367 jubens
1507 5308 1532 5357 in
1543 5307 1642 5360 riaeula
1651 5309 1774 5361 abducere
