4048 5924
671 420 964 496 ANTIQUITATUM
985 425 1133 491 ROMAN.
1157 430 1229 492 LlB.
1251 432 1313 495 vii.

181 554 356 639 ίγχειρήματι
368 556 459 634 θερμῷ
478 552 525 612 καί
539 553 688 636 παρανόμῳ
704 557 958 635 συναγωνιζόμενον,

180 647 283 723 δρῶντα
298 641 359 712 τούς
372 665 402 702 τι
415 640 572 723 πατρικίους
587 641 707 711 ἅπαντας
717 643 905 724 ἠρεθισμένους
914 647 960 707 καί

181 733 300 812 ίτοίμους
314 731 409 806 ὄντας,
423 732 448 792 εί
457 732 578 803 κληθεῖεν
592 729 643 791 bui
657 732 710 789 τῶν
724 730 835 792 ύπάτων
843 777 853 806 ,
870 732 915 794 ἐπὶ
926 733 962 794 ed

182 823 253 884 όπλα
268 825 383 904 χωρεῖν,
399 826 446 882 τοῦ
457 842 487 881 τι
509 819 596 897 δήμου
611 819 642 881 τό
666 820 867 902 καρτερώτατον
883 822 963 904 μίρος

140 935 153 972 ε
183 911 314 980 ἐνδοιάζον
332 907 379 971 καί
392 910 441 970 οὐκ
453 911 598 990 ἀγαπητῶς
612 907 753 990 δεχόμενον
764 911 856 990 ἀνδρὸς
868 913 964 995 inspa-

182 999 309 1061 νεστάτου
324 1002 377 1059 τῶν
390 1000 462 1072 ίντῇ
477 997 553 1058 πόλει
563 998 711 1077 παράδοσιν
727 1000 771 1059 ἰπὶ
785 999 902 1082 θανάτῳ,
917 1002 962 1062 καί

183 1088 258 1148 ταῦτ’
271 1089 390 1168 ἀκρίτου.
434 1085 613 1148 Συνεόούλευε
629 1086 657 1145 δὲ
672 1089 746 1169 αὐτῷ
760 1087 819 1149 τότε
834 1088 882 1166 μὲν
896 1081 962 1160 εἶξαι

183 1176 229 1236 καί
246 1175 285 1254 μή
299 1176 396 1256 χωρεῖν
412 1175 494 1252 ὁμόσε
505 1183 560 1242 τοῖς
574 1173 698 1250 ὑπάτοις,
712 1178 751 1251 μή
766 1201 792 1236 τι
807 1179 896 1256 μεῖζον
912 1201 962 1237 κα·

183 1265 230 1325 κδν
250 1264 415 1346 ίργάσηται,
433 1270 570 1344 προθεῖναι
594 1263 622 1322 δί
641 1267 680 1344 τῷ
703 1264 778 1345 ἀνδρί
801 1268 888 1346 δίκην,
904 1267 962 1347 όρί-

130 1384 155 1422 ια
183 1376 265 1414 σαντα
279 1354 375 1434 χρόνον
389 1352 449 1413 ὅσον
460 1351 494 1425 δή
507 1376 582 1428 τινα,
592 1352 638 1411 καί
653 1356 739 1433 ψῆφον
759 1355 899 1414 ἀναδοῦναι
908 1364 962 1425 τοῖς

181 1443 302 1510 πολίταις
309 1442 375 1523 θπίρ
390 1445 469 1503 αὐτοῦ
479 1443 549 1503 κατθι
562 1442 654 1523 φυλάς·
668 1443 684 1502 ό
692 1466 720 1502 τι
734 1444 761 1503 di
775 1443 806 1504 διν
816 1449 844 1505 αί
856 1446 962 1515 πλείους

201 1534 263 1612 ”pst
284 1534 446 1614 καθαιρῶσι,
460 1536 537 1592 τοῦτο
551 1540 647 1592 ποιεῖν.
659 1533 824 1611 Τυραννικόν
840 1534 887 1610 μίν
908 1535 960 1616 γὰρ

182 1640 251 1676 εναι
266 1617 312 1677 καὶ
329 1618 414 1698 βίαιον
420 1617 455 1692 ,θ
471 1623 517 1678 νῶν
535 1620 658 1700 ίπειρθτο
673 1620 898 1700 διαπράττεσθαι,
916 1622 961 1681 τὸν

182 1708 259 1767 αὐτὸν
275 1707 403 1787 ὑπάρχειν
420 1707 466 1767 καί
480 1706 626 1789 κατήγορον
646 1709 693 1767 καί
708 1709 836 1781 δικαστήν
852 1710 961 1770 καὶτοῦ

128 1830 152 1869 ta
184 1794 281 1876 μίτρου
302 1801 351 1868 τῆς
373 1796 501 1880 τιμωρίας
523 1799 621 1879 κύριον·
637 1797 772 1857 πολιτικὸν
786 1796 815 1856 δὲ
836 1797 867 1856 τὸ
890 1796 960 1857 κατὰ

178 1886 275 1965 νόμους
292 1887 434 1965 ἀπολογίας
448 1886 562 1967 τυχόντα
576 1885 620 1947 τόν
635 1885 773 1958 ὑπαίτιον,
788 1885 842 1945 ότι
859 1883 891 1944 ἂν
906 1893 960 1955 τοῖς

178 1975 283 2035 πλτίοσι
304 1976 441 2041 δικασταῖς
466 1974 547 2054 δόξῃ,
572 1980 651 2035 τοῦτο
671 1974 774 2034 παθεῖν.
834 1974 959 2036 Πείθεται

178 2062 277 2130 τούτοις
292 2067 306 2123 δ
326 2063 455 2130 Σικίννιος
472 2065 555 2141 μηδὲν
576 2066 644 2146 δρῶν
660 2064 795 2142 βούλευμα
819 2072 957 2143 κρεῖττον,

179 2152 224 2212 καί
249 2149 388 2232 παρελθὼν
413 2155 472 2234 ἔφη·
490 2179 504 2204 ιι
520 2149 580 2225 Τήν
604 2153 652 2229 μίν
668 2153 785 2225 σπουδήν
810 2155 889 2231 δρᾶτε
906 2156 958 2211 τῶν

127 2255 154 2294 ευ
183 2267 196 2294 ιι
212 2239 357 2320 πατρικίων
381 2237 429 2311 τήν
455 2243 491 2308 είς
515 2238 549 2299 sd
568 2239 664 2320 φονικδι
686 2241 732 2301 καί
749 2240 822 2319 βίαια
837 2231 958 2321 ἔργο,ῶ

183 2352 196 2382 ιι
213 2327 343 2404 δημόται,
359 2330 394 2394 ῶς
409 2326 465 2395 ἑνὸς
486 2326 579 2409 σἰνδρθς
603 2328 730 2397 αὐθάδους
749 2328 814 2402 όλην
834 2331 955 2390 άδικοῶν·

182 2440 196 2469 ιι
212 2438 254 2483 τος
267 2415 315 2488 τήν
329 2413 406 2474 πόλιν
417 2407 495 2489 ήττον
508 2416 606 2476 τίθεται
620 2417 651 2476 τύ
665 2419 764 2490 πλῆθος
774 2419 806 2478 τδ
819 2416 954 2499 ὑμέτερον.

183 2506 254 2565 ιιοὐ
267 2503 319 2581 μήν
333 2503 437 2582 ὁμοίους
459 2528 491 2584 γε
517 2506 605 2573 αὐτοῖς
627 2505 745 2585 γίνεσθαι
763 2504 817 2586 χρή
842 2504 888 2564 καί
913 2505 957 2564 ἐπὶ

184 2616 197 2645 ιι
225 2589 343 2673 κεφαλήν
365 2594 501 2665 ὠθεῖσθαι,
516 2592 575 2653 οὗτε
600 2591 730 2674 άρχοντας
750 2593 867 2671 πολέμου
897 2591 957 2653 οὔτε

126 2702 153 2741 οε
183 2704 197 2733 ιι
217 2679 409 2758 θμυνομίνους·
438 2683 499 2742 ἀλλ’
536 2681 628 2755 ίπειδή
666 2681 799 2766 πρόφασιν
837 2685 957 2764 εὐπρεπῆ

182 2794 197 2823 ιι
214 2767 409 2848 προόοίλλονταί
418 2793 486 2840 τινες
499 2769 545 2831 τθν
556 2762 683 2854 νόμον,ᾧ
705 2775 860 2850 βοηθοῦντες
879 2774 958 2852 οἶμαι·

181 2884 195 2912 ιι
215 2860 320 2938 ροῦντοιι
336 2858 413 2918 αὐτὸν
429 2863 477 2932 τῆς
497 2859 642 2932 κολάσεως,
663 2858 691 2928 δς
717 2861 765 2919 οὐκ
785 2863 816 2940 iii
830 2863 884 2919 τῶν
908 2882 957 2918 πο·

181 2971 195 3001 ιι
213 2948 294 3006 λιτῶν
310 2945 403 3007 οὐθίνα
420 2948 574 3007 σἰποκτεῑναι
589 2948 696 3032 άκριτον
705 2994 714 3026 ,
740 2947 956 3029 συγχωρήσωμεν

181 3034 302 3102 «αὐτοῖς
325 3031 356 3094 τδ
385 3033 486 3093 δίκαιον
516 3040 611 3108 τοῦτο,
641 3036 738 3116 καίπερ
764 3035 823 3095 οὐδὲ
855 3034 957 3112 νόμιμα

124 3141 151 3182 ου
181 3148 194 3176 ι
212 3121 359 3204 πάσχοντες
378 3121 438 3183 οὐδὲ
458 3122 549 3183 δίκαια
567 3124 612 3184 ὑπ’
625 3126 731 3202 αὐτῶν,
753 3124 798 3184 καί
821 3122 957 3201 δείξωμεν,

181 3238 195 3266 ιι
212 3210 253 3271 ότι
270 3212 324 3280 τοῖς
347 3210 494 3290 εὐγνώμοσι
519 3215 619 3293 μδίλλον
638 3211 656 3285 ἢ
673 3214 725 3281 τοῖς
749 3211 843 3292 βιαίοις
860 3216 958 3294 περιτῖ-

180 3328 194 3355 ιι
213 3324 256 3358 ναι
287 3303 340 3359 τῶν
369 3299 527 3361 ἀδικούντων
549 3307 620 3379 ἡμᾶς
651 3303 766 3362 πολιτῶν
796 3301 957 3381 βουλόμεθα.

181 3414 194 3442 ι
211 3386 304 3466 Ὑμεῖς
318 3386 366 3468 μὲν
385 3380 430 3448 οὐν
447 3387 524 3449 όπιτε
540 3389 642 3450 καὶτὸν
658 3390 789 3467 με’λλοντα
803 3389 894 3469 καιρὸν
911 3391 958 3449 ἐκ·

181 3502 195 3530 ι
212 3476 318 3558 δέχεσθε
333 3480 363 3537 οὐ
384 3476 466 3538 πολύν
488 3477 620 3554 ἐσόμενον·
647 3478 725 3555 ἡμεῖς
743 3476 770 3536 δὲ
786 3499 958 3556 παρασκευα-

125 3583 152 3624 tt
182 3591 196 3619 ιι
214 3566 323 3640 σάμενοι
345 3563 379 3624 τθι
404 3565 593 3644 κατεπείγοντα
616 3563 783 3647 προθήσομεν
804 3562 897 3643 χρόνον
919 3567 958 3644 τῷ

183 3679 197 3707 ι
215 3654 289 3733 ἀνδρὶ
302 3656 337 3721 είς
352 3655 512 3733 ἀπολογίαν,
524 3654 569 3714 καῖ
578 3653 626 3725 τήν
639 3653 714 3726 δίκην
727 3654 767 3735 ἐφ’
784 3655 856 3729 ὑμῶν
871 3674 959 3711 σοντι·

181 3768 197 3797 ιι
213 3741 334 3819 λίσομεν.
375 3741 464 3806 Ὅταν
482 3742 509 3803 δὲ
532 3743 642 3824 γένησθε
664 3745 712 3814 τῆς
726 3740 814 3825 ψήφου
830 3741 899 3800 κατὰ
913 3739 957 3801 τόν

181 3854 195 3882 ιι
212 3827 292 3905 νόμον
314 3828 414 3906 κύριοι,
437 3831 568 3908 τιμήσατε
586 3832 658 3910 αὐτῷ
674 3821 706 3902 ής
723 3827 755 3888 θν
771 3828 841 3899 ἄξιον
865 3828 958 3908 εόρητε

181 3916 321 3994 «ζημίας.
367 3919 421 3981 Καὶ
447 3918 508 4000 περί
526 3916 574 3990 μίν
586 3918 680 3979 τούτου
693 3924 820 3978 τοσαῦτα.
849 3915 959 3991 ‘Tucci

126 4030 152 4072 ιο
181 4030 195 4058 ι
211 4011 256 4066 τού
271 4004 343 4068 σίτου
358 4006 506 4084 διαθίσεως,
524 4005 570 4068 ίνα
588 4010 619 4067 ἐκ
632 4011 680 4067 τοῦ
695 4007 863 4067 δικαιοτάτου
875 4006 956 4086 γένη·

181 4117 196 4147 ιι
215 4116 276 4173 ται,
291 4097 314 4154 εί
328 4096 367 4175 μή
381 4094 419 4163 τις
435 4095 509 4156 ἔσται
523 4095 624 4163 τούτοις
638 4098 731 4175 καλε-ᾔ
748 4096 830 4176 βουλῇ
847 4094 959 4177 ιρροντλς,

181 4206 195 4236 ιι
214 4184 439 4262 ίπιμιλησόμεθα.
452 4212 465 4238 ι
484 4186 569 4246 Ταῦτ’
586 4181 666 4244 εἰπὼν
686 4180 848 4255 διίλυσετήν
863 4183 961 4255 ἐκκλη·

179 4271 249 4334 σίαν.
626 4294 629 4299 ’

218 4361 367 4423 XXXVII.
389 4359 467 4422 Μετθι
483 4365 559 4421 τοῦτο
572 4363 596 4421 oi
617 4360 665 4438 μίν
684 4358 779 4422 θποιτοι
793 4358 960 4441 συναγαγόν-

125 4474 151 4513 ts
178 4472 220 4517 τις
231 4450 280 4524 τήν
295 4448 393 4531 βουλὴν
410 4449 536 4510 ίσκόπουν
552 4451 593 4530 ip’
607 4450 736 4529 ἡσυχίας,
756 4450 795 4517 τίς
810 4448 841 4507 ἂν
858 4447 959 4529 γίνοιτο

179 4542 226 4612 τῆς
248 4537 386 4618 παρούσης
406 4544 524 4620 ταραχῆς
551 4538 635 4606 λύσις.
679 4539 734 4600 Καὶ
760 4538 846 4608 ἔδοξεν
869 4540 958 4605 αὐτοῖς

180 4631 284 4708 πρῶτον
308 4628 358 4705 μίν
382 4630 595 4709 ἀποθεραπεῦσαι
617 4626 678 4695 τούς
706 4629 824 4705 δημότας
850 4626 958 4691 εὐώνους

179 4715 250 4774 πάνυ
263 4715 308 4775 καὶ
333 4718 477 4785 λυσιτιλεῖς
498 4715 659 4787 ποιήσαντας
684 4715 772 4782 αὐτοῖς
786 4714 834 4780 τίις
851 4711 958 4790 άγοράς·

180 4802 271 4862 ἔπειτα
285 4802 383 4863 πιίθειν
402 4804 462 4872 τούς
484 4800 681 4884 προεστηκότας
706 4803 793 4861 αὐτῶν
808 4801 901 4880 χάριτι
910 4801 959 4868 τῆς

126 4916 151 4955 ιο
181 4893 279 4970 βουλῆς
296 4889 449 4952 παύσασθαι
471 4892 517 4954 καί
541 4891 578 4970 μή
600 4890 729 4971 παράγειν
753 4889 796 4949 τόν
822 4886 957 4966 Μάρκιον.

181 4981 216 5040 Εἰ
248 4980 276 5038 δὲ
306 4980 360 5057 μὴ,
397 4983 434 5048 είς
463 4981 644 5061 μακροτάτους
665 4976 860 5037 άναόάλλεσθαι
889 4972 957 5055 χρό-

177 5091 254 5143 νους,
284 5069 332 5136 ios<
361 5069 394 5129 θν
411 5074 579 5151 μαρανθῶσιν
606 5070 634 5127 αἱ
659 5070 712 5128 τῶν
737 5066 842 5126 πολλῶν
865 5061 953 5143 όργαί.

176 5160 272 5218 Tenen
293 5159 473 5240 ψηφισάμενοι
490 5159 521 5219 τὸ
541 5157 590 5235 μίν
605 5154 670 5235 ὑπὲρ
688 5160 736 5228 τῆς
757 5155 855 5234 άγορθς
869 5151 957 5230 δόγμα

177 5246 270 5317 ιίςτθν
285 5246 371 5327 δῆμον
392 5245 549 5329 ίξήνεγκαν,
566 5245 613 5306 καί
634 5245 742 5307 πάντων
762 5240 957 5303 ίπαινισοίντων

1736 440 1798 504 ita

1019 573 1097 635 utque
1111 556 1244 626 desistamt
1254 575 1287 627 ab
1299 575 1399 641 inceptu
1414 560 1522 629 ferventi
1529 562 1559 628 ac
1576 554 1744 643 inmusicum
1757 582 1798 633 vi·

1018 661 1090 715 deret
1101 678 1188 717 omnes
1202 667 1321 732 patricios
1332 668 1455 732 irritatos,
1471 674 1498 720 ct
1508 684 1594 721 omnes
1610 678 1725 738 paratos,
1738 674 1760 725 si
1783 686 1799 727 a

1018 757 1404 825 oonsulibusvocarentur,arma
1417 775 1520 828 eapere3
1538 764 1688 829 plebisvero
1707 768 1798 820 tirmis-

1019 842 1108 894 simam
1122 848 1218 910 partam
1231 848 1314 899 animo
1328 847 1406 900 dubio
1419 862 1488 911 esse,
1506 863 1553 901 uec
1566 851 1674 903 libenter
1687 855 1739 918 pati
1756 868 1799 905 uo·

1018 936 1166 990 bilissimum
1184 940 1264 991 civem
1280 941 1312 992 ad
1330 942 1481 1008 supplicium
1498 943 1568 1009 rapi,
1581 944 1657 1009 idque
1671 946 1799 998 indemna-

1018 1033 1082 1082 tum.
1115 1034 1201 1096 itaque
1215 1034 1239 1084 ei
1250 1034 1343 1096 suasit,
1361 1038 1391 1087 ut
1404 1039 1464 1087 tunc
1484 1037 1585 1101 quidem
1600 1039 1719 1101 cederet,
1734 1032 1799 1093 neve

1018 1133 1077 1171 cum
1086 1121 1229 1173 conantibus
1241 1126 1382 1187 pugnaret,
1402 1138 1434 1175 ne
1450 1124 1519 1187 quod
1534 1118 1634 1191 prasius
1646 1128 1740 1179 maium
1752 1142 1796 1194 pa·

1018 1216 1111 1277 taret,
1135 1214 1180 1266 sed
1201 1215 1295 1266 bomini
1319 1216 1387 1268 diem
1413 1217 1524 1283 diceret,
1547 1222 1662 1286 tempore
1686 1222 1799 1286 quolibet

1017 1311 1129 1369 statuto,
1149 1308 1251 1373 quoad
1271 1323 1385 1361 caussam
1406 1310 1537 1363 dicendam
1549 1315 1660 1374 veniret,
1679 1319 1705 1367 et
1723 1316 1755 1368 de
1768 1331 1799 1369 eo

1018 1415 1086 1466 cives
1094 1413 1206 1464 tributim
1218 1414 1364 1465 mitteretis
1378 1413 1510 1478 suffragia,
1526 1417 1593 1479 quod
1611 1431 1673 1468 vero
1685 1416 1798 1482 plurium

1016 1514 1141 1579 suffragiis
1154 1515 1277 1565 statutum
1287 1516 1367 1574 esset,
1378 1512 1406 1564 id
1415 1513 1514 1564 iaceret.
1548 1514 1713 1579 'tyrannicum
1731 1516 1798 1570 enim

1016 1607 1185 1659 etvioientum
1193 1605 1328 1669 essequam
1342 1605 1499 1657 nanciscere
1512 1609 1659 1669 conaretur,
1670 1621 1758 1674 nempe
1768 1613 1799 1663 ut

1016 1703 1082 1754 idem
1102 1704 1129 1754 et
1146 1704 1276 1754 accusator
1300 1706 1327 1753 ct
1351 1701 1427 1752 iudex
1451 1703 1478 1752 et
1498 1715 1576 1766 poenn
1595 1701 1687 1753 arbiter
1705 1709 1796 1757 mast:

1016 1798 1089 1851 civite
1106 1813 1166 1850 νειο
1184 1812 1253 1860 csse,
1277 1800 1307 1849 ui
1320 1811 1393 1861 reus,
1414 1797 1524 1863 legitima
1551 1799 1617 1850 iacta
1636 1800 1660 1850 ei
1685 1800 1797 1853 dicende

1015 1908 1113 1947 caussas
1123 1896 1261 1959 potestate,
1275 1893 1343 1957 quod
1358 1892 1471 1958 pluribus
1487 1892 1610 1944 iudicibus
1625 1894 1707 1945 visum
1718 1900 1794 1956 esset,

1016 1983 1043 2034 id
1054 1988 1188 2048 pateretur.
1221 1983 1266 2032 His
1277 1983 1358 2046 paruit
1369 1982 1489 2044 sicinius,
1502 1982 1597 2033 nntium
1614 1983 1704 2035 meiius
1718 1986 1799 2036 consi·

1016 2074 1077 2125 iium
1092 2073 1194 2130 videus,
1207 2074 1234 2122 et
1245 2083 1392 2136 progressus
1407 2089 1415 2120 ι
1433 2089 1446 2114 ι
1460 2069 1557 2121 Videtis
1575 2070 1698 2135 (inquit),
1714 2071 1799 2132 Quini·

1018 2166 1102 2223 ates,
1120 2161 1248 2223 studium,
1265 2173 1315 2224 quo
1338 2157 1438 2223 patricii
1460 2156 1493 2208 ad
1511 2156 1594 2209 cuades
1614 2159 1641 2209 et
1653 2157 1796 2209 violentiam

1018 2251 1175 2306 «ieiunium
1197 2246 1322 2310 siquidem
1344 2260 1422 2295 unum
1441 2244 1567 2296 bominem
1590 2246 1798 2311 aupenbum,qui

1017 2355 1030 2386 ι
1048 2337 1095 2389 toti
1106 2334 1250 2401 reipublice
1264 2334 1323 2384 iecit
1344 2332 1475 2394 iniurium,
1496 2331 1568 2383 nobis
1587 2332 1702 2383 omnibus
1723 2334 1795 2384 auta-

1017 2432 1146 2492 «ponunt.
1169 2423 1217 2475 Sed
1237 2426 1390 2475 tamennon
1410 2422 1484 2473 decet
1506 2435 1551 2471 nos
1572 2434 1627 2472 esse
1648 2435 1734 2473 eorum
1757 2422 1795 2475 si-

1017 2531 1030 2562 ιι
1046 2515 1131 2575 miles,
1151 2517 1234 2566 etant
1248 2513 1342 2565 beilum
1362 2513 1496 2564 intercutes
1512 2514 1558 2563 aut
1574 2512 1672 2563 illatum
1693 2514 1795 2577 pmpul·

1016 2624 1029 2648 ι
1040 2608 1144 2665 santes,
1157 2603 1183 2654 in
1196 2606 1307 2653 nostram
1319 2601 1454 2666 perniciem
1476 2614 1550 2652 ruere
1565 2601 1716 2665 praecipites.
1749 2602 1797 2653 Sed

1016 2713 1029 2737 ιι
1046 2691 1164 2758 qnoniam
1194 2691 1303 2743 nounuili
1326 2704 1429 2743 causam
1460 2689 1598 2756 speciosam
1622 2689 1795 2755 protendunt,

1017 2781 1139 2831 «scilicet
1151 2779 1245 2844 legem,
1267 2778 1341 2829 cuius
1360 2779 1453 2830 auxilio
1475 2782 1580 2829 sontem
1604 2778 1727 2843 supplicio
1745 2779 1796 2829 cri·

1017 2884 1030 2914 ι
1043 2867 1128 2932 piunt,
1139 2866 1211 2931 quod
1224 2880 1254 2918 ea
1265 2865 1362 2917 nulium
1375 2867 1456 2918 civem
1469 2867 1607 2916 Romanum
1626 2865 1796 2917 indemnatum

1017 2973 1030 3005 ιι
1047 2955 1128 3007 occidi
1141 2955 1222 3016 sinat,
1237 2954 1285 3006 hoe
1299 2955 1340 3006 ius
1353 2955 1403 3007 iliis
1416 2956 1598 3019 concedamus,
1614 2956 1730 3020 quamvis
1747 2956 1797 3021 ipsi

1018 3062 1030 3093 ιι
1044 3044 1172 3095 nobiscum
1195 3057 1276 3108 neque
1299 3044 1396 3110 iegibus
1413 3059 1493 3112 neque
1507 3046 1561 3097 iure
1578 3048 1660 3110 agant.
1702 3048 1734 3096 Et
1746 3058 1790 3096 os-

1018 3151 1030 3181 ι
1043 3133 1189 3195 tendamus,
1202 3147 1248 3183 nos
1260 3134 1334 3186 maile
1346 3136 1429 3199 cives,
1442 3135 1560 3200 aquibus
1573 3135 1662 3186 iniuria
1675 3134 1797 3186 afficimur

1018 3242 1030 3267 ι
1044 3222 1155 3282 ratione,
1168 3235 1245 3287 quam
1255 3222 1386 3284 violentia,
1400 3236 1526 3288 superare.
1559 3227 1611 3274 Vos
1625 3222 1699 3288 igitur
1712 3222 1795 3284 abite,

1019 3333 1031 3356 ιι
1048 3315 1074 3363 et
1087 3314 1203 3375 tempus,
1215 3310 1284 3374 quod
1299 3312 1369 3363 brevi
1383 3313 1472 3374 aderit,
1486 3315 1636 3374 exspectate.
1670 3314 1722 3363 Nos
1736 3326 1797 3363 vero

1017 3419 1030 3449 ι
1045 3401 1146 3453 interim
1167 3405 1341 3463 resurgentes
1360 3402 1516 3459 curabimus,
1534 3399 1724 3465 praestitutnque
1739 3399 1797 3451 huic

1018 3508 1031 3539 ι
1045 3488 1098 3540 viro
1119 3488 1151 3539 ad
1169 3502 1264 3539 caussa
1279 3489 1414 3540 dictionem
1440 3491 1570 3554 tempore,
1593 3487 1713 3538 indicium
1725 3487 1796 3540 vobis

1019 3578 1243 3638 «committemus,
1261 3580 1290 3627 ut
1311 3577 1359 3642 ipsi
1380 3577 1427 3629 Ιιεο
1439 3578 1471 3628 de
1489 3592 1516 3629 re
1535 3577 1683 3628 sententiam
1701 3576 1794 3628 feratis.

1018 3664 1091 3715 «Ubi
1105 3677 1165 3714 sero
1181 3663 1278 3728 exlege
1294 3666 1319 3714 in
1333 3665 1451 3727 sum-agia
1468 3664 1536 3714 missi
1550 3677 1626 3728 penes
1638 3678 1684 3713 sos
1696 3676 1726 3713 ea
1748 3662 1795 3713 bu·

1018 3770 1031 3799 ι
1048 3751 1167 3813 bueritis,
1188 3753 1248 3803 tunc
1273 3750 1309 3801 iili
1333 3751 1471 3811 mulctam,
1494 3763 1545 3814 qua
1565 3763 1623 3801 eum
1633 3751 1797 3814 dgnumcsse

1019 3860 1031 3891 ιι
1048 3841 1212 3906 comperietis,
1236 3840 1349 3905 inrogate.
1368 3844 1449 3903 itque
1467 3840 1522 3889 baec
1543 3838 1644 3904 quidem
1666 3838 1812 3913 hactenus,

1019 3952 1032 3983 ιι
1047 3934 1120 3994 Quod
1137 3937 1219 3984 autem
1235 3932 1324 3985 attinet
1342 3931 1372 3982 ad
1391 3929 1507 3980 immenti
1519 3926 1686 3977 venditionem
1700 3929 1728 3977 et
1742 3924 1796 3976 dis·

1019 4024 1226 4090 «accusationem,
1249 4026 1279 4074 ut
1299 4034 1328 4073 ea
1352 4032 1429 4085 quam
1452 4016 1588 4069 iustissima
1613 4016 1666 4077 iiat,
1680 4015 1727 4066 nisi
1749 4015 1797 4066 boc

1020 4114 1190 4166 «consulibus
1204 4111 1351 4174 senatuique
1365 4122 1433 4160 curae
1450 4106 1539 4163 inerit.
1559 4105 1666 4171 nosipsi
1686 4105 1746 4157 buic
1761 4105 1798 4157 nei

1020 4222 1032 4251 ιι
1049 4201 1240 4268 providebimus.
1257 4201 1343 4250 uiieec
1352 4197 1453 4249 locutus
1463 4194 1606 4244 concionem
1621 4191 1724 4244 dimisit.

1047 4364 1169 4415 xxxvll.
1186 4361 1312 4414 Post’baec
1323 4357 1446 4419 consules,
1458 4359 1546 4407 coacto
1557 4357 1655 4417 senatu,
1663 4366 1708 4419 per
1716 4353 1796 4403 otium

1016 4459 1202 4518 consultabant,
1219 4469 1326 4520 quanam
1344 4453 1439 4504 ratione
1450 4464 1561 4516 pressans
1578 4446 1705 4500 tumuitus
1715 4443 1796 4494 sedari

1015 4561 1109 4624 posset.
1140 4558 1171 4606 Et
1182 4553 1275 4618 placuit
1283 4551 1345 4616 ipsis
1356 4550 1465 4615 primum
1475 4545 1577 4611 quidem
1593 4554 1682 4605 magne
1692 4551 1796 4590 annonas

1015 4659 1086 4723 copia
1106 4654 1228 4722 pretiique
1247 4651 1344 4702 vilitate
1363 4648 1462 4714 piebem
1483 4644 1603 4702 delinire,
1627 4637 1718 4703 deinde
1735 4650 1796 4686 uero

1014 4756 1069 4809 eins
1084 4751 1268 4817 magistratibus
1282 4745 1445 4813 persuadere,
1467 4741 1540 4792 utin
1561 4738 1662 4788 senatus
1689 4733 1796 4799 gratiam
1881 4817 1884 4821 ‚

1014 4857 1122 4920 acoeptc
1132 4850 1295 4909 desisterent,
1311 4858 1374 4897 neve
1389 4840 1511 4894 Marcium
1522 4840 1551 4888 tn
1569 4834 1704 4901 iudicium
1716 4829 1796 4881 addu-

1013 4955 1106 5006 cerent.
1139 4945 1214 5007 Quod
1225 4944 1247 4995 si
1260 4943 1308 4994 boc
1320 4941 1370 4993 iilis
1382 4936 1534 5005 persuadere
1549 4945 1598 4982 uon
1612 4932 1729 4995 possent,
1745 4926 1795 4976 sai·

1013 5054 1065 5102 tem
1077 5047 1103 5096 in
1115 5057 1191 5109 quam
1200 5040 1370 5105 longissimum
1382 5041 1483 5098 tempus
1495 5042 1548 5082 rem
1562 5026 1699 5086 differrent,
1716 5022 1794 5106 donec

1013 5147 1051 5197 ira
1063 5143 1131 5209 vulgi
1140 5139 1313 5194 deferbuisset.
1323 5134 1369 5186 ilis
1383 5130 1491 5198 densetis
1504 5123 1749 5178 senatusconsultum
1761 5119 1794 5170 de

1014 5253 1111 5293 annona
1122 5235 1324 5305 promulgaunnt,
1338 5235 1364 5285 et
1373 5227 1489 5282 omnibus
1504 5226 1589 5277 ratum
1600 5221 1722 5309 iecerunt,
1735 5218 1795 5268 Erat
