4052 5926
278 404 339 477 aas
768 466 772 471 ,
799 401 971 465 urorarsu
994 354 1372 464 uAnrclerisseusrs

281 566 294 592 ι
307 543 360 600 τῶν
378 538 507 617 πατρίδας
526 535 687 617 ἐκλείψοντες
705 536 751 595 καὶ
771 535 836 616 πρὸς
846 541 916 613 ἡμᾶς
937 558 1054 613 μετανα·

284 654 299 681 ι
315 626 472 702 στησάμενοι
494 624 561 691 τίνες
582 622 701 686 ίσονται·
725 624 824 705 πότερα
846 628 870 684 cl
892 624 1008 699 οἰκήσεις
1029 649 1058 685 τε

284 744 300 781 ι,
314 715 360 776 καί
379 715 484 795 ἐρίστια
503 714 549 772 καί
553 712 644 794 βίους
662 712 751 774 καίτθ
770 720 898 791 τιμᾶσθαι
913 713 988 795 παρέι
1005 716 1059 781 τοῖς

284 803 433 885 ιπολίταις
456 801 499 862 διδ
521 788 604 884 πατέρ
606 828 643 862 ων
663 803 805 885 ἐπροίνειαν
829 802 938 876 ήδόξαν
963 802 1059 871 οἰκείας

239 925 253 964 ς
280 895 404 981 «ἀρετῆς
418 892 542 972 ἐχουτες;
569 893 615 952 καὶ
645 891 683 959 τίς
708 891 738 953 ἀν
754 892 903 968 ὑπομείνειε
925 892 960 951 τέι
975 895 1058 952 οἰκεῖα

284 1007 298 1036 ιι
293 980 476 1061 παραλιπὼν
495 982 582 1058 ἀγαθδι
604 987 657 1043 τῶν
673 980 819 1064 ἀλλοτρίων
830 982 963 1063 γλίσχρως
977 1004 1060 1059 μετα·

284 1071 407 1131 ιλαόεῑν
423 1075 531 1144 κακῶν;
554 1070 647 1151 οὗγδιρ
666 1070 769 1151 εἰρήνης
793 1071 839 1132 καί
859 1076 957 1154 τρυφῆς
976 1095 1058 1150 μετα-

284 1159 380 1241 ιόληψ
381 1182 454 1239 μενοι
460 1160 540 1270 δεῦρο
559 1159 678 1233 ἥξουσιν,
697 1160 766 1219 ἀλλδι
785 1183 826 1217 κιν
828 1157 967 1220 δύνωνκαί
979 1160 1059 1219 πολέ·

283 1255 298 1304 α
317 1271 385 1320 μου,
412 1237 477 1317 ἐς
458 1272 494 1305 ων
517 1247 612 1322 ἀδηλον
637 1251 660 1306 εί
679 1247 909 1327 κατορθωθήσεται
923 1250 954 1309 τό
972 1247 1055 1317 τύλος.

230 1362 294 1401 ro·
281 1322 386 1397 «Ἢ
363 1359 393 1395 το
414 1337 555 1443 δημοτικὸν
527 1336 655 1396 δ’καλ
640 1333 758 1394 ανέστιον
778 1333 928 1413 ἐπαξόμεθα
951 1339 1059 1409 πληθος,

284 1450 296 1478 ι
292 1414 366 1484 οἷον
375 1434 420 1483 καὶ
432 1448 462 1483 το
449 1425 576 1485 ίνθένδε
589 1422 718 1484 ἀπελαθὲν
731 1415 778 1498 ήν,
790 1426 868 1495 δῆλον
882 1427 924 1484 ότι
934 1424 977 1485 δεδι
991 1425 1058 1536 χρία

283 1513 359 1573 «καί
392 1514 536 1580 καταδίκας
570 1512 615 1573 καὶ
646 1512 693 1581 el<
733 1512 920 1594 ὁμοιοτρόπους
952 1513 1059 1581 ταύταις

282 1602 450 1680 ισυμροράς
477 1605 622 1679 ἀγαπητῶς
640 1601 751 1660 ὅπον’
723 1627 791 1683 τυχη
813 1603 1055 1684 μεθιδρυσόμενονς

281 1690 325 1749 αδ
352 1690 402 1749 κάν
425 1680 513 1749 τᾶλλα
532 1711 649 1770 χρηστον
665 1712 682 1766 η
666 1680 804 1748 καθ’
769 1711 835 1770 μετρ
837 1710 884 1759 ιον,
912 1687 956 1748 ἵνα
978 1689 1057 1770 [καί]

227 1807 295 1849 ,ςι
282 1783 388 1839 ιτοῦτο
402 1782 489 1846 αὐτοῖς
501 1776 688 1858 χαρισώμεθα,
710 1776 754 1836 διδι
771 1775 893 1852 τουτογί
901 1798 942 1838 τοι
949 1776 980 1836 τδ
991 1777 1058 1856 μήτ’

282 1873 405 1930 «cintius
428 1860 494 1929 εἶναι
519 1867 582 1945 μήθ’
606 1868 672 1946 δμοδ
658 1865 756 1926 δίαιτον
786 1866 849 1944 μήτ’
877 1867 992 1942 ἐθισμῶν
1011 1869 1057 1928 καί

282 1968 294 2013 i
309 1960 397 2033 νόμων
418 1954 465 2016 καί
480 1955 599 2024 παιδείας
611 1955 732 2034 γενέσθαι
746 1960 792 2026 τῆς
806 1953 868 2033 παρ’
884 1959 949 2031 ήμῖν
964 1955 1057 2029 ἔμπει-

278 2076 290 2100 a
306 2069 360 2125 ρον,
387 2047 482 2124 μακρῷ
505 2042 537 2116 δή
560 2066 608 2114 πρυ
622 2043 721 2125 καὶτῷ
739 2042 818 2102 παντὶ
847 2041 939 2101 κάκιον
962 2041 994 2102 ἀν
1014 2043 1055 2115 εἴη

279 2162 292 2189 ι
308 2141 354 2194 τοῦ
368 2138 432 2214 παρ’
449 2137 524 2211 ἡμῖν.

223 2256 250 2296 ηο
316 2221 529 2303 hill-'rrpptv
537 2218 759 2301 γ’ἐπιχωρίιρκαί
767 2217 915 2280 τίνινωνκαί
925 2223 1056 2298 γυναικῶν

281 2324 293 2367 ι’
310 2312 456 2391 καλγονέων
464 2309 619 2370 καλπολλῶν
627 2310 713 2370 ἄλλων
719 2310 852 2387 σωμάτων
860 2311 962 2371 οἰκείων
968 2309 1056 2392 όμηρά

280 2429 293 2454 a
310 2404 380 2460 ἐστιν
395 2400 504 2479 ἐνθάδε,
518 2396 564 2458 καί
577 2400 658 2458 αύτοῶ
669 2396 702 2463 νή
712 2398 764 2459 Δία
783 2403 830 2457 τοῦ
851 2397 992 2481 θρέψαντος
1006 2403 1054 2458 c8-

280 2515 292 2542 ι
311 2489 371 2559 τούς
386 2489 494 2570 ἐδάφους
507 2490 522 2546 δ
537 2486 634 2562 πόθος,
648 2487 789 2567 ἀναγκαῖος
803 2484 840 2546 ῶν
852 2486 937 2547 ἀπαπι
953 2488 997 2546 καί
1008 2489 1055 2548 ούκ

279 2601 294 2633 n
309 2577 453 2662 ἐξαιρετός·
468 2580 483 2635 8
497 2576 519 2635 δ’
540 2574 680 2647 ἐπίκλητός
701 2578 728 2655 γ’
746 2575 834 2635 οὑτοσὶ
856 2576 902 2634 καί
916 2577 1055 2651 ἐπίσκηνος

222 2705 249 2743 25
280 2695 292 2721 ι
309 2667 399 2747 ὄχλος,
417 2668 439 2727 εἶ
461 2667 561 2745 γίνοιτο
571 2670 635 2740 ἡμῖν
649 2664 776 2739 σύνοικος,
791 2664 892 2733 ούδενδς
906 2666 979 2747 αύτῷ
993 2666 1054 2725 τού-

280 2781 360 2816 ιιτων
384 2756 473 2814 ἐνθάδε
494 2753 575 2828 ὄντος,
597 2754 662 2834 ύπίρ
683 2753 751 2823 τίνος
769 2753 801 2814 ἀν
826 2754 945 2825 ἀξιώσειε
965 2755 1054 2814 κινδυ·

277 2844 390 2905 ανεύειν
414 2847 526 2923 ἀγαθοῦ,
547 2847 570 2903 εί
587 2841 625 2921 μή
644 2866 684 2912 τις
703 2846 775 2925 αὐτῷ
795 2848 842 2923 γῆς
860 2866 890 2903 τε
910 2844 1054 2924 ὑπόσχοιτο

278 2959 291 2988 α
307 2934 421 3014 μέρη
392 2934 484 2994 διίισειν
504 2955 549 2991 και
539 2930 664 2998 πόλεως
675 2934 737 3012 μοῖρ
739 2954 770 2989 αν
783 2928 847 3002 όσην
864 2929 896 3001 δή
908 2954 979 3008 τινα,
996 2931 1055 3000 τοὺς

279 3028 353 3082 «νῦν
363 3023 508 3103 κυρίους’
477 3025 563 3080 αυτῶν
577 3020 744 3100 ἀφελόμενος,
759 3012 795 3080 ὧν
810 3023 858 3081 οὐκ
867 3016 989 3100 ἀξιοῦμεν
1001 3026 1055 3090 τοῖς

221 3139 288 3184 ³⁰⁸
276 3112 431 3179 ιπολλάκις
447 3108 653 3220 ἀγωγισαμίνοις
677 3108 792 3189 ύπέρ’
763 3114 848 3170 αυτῶν
863 3111 984 3178 πολίταις
1003 3134 1053 3188 με·

278 3203 457 3261 ιταδιδόναι·
473 3224 519 3259 και
509 3197 593 3267 ἴσως
611 3197 643 3257 ἀν
664 3199 723 3257 οὗδέ
740 3199 841 3267 τούτοις
858 3199 996 3280 ἀρκεσθείη
1006 3201 1054 3278 ,δο-

275 3298 289 3344 ι’
302 3292 368 3348 θεῖσι
382 3289 488 3368 μόνοις,
504 3289 573 3349 ἀλλά
588 3288 634 3346 καί
646 3290 731 3366 τιμῶν
752 3286 798 3346 καί
826 3290 916 3369 ἀρχῶν
941 3288 987 3348 καί
1001 3292 1053 3349 τῶν

277 3403 289 3431 ιι
306 3379 395 3436 ἄλλων
408 3379 511 3455 ἀγαθῶν
528 3376 554 3445 ἐξ
568 3374 626 3435 ίσου
640 3383 695 3445 τοῖς
703 3376 851 3456 πατρικίοις
867 3376 1052 3456 ἀξιώσαιμι·

276 3463 495 3541 ιταλαμόάνειν.
537 3466 641 3526 Οὐκοῦν
654 3468 676 3523 τί
692 3463 739 3542 μέν
749 3468 796 3525 οὐκ
804 3465 978 3549 ἐπιτρέψομεν
990 3465 1052 3527 tae·

218 3592 245 3632 35
275 3578 357 3615 «στα
370 3558 424 3614 τῶν
443 3553 620 3631 αἰτουμένων,
641 3556 743 3665 ἐχθροῖς
757 3562 810 3623 τοῖς
833 3555 871 3634 μὴ
895 3558 1052 3638 τυγχάνωσι

275 3628 472 3724 χρησόμεθα·
489 3643 542 3701 ιίδ
528 3641 555 3701 88
579 3643 803 3725 συγχωρήσομεν,
829 3645 964 3727 ήπατρίς
988 3651 1051 3723 ήμῖν

275 3731 443 3814 ιοίχήσεται
462 3730 542 3791 καθ’
529 3753 547 3803 η
568 3732 689 3792 πολιτεία
709 3735 773 3815 πρδς
794 3737 917 3812 ήμῶν’
888 3739 973 3795 αυτῶν
1001 3757 1050 3794 κοι-

274 3848 288 3877 ι
285 3821 465 3902 ταλυομίνη
509 3819 606 3881 iicl’
581 3844 609 3881 ου
626 3823 787 3902 προστίθημι
807 3826 931 3897 ἐνταῦθα,
945 3825 986 3885 ότι
999 3846 1050 3883 πο-

274 3935 287 3965 ι
284 3913 391 3986 λεμιῖν
405 3908 559 3980 ἐπιτηδείων
569 3909 700 3987 σωμάτων
712 3916 775 3988 ήμῖν
790 3914 817 3969 ἐν
829 3936 868 3970 τω
848 3912 990 3991 ’[παρύντι
1001 3913 1050 3988 δεῖ,

216 4031 243 4070 40
275 4001 332 4060 ιού
350 4001 473 4078 γεωργῶν
502 3997 561 4060 0888
582 4002 667 4071 θητῶν
693 4002 776 4061 ott’t
777 3999 885 4076 μπόρων
910 3999 969 4059 0888
996 4002 1049 4058 τῶν

275 4108 288 4137 ι
284 4078 365 4173 πιιρί
378 4086 425 4152 τὰς
436 4084 582 4165 βαναύσους
592 4086 688 4168 τέχνας
702 4086 922 4168 ἀσχολουμένων,
933 4085 978 4155 ote
992 4085 1050 4163 ἀμα

274 4154 392 4269 «δεήσει
412 4175 551 4249 μανθάνειν
570 4177 606 4236 τέι
624 4176 759 4255 πολεμικέι
782 4177 828 4237 καί
850 4180 943 4256 πεῖραν
963 4177 1049 4236 αθτῶν

270 4240 355 4336 όδιδ’
326 4261 415 4319 δ·οναι
430 4264 541 4341 χαλεπή
560 4263 587 4325 88
602 4273 682 4348 πεῖρα
693 4269 746 4327 τῶν
766 4264 804 4343 μή
821 4267 848 4325 ἓν
863 4265 928 4326 tter·
947 4264 1048 4346 ἀνάγκη

269 4331 325 4408 εδδ
346 4346 476 4416 τοιούτους
496 4342 563 4412 εἶναι
588 4353 647 4423 τοὺς
667 4354 814 4435 σύγκλυδας
834 4354 879 4414 καλ
901 4356 930 4414 ἐκ
952 4354 1048 4423 παντὸς

213 4463 286 4514 45·
264 4430 387 4502 ἰἐθνους
408 4443 669 4589 μετανισταμένους.δ
702 4445 758 4524 Στρ
760 4441 903 4515 ατιωτικήν
920 4440 1018 4523 γάρ
989 4466 1047 4503 ουτε

268 4532 348 4609 ιδρω
328 4525 519 4607 ”συμμαχίαν
539 4532 649 4605 ἡμῖν’
624 4555 653 4589 ου
655 4531 748 4611 δεμίαν
768 4536 935 4592 συνεστῶσαν
954 4531 1001 4591 ούτ
1001 4534 1047 4592 a’8

271 4642 283 4669 ι
282 4616 393 4698 ρανείη
407 4640 447 4686 τις
459 4619 490 4697 ἐκ
512 4624 558 4679 τοῦ
577 4619 719 4697 ἀδοκήτου,
732 4621 923 4700 παραινέσαιμι
940 4620 994 4678 ἀν’
983 4625 1046 4698 υμῖν

267 4708 490 4788 «παραδέξασθαι
507 4706 588 4784 αὐτήν
610 4717 662 4778 τοῖς
683 4710 782 4791 τείχεσι
801 4713 960 4791 προχείρως,
981 4712 1046 4769 πολ·

266 4796 341 4876 ιλδς
355 4798 408 4872 ήδη
429 4800 474 4861 καί
495 4800 611 4881 μεγάλας
632 4800 804 4874 ἐπιστάμενος
824 4801 913 4867 πόλεις
933 4808 989 4868 ταῖς
1008 4803 1045 4861 εί·

215 4913 241 4953 ω
271 4912 283 4939 ι
300 4889 451 4967 σαχθείσαις
468 4890 511 4950 ἐπί
526 4893 632 4973 φυλακῇ
647 4903 781 4970 στρατιαῖς
796 4891 1002 4969 δεδουλωμένας.

279 4978 409 5043 LIV.
398 4977 657 5126 ιἘνθυμούμενοίό
659 5004 688 5039 τε
707 4979 739 5052 δή
756 4984 841 5040 ταῦτα
862 4978 908 5037 καί
935 4979 984 5039 &aa
1012 4979 1043 5053 δή

1114 564 1127 589 ε
1139 544 1184 610 qui
1205 543 1309 608 petriam
1329 557 1398 595 suani
1416 543 1548 608 deserent,
1567 520 1594 597 ἐι
1614 545 1648 597 ed
1665 560 1711 598 nos
1730 547 1892 612 migrabunt?

1113 652 1125 678 ι
1139 635 1225 684 utrum
1235 632 1271 683 illi
1285 633 1329 696 qui
1339 632 1388 683 iam
1400 636 1480 685 certas
1496 633 1569 684 sedes
1582 636 1608 685 et
1622 634 1688 686 lares
1698 638 1725 685 et
1736 636 1832 703 rictum
1843 637 1891 688 bn·

1113 741 1127 767 ι
1140 722 1214 783 bent,
1235 720 1261 774 et
1277 721 1310 772 ob
1331 722 1452 774 maiorum
1469 722 1641 783 nobilitatam,
1661 723 1702 775 rel
1720 724 1821 797 virtutis
1839 739 1892 778 suu

1114 829 1127 854 ι
1140 810 1244 875 gloriam
1260 809 1326 872 apud
1345 823 1404 860 snos
1416 809 1484 861 cives
1502 809 1528 860 in
1544 810 1639 861 honore
1651 823 1707 861 esse
1722 816 1847 876 possunt?
1859 816 1893 863 st

1114 920 1126 944 ι
1142 898 1257 965 quisnam
1292 898 1344 948 suis
1377 898 1450 949 bonis
1480 898 1573 950 relictis
1602 898 1740 951 alienorum
1771 900 1894 953 malornm

1113 1008 1126 1033 a
1140 984 1249 1051 turpiter
1262 986 1384 1052 particeps
1398 986 1451 1037 lieri
1461 1000 1534 1052 aequo
1545 986 1628 1037 animo
1643 987 1720 1039 velit?
1732 1001 1813 1052 neque
1826 988 1894 1040 enlm

1114 1097 1128 1122 «ι
1141 1076 1209 1142 pacis
1219 1079 1246 1127 et
1261 1075 1405 1128 deliciarum
1418 1075 1552 1141 participes
1565 1077 1645 1128 futuri
1657 1076 1708 1128 huc
1718 1078 1821 1129 venient
1830 1116 1837 1139 ,
1847 1077 1892 1129 sed

1114 1187 1127 1212 n
1142 1165 1309 1230 periculorum
1330 1167 1356 1216 et
1372 1165 1447 1228 belli,
1462 1179 1570 1230 morum
1588 1166 1669 1218 esitus
1688 1165 1748 1217 lelix
1766 1179 1844 1218 necne
1860 1167 1895 1219 sit

1114 1276 1127 1300 a
1141 1255 1241 1306 tuturus
1252 1254 1376 1306 incertum
1391 1258 1438 1306 est.
1467 1261 1505 1307 An
1518 1255 1617 1307 turbem
1629 1254 1751 1322 plebeiam
1763 1259 1789 1306 et
1797 1256 1894 1308 laribus

1113 1363 1126 1388 a
1141 1353 1266 1394 carentem
1282 1343 1308 1393 in
1326 1342 1413 1395 urbem
1424 1343 1625 1405 introducemus,
1638 1340 1778 1393 cuiusmodi
1796 1356 1826 1397 ea
1837 1346 1895 1395 eret

1114 1456 1126 1480 a
1141 1449 1199 1499 quae
1213 1434 1271 1484 hinc
1293 1433 1395 1497 expulsa
1417 1434 1477 1496 anit,
1491 1434 1608 1485 nimirum
1624 1447 1682 1498 quae
1696 1433 1853 1484 acutianum
1866 1437 1898 1484 et

1114 1542 1127 1567 ι
1141 1524 1248 1575 mulctas
1266 1523 1363 1587 aliaque
1382 1522 1523 1574 istiusmodi
1543 1522 1609 1573 mala
1630 1521 1735 1573 libenter
1758 1534 1845 1571 eccum
1860 1520 1896 1572 sit

1114 1630 1126 1655 ι
1142 1612 1306 1673 translatura,
1319 1611 1499 1675 quocunqueei
1517 1611 1622 1677 migrare
1631 1609 1779 1675 eontigerit?
1790 1623 1848 1674 que
1859 1609 1893 1660 li·

1112 1720 1126 1745 ι
1142 1704 1183 1752 cet
1191 1699 1285 1764 alioqui
1294 1700 1357 1766 frugi
1368 1703 1395 1752 et
1405 1698 1518 1751 modesta
1531 1699 1565 1751 sit
1578 1700 1678 1763 (uthoc
1687 1699 1725 1750 eis
1732 1698 1895 1764 largiamur),

1112 1808 1125 1834 ιι
1139 1789 1198 1854 quie
1210 1792 1293 1841 tamen
1308 1802 1388 1853 neque
1399 1788 1466 1840 domi
1484 1791 1543 1840 nota
1561 1793 1614 1849 est,
1630 1801 1711 1852 neque
1731 1788 1820 1840 eedem
1833 1789 1894 1840 vitre

1112 1896 1126 1922 ι
1141 1880 1236 1930 ratione
1255 1877 1343 1940 utitur,
1358 1880 1499 1928 nostrorum
1512 1891 1612 1928 morum
1624 1881 1651 1928 et
1667 1878 1753 1942 legum
1772 1880 1800 1929 et
1815 1877 1892 1930 disci·

1112 1986 1125 2011 ι
1139 1966 1214 2032 plinta
1229 1966 1344 2030 imperite
1364 1970 1418 2027 est,
1432 1965 1518 2032 procul
1532 1966 1608 2017 dubio
1619 1966 1692 2031 louge
1706 1967 1782 2030 atque
1790 1978 1894 2031 prorsus

1112 2074 1124 2099 ι
1140 2054 1187 2106 bec
1196 2059 1280 2106 nostra
1292 2054 1364 2120 plebe
1374 2055 1482 2106 deterior
1494 2060 1534 2106 est
1544 2057 1638 2106 lutura.

1139 2229 1203 2279 Llll.
1216 2248 1228 2273 ι
1242 2229 1323 2281 liuius
1336 2229 1403 2280 enim
1416 2229 1538 2295 indigenae
1550 2234 1577 2283 et
1585 2231 1680 2284 liberos
1692 2233 1719 2283 et
1728 2229 1847 2295 coniuges
1865 2233 1896 2282 et

1110 2332 1123 2359 ι
1137 2318 1264 2379 parentes,
1276 2321 1303 2368 et
1311 2316 1403 2370 multos
1418 2317 1479 2369 alios
1492 2320 1644 2370 necessarios
1655 2318 1695 2369 hic
1703 2317 1804 2370 obsides
1813 2316 1893 2369 lrabe-

1109 2423 1123 2449 ι
1136 2419 1209 2468 mus;
1223 2410 1298 2473 atque
1308 2408 1372 2460 adeo
1388 2410 1471 2474 ipsum
1480 2409 1571 2461 natalis
1580 2410 1624 2461 soli
1635 2408 1802 2469 desiderium,
1820 2410 1894 2472 qnod

1110 2511 1122 2537 ι
1137 2495 1253 2548 omnibus
1269 2498 1408 2549 necessario
1420 2498 1486 2550 inest
1502 2512 1548 2550 nec
1559 2500 1642 2563 potest
1652 2498 1737 2550 eximi.
1750 2500 1783 2548 lt
1794 2496 1894 2549 adscite

1110 2601 1124 2626 ι
1139 2583 1194 2635 baec
1209 2589 1236 2637 et
1255 2586 1375 2650 inquilina
1396 2586 1485 2650 turba,
1498 2586 1521 2637 si
1536 2586 1665 2637 uobiscum
1679 2586 1812 2647 habitarit,
1834 2600 1894 2638 cum

1109 2690 1122 2715 ι
1140 2675 1201 2726 nihil
1214 2688 1299 2726 eorum
1316 2674 1357 2726 bic
1373 2675 1476 2738 lrabeat,
1498 2674 1570 2728 cuius
1581 2674 1643 2729 boni
1655 2686 1745 2727 caussa
1758 2677 1894 2741 periclitari
1910 2746 1913 2749 ,

1110 2766 1212 2825 «vorat,
1228 2764 1275 2815 nisi
1286 2764 1343 2829 que
1357 2762 1503 2830 pausentur
1514 2750 1545 2816 ιε’
1554 2764 1578 2814 ει
1593 2768 1621 2814 ει
1638 2765 1691 2830 egri
1705 2766 1804 2830 partem
1816 2768 1893 2815 aaa·

1109 2877 1122 2902 a
1138 2868 1209 2914 rum,
1225 2857 1251 2904 et
1271 2851 1342 2903 urbis
1356 2852 1492 2917 portionem
1508 2852 1617 2917 aliquam
1639 2852 1672 2903 iis
1692 2853 1736 2919 qui
1749 2867 1813 2904 nunc
1836 2866 1893 2904 eam

1109 2944 1275 3009 «possident,
1298 2944 1410 3006 ereptam
1435 2955 1492 3006 quae
1519 2944 1602 2993 tamen
1625 2942 1742 2993 nolumus
1768 2941 1894 3007 impertiri

1109 3054 1122 3079 a
1137 3033 1248 3092 civibus,
1269 3032 1313 3095 qui
1331 3031 1422 3094 sapius
1436 3044 1481 3095 pro
1498 3031 1538 3083 his
1558 3034 1697 3082 certarunt.
1730 3037 1766 3082 lc
1785 3031 1894 3083 {crima

1109 3143 1121 3169 ι
1134 3136 1165 3173 ue
1176 3122 1217 3171 bis
1225 3120 1326 3184 quidem
1341 3119 1401 3171 sotis
1412 3119 1536 3171 concessis
1547 3123 1664 3172 contenta
1681 3120 1745 3182 erit;
1761 3120 1894 3172 sedetiam

1109 3234 1121 3256 ι
1136 3211 1261 3263 honorum
1280 3214 1305 3260 et
1327 3208 1533 3273 magistratuum,
1549 3212 1575 3260 ct
1597 3210 1702 3260 aliorum
1717 3209 1840 3259 bonorum
1859 3223 1894 3260 ex

1108 3321 1121 3346 «
1136 3314 1211 3364 equo
1222 3312 1280 3349 cum
1293 3298 1403 3365 patriciis
1419 3299 1541 3363 particeps
1554 3311 1610 3351 esse
1631 3299 1708 3349 volet.
1740 3297 1793 3347 Nisi
1811 3298 1895 3361 igitur

1108 3374 1288 3455 «quaecuuque
1311 3386 1461 3451 postularint
1485 3386 1521 3437 cis
1548 3387 1756 3445 concesserimus,
1784 3398 1828 3435 cos
1855 3386 1894 3437 ob

1107 3498 1119 3522 «ι
1134 3481 1262 3543 acceptam
1274 3475 1398 3540 repulsam
1408 3474 1522 3526 inimicos
1534 3474 1682 3526 habebimus
1695 3472 1779 3538 :quod
1793 3474 1814 3524 si
1827 3488 1895 3525 oon·

1107 3587 1120 3611 ι
1134 3567 1293 3626 cesserimus,
1310 3564 1392 3629 patria
1409 3568 1436 3615 et
1451 3563 1616 3629 respublicae
1637 3563 1784 3627 nobisipsis
1801 3575 1896 3616 eversa

1107 3674 1120 3700 α
1132 3653 1230 3721 peribit.
1264 3655 1318 3702 lion
1339 3649 1443 3713 addam,
1468 3648 1539 3700 nobis
1554 3648 1581 3701 in
1603 3648 1737 3714 praesentia
1757 3662 1893 3714 opusesse

1106 3761 1119 3787 a
1135 3741 1276 3793 bominibus
1291 3739 1323 3789 ab
1336 3737 1429 3788 bellum
1440 3736 1549 3799 idoneis,
1563 3750 1613 3787 non
1625 3736 1753 3801 agricolis,
1766 3741 1812 3787 eut
1822 3751 1893 3789 mer·

1105 3852 1118 3875 ι
1132 3832 1254 3893 canariis,
1268 3832 1313 3880 aut
1327 3827 1525 3887 mercatoribus,
1537 3829 1582 3879 aut
1596 3828 1670 3879 etiam
1682 3827 1705 3878 is
1723 3828 1768 3892 qui
1779 3829 1895 3894 sordidis

1105 3941 1118 3967 ι
1133 3921 1229 3973 nrtibns
1239 3932 1340 3985 operam
1351 3920 1453 3980 navant,
1462 3931 1526 3982 qnos
1536 3917 1609 3968 simul
1622 3920 1648 3969 et
1660 3931 1700 3969 res
1712 3918 1816 3969 bellicas
1830 3918 1892 3970 dis-

1105 4030 1117 4054 ι
1132 4024 1203 4072 cere,
1224 4013 1251 4061 et
1273 4022 1360 4060 earnm
1381 4007 1506 4073 specimen
1530 4006 1590 4059 dare
1608 4007 1743 4071 oportebit
1780 4008 1894 4063 Difficile

1105 4117 1118 4143 ι
1131 4110 1192 4148 vero
1206 4097 1336 4159 astartis,
1351 4097 1391 4146 cui
1411 4109 1461 4146 non
1480 4092 1637 4157 assnererir,
1659 4094 1785 4158 specimen
1797 4094 1860 4148 dare
1884 4113 1891 4142 ι

1104 4204 1116 4230 ιι
1132 4188 1159 4237 at
1168 4199 1269 4240 neeesse
1282 4188 1321 4237 est
1332 4184 1394 4236 tales
1405 4196 1460 4236 essa
1474 4197 1518 4235 eos
1525 4221 1535 4248 ,
1549 4182 1593 4248 qui
1611 4184 1660 4234 lruc
1675 4186 1841 4250 convenient,
1863 4192 1894 4239 et

1103 4295 1116 4319 ι
1130 4289 1162 4326 cn
1180 4275 1296 4326 omnibus
1311 4273 1453 4326 nationibus
1465 4273 1615 4338 migrabunt.
1650 4274 1736 4326 Nullas
1749 4275 1817 4326 enim
1835 4277 1892 4327 mi·

1102 4383 1115 4407 ι
1130 4363 1215 4415 litores
1224 4365 1349 4415 sociorum
1362 4362 1445 4429 copies
1456 4362 1482 4412 in
1500 4364 1610 4413 nostram
1627 4364 1733 4425 gratiam
1746 4363 1797 4414 lam
1813 4378 1895 4418 coee-

1102 4451 1267 4512 ‹rtasrideo3
1288 4465 1382 4516 neque,
1406 4451 1427 4503 sl
1447 4463 1504 4515 (ηοω
1519 4464 1551 4500 εκ
1571 4450 1699 4514 insperato
1718 4457 1894 4515 apparerent,

1101 4559 1114 4583 ι
1130 4541 1200 4591 robis
1211 4554 1253 4592 eas
1271 4540 1337 4591 intre
1354 4540 1444 4592 moenln
1455 4542 1549 4591 temere
1572 4539 1724 4603 recipiendas
1733 4550 1870 4590 censerem
1885 4562 1893 4592 ε

1102 4648 1114 4672 ι
1129 4640 1187 4678 cum
1208 4629 1285 4680 sciam
1304 4629 1396 4682 multas
1413 4633 1439 4681 et
1461 4632 1574 4693 potentes
1592 4628 1668 4681 urbes
1681 4629 1714 4681 ab
1729 4627 1896 4681 aeronibus

1101 4717 1239 4782 rprasidii
1269 4732 1357 4770 caussa
1373 4717 1526 4771 introductis
1545 4717 1571 4769 in
1592 4719 1742 4771 servitutem
1764 4716 1895 4771 redactas

1100 4825 1113 4851 ι
1131 4819 1196 4858 esse.

1129 4992 1223 5043 tlv.
1245 4994 1306 5043 llaec
1321 4991 1396 5057 igitur
1408 4994 1435 5044 et
1446 4991 1495 5044 alin
1515 5004 1673 5057 quacunque
1694 5006 1710 5041 a
1733 4990 1805 5042 nobis
1822 4996 1897 5046 ante

270 5061 378 5140 ιέτερα
397 5070 461 5145 ήμῐν
483 5066 585 5146 εἴρηται
605 5092 641 5148 πρ
643 5069 745 5148 ό,τιρον
760 5068 798 5127 ἔτι
813 5066 906 5127 δὲτῶν
920 5091 1044 5149 παρακα·
1099 5078 1194 5131 «dicta
1214 5083 1274 5132 sunt
1292 5081 1489 5141 considerantes,
1505 5084 1642 5147 praeterea,
1661 5093 1751 5132 eorum
1766 5079 1811 5144 qni
1834 5092 1894 5132 vos

270 5143 414 5210 λούντων
430 5153 531 5223 ἐπλτδις
550 5155 693 5234 διαλλαγὰς
709 5157 980 5265 ἀναμιμνησκόμενοι,
1004 5155 1045 5217 δτι
1100 5168 1161 5219 καί
1173 5182 1259 5234 pacem
1273 5171 1404 5222 hortantur
1424 5182 1561 5232 memores,
1581 5169 1666 5222 sciatis
1685 5183 1735 5220 non
1756 5167 1825 5234 apud
1840 5182 1900 5222 nos

269 5234 331 5299 αού
350 5261 404 5346 παρ
406 5242 490 5335 ’ήμῑν
505 5242 659 5320 μόνοιςήπ
638 5243 750 5325 πρώτοις
764 5244 841 5306 πενία
855 5244 919 5326 πρὸς
932 5248 1043 5309 πλοῦτον
1101 5256 1194 5308 ιιοΙοι
1208 5259 1254 5307 aut
1269 5257 1361 5320 primos
1379 5257 1524 5311 dissensisse
1533 5271 1652 5323 pauperes
1670 5256 1842 5321 adivitibus,
1866 5262 1900 5309 et
