4052 5926
659 451 953 528 ANTIQUITATUM
974 466 1120 532 ROMAN.
1143 473 1213 539 LlB.
1237 476 1288 539 Vl.
1707 498 1767 561 369

150 617 154 623 .
194 565 323 635 LXXIV,
347 568 462 649 «Ἡμῖν
482 574 513 633 τὸ
534 578 646 659 ἀρχαῖον
660 586 808 665 πολίτευμα
828 580 860 664 ήν
875 617 930 671 μο-

159 679 172 706 «
187 655 299 734 ναρχία,
325 660 372 717 καὶ
394 659 474 740 μέχρι
495 673 587 740 γενεᾶς
615 667 730 749 ἑόδόμης
751 677 836 759 ταύτῃ
862 681 932 762 χρώ·

158 767 170 795 n
187 766 262 818 μενοι
281 745 466 825 διετελέσαμεν
486 755 520 830 τῇ
543 756 673 839 πολιτείορ·
690 763 737 821 καί
747 765 826 844 ,παρὰ
841 770 931 840 πάσας

157 829 230 897 «τὰς
254 834 397 910 ἡγεμονίας
416 836 514 908 ταύτας
534 841 607 902 oieb
633 850 648 906 ό
677 849 760 927 δῆμος
786 855 927 934 ἠλαττώθη

116 932 128 970 ε
156 919 282 980 «πώποθ’
303 922 353 981 ὑπὸ
379 927 432 983 τῶν
456 929 606 1005 βασιλέων,
628 935 675 995 καί
699 939 807 1001 πάντων
829 943 927 1017 ήκιστα

155 1007 233 1066 «tsi
247 1012 298 1069 τῶν
318 1013 486 1079 τελευταίων.
531 1017 589 1081 ’Ed
608 1022 660 1104 γάρ
679 1026 820 1107 λέγεινὸτι
840 1036 927 1097 πολλὰ

154 1098 226 1156 «καὶ
236 1099 339 1178 μεγαλα
361 1102 448 1181 ἀγαθὰ
462 1107 493 1165 έκ
513 1110 562 1178 τῆς
583 1111 667 1192 ἀρχῆς
685 1118 771 1177 αὐτῶν
796 1122 927 1204 έκαρπώ-

153 1210 166 1237 n
182 1208 256 1247 οατο.
299 1189 390 1269 Χωρὶς
408 1190 460 1273 γάρ
473 1197 521 1266 τῆς
538 1196 620 1270 ἄλλης
632 1204 718 1263 αὐτῶν
736 1211 890 1289 θεραπείας,
905 1207 925 1297 ᾗ

152 1276 364 1346 «κολακεύοντες
379 1280 468 1357 αὐτὸν,
488 1286 582 1345 οίκεῖον
598 1287 647 1364 μέν
660 1291 765 1373 σρίσιν,
781 1299 873 1380 έχθρὸν
896 1303 924 1362 δέ

98 1381 122 1422 tn
151 1388 164 1415 ι
179 1365 239 1440 ὑμῖν
259 1366 397 1429 έθοίλοντο
412 1360 489 1431 εἶναι·
504 1372 648 1436 θποιοῦσιν
666 1379 780 1453 άπαντες
793 1391 817 1447 οῖ
831 1413 925 1472 τυραν·

147 1475 162 1503 α
177 1454 254 1521 νικῶς
277 1452 409 1532 ίξάγοντες
427 1459 473 1527 τάς
487 1463 648 1534 δυναστείας
671 1472 851 1552 κρατήσαντες
871 1504 922 1541 πο·

149 1536 250 1621 ιλέμιρ
264 1547 362 1625 μακρῷ
377 1545 513 1624 Συέσσης,
534 1552 635 1623 πόλεως
649 1559 718 1619 πάνυ
748 1564 921 1647 εὐδαίμονος,

147 1625 232 1696 ιίξόν
263 1632 352 1699 αὐτοῖς
380 1636 475 1711 μηδενί
507 1649 666 1717 κοινωνῆσαι
692 1652 745 1709 τῶν
777 1654 918 1737 λαφύρων,

146 1738 159 1765 ι
176 1715 235 1775 ἀλλ’
261 1719 336 1780 αὐτοί
359 1729 502 1806 κατασχεῖν
527 1730 573 1790 καί
601 1734 702 1805 πάντας
727 1742 921 1823 θπερθαλέσθαι

90 1820 114 1860 ιε
145 1827 158 1854 ι
176 1805 282 1889 πλούτῳ
295 1811 437 1891 βασιλέας,
460 1817 506 1875 οὐκ
522 1818 648 1898 ἠξίωσαν,
666 1827 735 1888 ἀλλά
750 1831 921 1911 pipernensi<

144 1916 157 1944 ι
175 1893 255 1969 μέσον
268 1894 364 1969 έθηκαν
378 1899 465 1963 άπασι
482 1903 532 1979 τήν
546 1908 684 1990 ὠρέλειαν·
701 1913 765 1976 ὥσθ’
779 1926 851 1998 ἡμᾶς
865 1947 922 2005 χω-

141 2004 154 2031 o
173 1980 212 2060 ρὶς
225 1984 398 2065 ἀνδραπόδων
421 1990 468 2050 καί
491 1997 670 2078 βοσκημάτων
697 2004 742 2064 καὶ
766 2013 814 2081 τῆς
836 2011 919 2088 άλλης

140 2093 155 2119 ι
170 2068 287 2141 κνήσεως
302 2076 402 2148 πολλῆς
425 2077 505 2152 οὔσης
526 2083 573 2143 καί
588 2088 672 2162 καλῆς
696 2093 820 2174 ἀργυρίου
840 2100 918 2163 πέντε

144 2166 239 2234 «μνᾶς
263 2161 323 2220 κατ’
343 2164 426 2244 άνδρα
448 2168 642 2249 διανείμασθαι.
683 2167 738 2240 Ὧν
760 2187 837 2261 ἡμεῖς
851 2190 917 2266 άμε-

86 2266 113 2307 a,
144 2245 316 2328 «λήσοντες,
340 2254 432 2326 ἐπειδὴ
459 2263 681 2345 τυραννικώτερον
716 2270 834 2351 ἐχρῶντο
857 2280 916 2346 ταῖς

142 2357 155 2384 s
172 2332 313 2410 ἐξουσίαις,
329 2339 378 2399 οθκ
391 2345 428 2409 είς
437 2343 481 2404 τὸν
496 2347 581 2425 δῆμον
597 2354 830 2437 πλημμελοῦντες,
845 2364 914 2428 ἀλλὰ

140 2446 153 2473 ι
169 2424 203 2490 είς
234 2428 316 2501 ὑμᾶς,
342 2429 599 2514 δυσανασχετοῦντες
626 2443 671 2502 tsi
693 2447 746 2514 τοῖς
769 2452 913 2529 γινομένοις

138 2535 150 2562 s
166 2513 213 2582 τῆς
227 2511 275 2589 μέν
288 2517 340 2573 τῶν
355 2520 487 2596 βασιλέοιν
497 2525 598 2595 εὐνοίας
611 2531 786 2616 ἀπέστημεν,
807 2543 869 2617 ὑμῖν
885 2544 912 2604 δὲ

138 2625 151 2650 n
167 2601 359 2680 προσεθέμεθα·
384 2607 431 2667 καί
454 2618 696 2689 συνεπαναστάντες
729 2625 817 2694 αὐτοῖς
852 2634 911 2705 μεθ’

80 2702 106 2742 ss
134 2712 151 2739 ι
168 2688 241 2764 ὑμῶν
258 2686 321 2751 οἵτ’
345 2694 372 2754 έν
394 2701 429 2779 τῇ
449 2699 524 2762 πολει
545 2705 592 2766 καί
611 2710 635 2767 oi
650 2708 695 2768 ἐπί
721 2717 910 2795 στρατοπέδου,

137 2798 150 2827 ε
167 2773 225 2844 τοὺς
239 2776 287 2855 μίν
300 2778 483 2865 ἐξηλάσαμεν,
495 2792 557 2870 ὑμῖν
575 2792 602 2853 δέ
616 2796 760 2880 [ρέρονεες]
776 2805 910 2878 ἀνεθήκα-

134 2889 148 2917 n
164 2887 212 2943 μεν
227 2864 275 2939 τήν
287 2870 393 2933 έκιίνυν
408 2876 504 2956 ἀρχήν.
519 2881 655 2953 Πολλάκις
668 2908 696 2945 τε
714 2889 852 2968 γενόμενον
868 2896 909 2978 ἐρ’

133 2977 145 3005 ι
164 2959 228 3030 ἡμῖν
250 2959 410 3035 μεταθέσθαι
433 2965 498 3045 πρὸς
520 2967 580 3038 τοθς
599 2971 766 3046 ἐξελαθέντας
780 2983 909 3061 μεγάλαις

133 3066 146 3093 ν
163 3043 288 3124 δωρεαῖς,
307 3049 337 3117 ἃς
356 3052 490 3115 ὑπέτεινον
505 3059 587 3136 ἡμῖν,
606 3057 651 3122 isa
665 3063 697 3138 δή
711 3065 743 3125 τδ
760 3068 824 3148 πρὸς
839 3074 909 3147 ὑμᾶς

131 3157 145 3182 s
162 3132 254 3191 πιστὸν
278 3138 515 3222 έγκαταλίπωμεν,
541 3149 592 3229 οὐχ
614 3151 811 3232 ὑπεμείναμεν,
839 3159 907 3219 alit

131 3219 274 3288 «πολλοὺς
296 3224 343 3284 καλ
358 3230 488 3306 μεγαλους
502 3232 549 3292 καί
567 3248 686 3320 συνεχεῖς
707 3243 840 3322 πολέμους
861 3250 906 3310 καί

129 3330 143 3356 s
159 3307 291 3379 κινδύνους
312 3313 348 3371 δι’
363 3317 432 3392 ὑμᾶς
447 3319 664 3401 διηντλήσαμεν,
687 3329 734 3389 καί
754 3333 834 3414 μέχρι
861 3347 907 3399 τοῦ

129 3419 142 3446 ι
158 3394 285 3477 παρόντος
299 3399 357 3470 ἔτος
371 3406 594 3472 ἑπτακαιδέκατον
619 3415 672 3488 ἤδη
693 3418 836 3499 τριόόμεθα
851 3434 904 3484 πᾶ·

127 3507 141 3534 s
158 3505 200 3543 σιν
227 3486 373 3569 ἀνθρώποις
390 3494 540 3575 μαχόμενοι
553 3502 614 3582 περί
632 3508 680 3576 τῆς
694 3511 782 3579 κοινῆς
798 3512 903 3572 έλευθε-

55 3642 58 3649 ,
128 3573 231 3650 ιρίας.4
272 3574 469 3644 Ἀκαταστάτου
493 3584 542 3661 μὲν
564 3589 617 3671 γὰρ
642 3591 681 3651 ἔτι
699 3597 748 3666 τῆς
770 3598 904 3668 πολιτείας

126 3684 140 3711 u
157 3657 255 3739 οὔσης,
269 3654 312 3726 οία
325 3666 441 3746 γίνεσθαι
462 3674 534 3755 ριλεῖ
548 3677 609 3759 περὶ
624 3679 672 3747 τδις
689 3682 839 3756 μεταόολδις
856 3688 904 3757 τάς

125 3773 139 3801 ι
158 3749 291 3831 αῖρνιδίως
313 3758 482 3836 γιγνομένας,
509 3763 568 3823 δυσί
599 3776 658 3836 ταῖς
682 3772 902 3851 ἐπιφανεστάταις

123 3862 138 3889 ι
154 3840 250 3900 πολιαι
264 3844 425 3925 Τυρρηνῶν,
444 3852 641 3930 Ταρκυνιήταις
654 3880 683 3916 τε
705 3860 751 3919 καί
766 3862 900 3923 Οθῖιντα-

124 3950 137 3977 ι
152 3935 209 3996 ναῖς
229 3933 354 4012 κατάγειν
376 3938 543 4015 βουλομένοις
566 3940 627 4011 τοθς
652 3948 771 4023 βασιλεῖς
796 3952 899 4035 μεγάλη

100 4036 135 4081 ς·
153 4026 281 4101 στρατιᾷ,
297 4016 586 4102 παρακινδυνεύσαντες
599 4033 684 4112 ὀλίγοι
705 4039 771 4117 πρὸς
786 4041 899 4111 πολλοὺς

121 4127 135 4155 ι
151 4103 362 4191 διηγωνίσμεθα,
390 4113 435 4173 καὶ
460 4117 588 4194 μεγίστην
614 4123 816 4205 ἀποδειξάμενοι
831 4153 899 4209 προ-

119 4215 133 4243 ι
150 4196 267 4273 θυμίαν,
287 4199 348 4268 τοιίς
370 4224 399 4261 τε
414 4204 618 4286 ἀντιταχθέντας
643 4211 719 4293 μάχη
744 4215 898 4289 νικήσαντες

119 4303 132 4331 s
149 4283 347 4362 άπεωσάμεθα,
362 4292 409 4350 καὶ
427 4295 466 4373 τῷ
479 4293 595 4374 περιόντι
609 4302 661 4358 τῶν
678 4299 786 4363 ὑπάτων
803 4305 899 4367 διεσείε-

118 4392 132 4419 s
151 4391 237 4450 σαμεν
252 4374 301 4449 τήν
316 4377 415 4459 ἀρχήν.
447 4382 490 4442 (λδ
512 4386 618 4454 πολλοῖς
630 4389 657 4449 δέ
671 4390 774 4472 χρόνοις
788 4392 896 4478 ὕστερον

117 4459 285 4541 «Πορσίναν
307 4467 452 4549 Τυρρηνῶν
471 4472 583 4551 βασιλέα
602 4478 727 4557 κατάγειν
751 4482 797 4543 καί
818 4484 895 4546 αὐτὸν

117 4571 130 4597 ι
146 4547 271 4616 ἀξιοῦντα
293 4552 354 4622 τοὺς
374 4558 492 4638 ρυγάδατ
507 4566 541 4641 τῇ
554 4587 584 4624 τε
606 4565 632 4634 έξ
656 4567 762 4642 ἁπάσης
784 4575 895 4656 Τυρρη-

115 4660 129 4687 ι
146 4637 221 4712 νίας,
236 4640 270 4713 ήν
285 4642 362 4712 sese<
375 4646 507 4726 έντήγετο,
527 4652 637 4733 δυνάμει
650 4659 697 4717 καί
706 4664 764 4727 ταῖς
775 4662 820 4720 ὑπ’
831 4662 896 4723 εκεί·

115 4748 129 4775 «
145 4748 197 4785 νων
212 4729 243 4789 ίκ
254 4732 356 4792 πολλοῦ
367 4738 567 4817 συναχθείσαις,
589 4746 637 4802 οὐκ
657 4744 761 4824 έχοντες
784 4742 894 4827 ἀξιόμα-

114 4837 127 4863 «
143 4836 194 4894 χον
214 4826 293 4902 χεῖρα
312 4824 360 4882 καλ
375 4824 419 4883 διὰ
432 4832 511 4888 τοῦτο
533 4833 763 4902 κατακλεισθέντες
784 4838 821 4905 εἷς
835 4860 893 4898 πο·

114 4904 263 4985 ιλιορκίαν
282 4932 311 4971 τε
325 4913 372 4972 καί
389 4915 543 4997 ἀμηχανίαν
573 4917 619 4978 καί
640 4913 737 4990 παντὸς
762 4925 893 5005 πράγμα-

113 5103 126 5127 ·
141 5081 281 5162 γινόμενον
306 5090 497 5171 ἠναγκάσαμεν
517 5099 650 5157 ἀπελθεῖν.
694 5100 738 5161 'fd
754 5099 781 5159 δὲ
799 5103 891 5163 τελευ-

112 5190 126 5217 «
140 5179 203 5231 sais
219 5175 312 5254 τρίτην
334 5178 445 5241 κάθοδον
464 5185 517 5244 τῶν
533 5185 663 5264 βασιλέοιν
682 5192 890 5271 παρασκευασα-

111 5279 124 5303 ¹
140 5258 226 5332 μένων
241 5262 286 5323 διδ
304 5270 350 5327 τοῦ
369 5269 491 5331 Λατίνων
510 5273 597 5343 έθνους
619 5276 664 5337 καὶ
683 5277 729 5347 τὰς
743 5278 887 5360 τριάκοντα

194 5378 308 5423 υιοιιιειι.

1018 612 1125 664 thlllv.
1146 636 1158 659 s
1171 620 1260 670 Nostra
1272 622 1411 686 respublica
1424 626 1483 678 olim
1494 628 1543 681 sub
1555 632 1654 697 regibus
1669 637 1729 702 tuit,
1740 642 1767 691 et

1006 706 1045 776 *ad
1062 711 1191 774 septimam
1216 730 1295 781 nsque
1318 723 1418 774 etstern
1445 723 1492 775 bac
1514 726 1659 792 reipublice
1687 736 1765 788 torma

985 805 1119 858 «maiores
1133 813 1211 862 nostri
1228 816 1369 868 constanter
1386 820 1426 871 usi
1439 825 1507 874 sunt.
1542 828 1666 885 Quamdiu
1680 835 1764 886 mmen
1857 808 1859 823 Ι

985 921 996 943 ι
1012 905 1093 968 regius
1109 908 1149 960 ilie
1160 909 1301 966 dominatus
1317 916 1431 981 durarit,
1450 921 1520 985 plebs
1542 926 1636 979 nullum
1654 945 1763 996 unquam

983 1000 1185 1057 «detrinentum
1204 1023 1219 1059 a
1240 1012 1353 1076 regibus,
1375 1018 1512 1080 presertim
1533 1036 1627 1076 seros
1656 1030 1762 1083 nammi-

982 1112 995 1138 s
1010 1098 1058 1147 mis
1075 1101 1177 1166 accepit.
1195 1106 1272 1157 ltissa
1289 1110 1350 1162 tucio
1368 1118 1445 1169 multa
1457 1125 1483 1172 et
1504 1136 1592 1189 magna
1612 1128 1691 1192 bona,
1706 1146 1761 1198 que

980 1210 993 1234 ⁴¹
1008 1205 1132 1247 emtum
1146 1212 1221 1261 regno
1232 1207 1349 1272 percepit,
1370 1213 1433 1267 lium
1445 1222 1535 1282 prester
1546 1222 1608 1275 alias
1621 1224 1760 1290 blanditias,

979 1307 993 1333 ι
1003 1289 1097 1354 'quibus
1108 1306 1164 1346 eam
1174 1297 1223 1348 sibi
1241 1301 1366 1356 devincire
1378 1311 1404 1359 et
1420 1314 1549 1367 conciliare
1560 1322 1635 1383 atque
1646 1334 1692 1372 vos
1711 1323 1759 1372 ini·

979 1405 991 1429 ·
1007 1388 1095 1440 micam
1104 1391 1362 1467 redderentudebant‚
1377 1410 1445 1473 quod
1461 1414 1542 1467 solent
1555 1418 1637 1471 tacere
1657 1436 1759 1486 ornnes,

978 1504 991 1529 ν
1004 1487 1048 1551 (γυί
1065 1488 1200 1554 legitimam
1221 1500 1369 1560 potestatem
1383 1507 1409 1556 in
1433 1512 1587 1574 tyrannicam
1604 1521 1702 1573 vertere
1714 1535 1759 1573 cu·

977 1603 990 1628 ι
1006 1586 1093 1651 piunt,
1112 1590 1232 1648 diuturno
1254 1600 1319 1653 bello
1338 1614 1477 1674 expugnata
1499 1614 1589 1665 Suessa
1609 1616 1670 1669 urbo
1684 1621 1756 1673 valde

976 1700 989 1725 ο
1004 1684 1136 1749 opulenta,
1151 1703 1208 1742 cum
1219 1694 1269 1746 illis
1277 1697 1363 1753 liceret
1372 1706 1482 1770 predam
1491 1709 1554 1760 nulli
1569 1711 1696 1777 impertiri,
1713 1718 1757 1770 sed

975 1796 989 1822 ι
1004 1781 1122 1849 sibiipsis
1137 1793 1254 1857 retinens,
1267 1800 1293 1849 et
1306 1804 1402 1854 ceteros
1420 1818 1491 1871 reges
1509 1807 1603 1861 dirltiis
1619 1826 1752 1878 superare,

975 1897 989 1923 ι
1005 1880 1053 1934 boc
1065 1889 1147 1939 tamen
1159 1890 1240 1944 lucere
1254 1897 1403 1965 noluerunt,
1427 1906 1471 1955 sed
1498 1907 1607 1970 prodam
1628 1910 1654 1960 in
1675 1912 1756 1964 medio

975 1996 988 2021 ι
1001 1987 1116 2038 omrribus
1135 1998 1328 2060 proposuerunt,
1341 2000 1377 2050 lta
1399 2005 1428 2051 ut
1443 2017 1502 2067 nos,
1526 2010 1615 2070 preter
1634 2011 1756 2077 mancipia

974 2105 987 2131 ι
1000 2091 1027 2139 et
1046 2102 1122 2152 pecus
1135 2095 1162 2141 et
1179 2104 1221 2143 res
1246 2094 1307 2147 alias
1326 2097 1417 2149 multas
1442 2105 1470 2152 et
1493 2104 1626 2169 pulchras,
1645 2109 1754 2175 quinque

973 2206 986 2231 s
1000 2187 1094 2250 argenti
1105 2188 1186 2241 rninas
1197 2191 1291 2245 sintin
1314 2199 1488 2262 acceperimus,
1504 2202 1601 2261 Quibus
1615 2205 1690 2258 rebus
1708 2221 1754 2260 ne·

972 2303 985 2327 ι
996 2285 1102 2350 plectis,
1118 2293 1250 2353 postquam
1273 2292 1309 2345 illi
1328 2296 1455 2359 tyrannice
1482 2304 1605 2363 potestate
1621 2318 1668 2354 sua
1681 2305 1750 2357 abuti

970 2400 983 2426 s
998 2388 1145 2448 coeperunt,
1167 2400 1216 2437 non
1239 2388 1265 2438 in
1285 2389 1383 2454 plebem
1401 2394 1584 2460 delinquentes,
1607 2400 1690 2452 sedin
1706 2417 1752 2454 ros

970 2498 982 2522 ι
1003 2479 1086 2545 ipsos,
1104 2482 1169 2533 tacta
1190 2497 1275 2536 eorum
1294 2487 1378 2552 iniquo
1403 2491 1485 2543 animo
1503 2493 1609 2547 terentes
1627 2513 1642 2547 a
1663 2513 1748 2563 regum

970 2596 982 2619 ο
997 2577 1167 2630 benevolentia
1189 2582 1288 2634 alienati
1310 2588 1409 2649 smnus',
1436 2593 1463 2639 el
1481 2604 1527 2640 nos
1546 2593 1615 2645 robis
1633 2595 1747 2647 adiunxi·

969 2690 982 2715 ι
995 2686 1067 2735 mus;
1086 2678 1112 2725 et
1129 2676 1308 2742 conspiratione
1336 2682 1466 2736 vobiscum
1488 2687 1513 2737 in
1535 2701 1578 2739 eos
1595 2690 1672 2752 taeta,
1695 2696 1746 2742 tum

967 2788 980 2812 a
995 2772 1038 2833 qui
1052 2770 1079 2822 iu
1096 2772 1157 2824 urbe
1173 2788 1248 2839 quam
1259 2778 1302 2841 qui
1319 2779 1346 2830 iu
1365 2783 1454 2834 castris
1466 2798 1581 2846 eramus,
1593 2801 1636 2838 eos
1648 2790 1746 2852 expuli-

966 2885 980 2914 ο
996 2882 1062 2928 mus,
1075 2871 1197 2936 vobisque
1209 2874 1307 2927 llloruin
1323 2880 1455 2945 imperium
1470 2883 1614 2937 detulimus.
1641 2892 1672 2938 Ei
1688 2903 1745 2939 cum

965 2984 977 3008 a
994 2966 1085 3031 saepius
1096 2968 1122 3018 in
1132 2973 1254 3032 potestate
1277 2975 1362 3025 nostra
1384 2977 1459 3029 luerit
1475 2980 1500 3030 id
1514 2982 1546 3031 ad
1560 2995 1632 3047 reges
1647 2988 1746 3035 exactos

964 3080 977 3107 ι
992 3065 1134 3128 transferre,
1156 3071 1251 3134 mugnis
1275 3072 1366 3125 allecti
1387 3078 1532 3130 muneribus
1552 3082 1743 3145 promittebant,

964 3179 977 3204 ι
991 3165 1020 3211 ut
1035 3161 1109 3214 tidem
1120 3164 1190 3216 vobis
1211 3167 1295 3220 datam
1316 3170 1474 3237 falleremus,
1496 3176 1545 3228 hoc
1564 3178 1646 3231 iecere
1663 3181 1743 3231 nolul-

963 3276 977 3303 «
994 3272 1067 3321 mus,
1083 3261 1127 3312 scd
1142 3265 1219 3315 multa
1235 3269 1261 3317 et
1286 3268 1370 3332 nsvin
1385 3273 1459 3337 utque
1479 3274 1580 3325 assidue
1596 3276 1706 3341 pericula
1719 3284 1745 3331 et

962 3373 975 3398 ι
990 3354 1053 3407 bella
1067 3361 1168 3422 propter
1180 3374 1225 3410 sos
1237 3364 1385 3426 pertulimus
1399 3384 1405 3415 :
1424 3368 1490 3419 elad
1504 3368 1570 3421 benc
1583 3384 1663 3435 usque
1677 3372 1744 3424 diem

962 3470 974 3493 s
991 3465 1083 3504 annum
1103 3455 1152 3505 iam
1164 3457 1290 3510 decimum
1307 3463 1440 3527 septimum
1460 3468 1599 3530 atterimur,
1611 3483 1657 3534 pro
1669 3484 1741 3522 com·

961 3566 973 3590 ι
985 3551 1053 3598 rnuni
1073 3549 1187 3604 libertate
1211 3568 1268 3606 cum
1289 3558 1404 3609 omnibus
1428 3563 1574 3614 mortalibus
1593 3568 1740 3630 pugnantes.

961 3663 974 3687 α
990 3647 1054 3695 Nam
1069 3646 1211 3710 reipublice
1231 3656 1299 3703 statu
1311 3655 1422 3706 nondum
1439 3659 1593 3723 composito,
1611 3663 1676 3713 sicut
1696 3676 1740 3715 ac-

960 3761 972 3785 ν
986 3742 1068 3795 cidere
1087 3744 1151 3796 solet
1166 3746 1192 3796 in
1214 3751 1346 3814 repentinis
1364 3755 1559 3820 mutationibus,
1581 3760 1680 3810 duobus
1693 3775 1739 3812 no·

958 3861 971 3886 ι
985 3841 1111 3893 bilissimis
1139 3848 1298 3902 Etruscorum
1328 3853 1438 3918 populis,
1469 3857 1686 3921 Tarquiniensibus
1713 3864 1740 3912 et

957 3962 970 3988 α
982 3944 1140 4010 veientibus,
1166 3961 1236 4014 reges
1251 3950 1277 4001 in
1299 3966 1401 4018 regnum
1424 3968 1483 4007 curn
1505 3956 1643 4021 ingentibus
1661 3959 1739 4023 copiis

956 4039 1101 4094 «reducere
1116 4044 1256 4097 volentibus
1275 4048 1374 4102 obviam
1394 4050 1502 4113 inimum
1528 4053 1555 4103 et
1581 4055 1656 4118 psuci
1679 4069 1737 4108 cum

956 4161 970 4186 s
983 4142 1067 4192 multis
1087 4143 1263 4206 pugnavimus,
1288 4148 1314 4196 et
1335 4146 1445 4197 maxima
1464 4148 1539 4198 animi
1554 4148 1683 4202 alacritate
1694 4153 1737 4206 de-

955 4260 968 4286 ι
982 4247 1118 4295 monstrata
1133 4245 1242 4297 hostcsa
1261 4244 1332 4295 nobis
1342 4248 1424 4310 pugna
1437 4251 1567 4311 superatos
1583 4248 1735 4314 repulimus,

954 4362 967 4387 ι
981 4347 1010 4394 et
1030 4344 1157 4409 superstiti
1177 4342 1273 4394 consuli
1295 4342 1427 4409 imperinm
1451 4348 1661 4398 consonuimus.
1684 4348 1733 4398 ltc-

953 4458 966 4484 s
980 4453 1029 4504 que
1043 4442 1130 4493 multis
1141 4446 1197 4506 post
1209 4442 1280 4491 annis
1297 4443 1447 4503 Persennm,
1462 4445 1623 4494 Etruscorum
1642 4455 1732 4505 regem,

952 4558 964 4581 ν
980 4541 1024 4603 qni
1035 4543 1061 4593 at
1079 4541 1238 4606 ipseersnles
1255 4540 1281 4591 in
1296 4541 1402 4605 patriam
1416 4541 1535 4593 reducere
1551 4541 1662 4599 volebat,
1676 4553 1732 4590 cum
1815 4612 1819 4622 1

951 4648 964 4672 «-
978 4631 1038 4680 totis
1063 4632 1170 4684 Etrurioe
1186 4630 1297 4693 viribus,
1316 4645 1378 4696 quas
1405 4631 1624 4689 commiscebat,
1644 4634 1671 4681 et
1690 4642 1733 4680 oo-

950 4744 963 4769 ι
976 4727 1024 4791 piis
1034 4728 1067 4779 ab
1079 4729 1184 4781 illistam
1192 4729 1302 4794 undique
1315 4731 1409 4782 coactis
1418 4743 1491 4795 peres
1508 4743 1557 4780 non
1569 4741 1688 4788 essemus,
1702 4741 1732 4778 ac

949 4828 1104 4888 «propterea
1122 4827 1186 4877 intra
1201 4828 1293 4878 meanis
1309 4827 1429 4893 compulsi
1459 4820 1641 4887 obsideremus,
1660 4829 1686 4877 et
1698 4827 1730 4878 ad

949 4938 961 4963 ι
977 4921 1075 4973 consilii
1087 4922 1195 4987 inopiam
1209 4927 1235 4977 at
1249 4938 1334 4977 rerum
1356 4924 1467 4976 omnium
1485 4925 1614 4989 penuriam
1633 4923 1730 4975 redacti

113 5014 126 5041 '¹
142 5014 186 5061 τοι
213 4997 346 5079 ἀπορίαν,
367 5007 406 5084 τῷ
420 5005 508 5067 πάντα
527 5009 668 5084 ὑπομεῖναι
683 5011 718 5070 τδι
732 5011 803 5071 δεινδι
818 5013 899 5092 φίλον
928 5031 959 5060 '⁸⁴

947 5128 959 5152 a
975 5109 1099 5173 ooegimm
1121 5126 1179 5163 eum
1200 5115 1272 5166 nobis
1295 5116 1404 5167 amicum
1424 5115 1562 5167 dbcedcre.
1597 5117 1726 5172 Postremo

946 5218 958 5243 ι
976 5202 1061 5251 autem
1081 5215 1139 5253 cum
1152 5217 1223 5269 repes
1238 5207 1338 5259 tertium
1357 5209 1494 5260 tentassent
1510 5205 1620 5260 reditum
1642 5209 1668 5259 in
1686 5225 1728 5275 pa·

946 5312 959 5336 ι
975 5291 1047 5343 inam
1061 5307 1138 5361 opera
1158 5299 1184 5348 et
1196 5298 1287 5350 auxilio
1303 5300 1383 5364 gentis
1401 5299 1507 5375 Latium,
1522 5303 1548 5353 st
1560 5301 1661 5366 triginta
1676 5317 1725 5367 po·

975 5028 1102 5079 essemus,
1120 5022 1203 5070 tamen
1219 5021 1352 5074 durissima
1363 5035 1470 5087 quaeque
1484 5020 1560 5075 ‚mala
1578 5027 1730 5086 pertenentes

1602 5400 1631 5445 al
