4068 5924
276 410 344 468 tto

274 542 402 616 κινῆσας,
423 547 522 617 ἀπῆγεν
535 543 577 598 ἐπ’
591 537 662 598 οίκου
679 538 727 610 τὴν
739 537 858 614 δύναμιν.
918 541 1049 616 Καταγα-

274 632 345 712 γόντι
359 634 381 690 δ’
397 632 469 709 αὐτῷ
482 628 525 686 τὸν
538 627 700 709 ψηφισθέντα
712 626 764 684 ὑπὸ
778 631 824 695 τῆς
843 628 937 705 βουλῆς
953 625 1050 704 θρίαμ-

275 722 337 791 Ger,
355 716 400 776 καὶ
419 716 452 773 τδι
468 715 590 775 πολιτικὰ
613 713 736 793 πράττειν
759 713 915 795 ἀρξαμένῳ,
937 713 1050 793 προσέρ-

273 831 367 889 χονται
380 808 431 863 τῶν
443 804 558 863 πολιτῶν
574 802 664 880 ἀνδρες
680 802 727 858 οὐκ
738 802 843 880 ἀφανεῖς
863 802 906 860 τὸν
923 799 1049 879 Ὁράτιον

233 901 245 935 ⁶
274 898 379 974 ἄγοντες
393 893 442 950 ὑπὸ
455 891 545 966 δίκην,
561 894 595 955 ὡς
610 893 639 947 οὐ
655 889 768 967 καθαρὸν
791 888 902 964 αἵματος
923 890 1050 971 έμφυλίου

274 984 316 1041 δεδι
331 982 375 1042 τὸν
391 984 437 1051 τῆς
457 980 570 1056 ἀδελφῆς
585 977 672 1059 φόνον·
688 976 733 1036 καί
751 978 929 1043 καταστάντες
945 976 1049 1057 μακράν

273 1072 403 1144 διεξῆλθον
417 1067 598 1147 δημηγορίαν,
614 1067 673 1133 τούς
693 1066 788 1143 νόμους
804 1067 980 1145 παρεχόμενοι
993 1064 1051 1132 τοδς

272 1165 320 1223 οὐκ
336 1163 432 1224 ἐῶντας
448 1158 554 1237 ἀκριτον
575 1155 738 1214 ἀποκτείνειν
749 1155 856 1227 οὐθένα,
870 1152 916 1213 καὶ
930 1155 963 1212 τδι
975 1155 1050 1235 παρδι

272 1254 323 1310 τῶν
349 1251 413 1307 θεῶν
435 1246 557 1305 ἀπάντων
581 1242 718 1321 μηνίματα
738 1247 795 1309 ταῖς
819 1241 856 1320 μῆ
880 1241 1051 1311 κολαζούσαις

221 1344 246 1382 ¹⁰
272 1338 364 1398 πολεσι
378 1335 436 1401 τοὺς
450 1336 551 1412 ἐναγεῖς
561 1331 704 1400 διεξιόντες.
746 1330 782 1392 ‘0
800 1331 828 1390 δὲ
845 1329 936 1410 πατὴρ
951 1332 1050 1389 ἀπελο-

273 1430 342 1505 γεῖτο
367 1423 428 1501 περί
451 1428 497 1482 τοῦ
512 1420 649 1500 μειρακίου
667 1422 822 1499 κατηγορῶν
846 1422 893 1491 τῆς
912 1419 1050 1499 θυγατρὸς,

273 1513 318 1573 καί
333 1511 480 1591 τιμωρίαν,
496 1513 526 1569 οὐ
543 1509 620 1591 φόνον
635 1497 703 1566 εἶναι
720 1508 751 1567 τδ
769 1508 887 1587 πραχθὲν
902 1509 1002 1585 λέγων,
1017 1508 1052 1565 δι·

273 1601 373 1673 καστῆν
388 1604 411 1658 θ’
433 1600 510 1659 αὑτδν
526 1599 605 1668 ἀξιῶν
625 1588 692 1656 εἶναι
708 1599 760 1657 τῶν
776 1595 848 1653 ίδίων
863 1598 952 1655 κακῶν
966 1600 1052 1677 διμφο·

272 1690 354 1770 τύρων
369 1687 508 1765 γενόμενον
521 1686 636 1764 πατέρα.
694 1687 805 1764 Συχνῶν
817 1681 845 1742 δὲ
858 1682 943 1762 λόγων
959 1683 1052 1763 ρηθέν-

221 1794 245 1830 1⁶
273 1802 323 1837 των
338 1779 381 1856 ὑφ’
399 1775 546 1856 ἑκατέρων,
562 1775 648 1847 πολλὴ
661 1773 705 1832 τὸν
722 1772 833 1853 βασιλέα
847 1779 967 1851 κατεῖχεν
983 1774 1052 1849 ἀμη-

272 1867 352 1948 χανία
374 1867 399 1924 τί
411 1865 484 1931 τέλος
507 1863 627 1942 ἐξενέγκῃ
640 1860 704 1941 περὶ
722 1867 766 1933 τῆς
789 1861 891 1936 δίκης.“
914 1860 982 1922 Οὔτε
1002 1861 1052 1940 γάρ

272 1959 404 2013 ἀπολῦσαι
413 1958 458 2012 τοῦ
471 1953 549 2034 φόνου
562 1952 606 2012 τδν
620 1953 797 2029 ὁμολογοῦντα
807 1949 855 2020 τῆν
866 1948 1052 2030 ἀδελφῆνάνῃ-

273 2046 380 2124 ρηκέναι
393 2043 447 2123 πρδ
468 2042 560 2114 δίκης,
577 2040 623 2101 καί
638 2063 705 2097 ταυτ
730 2054 761 2118 εφ
791 2028 828 2104 οῖς
841 2037 870 2095 οὗ
887 2035 1051 2116 συνεχώρουν

273 2131 434 2193 ἀποκτείνειν
457 2132 482 2189 οί
495 2129 583 2204 νόμοι,
599 2130 686 2193 καλῶς
701 2125 770 2205 ἔχειν
783 2122 990 2201 ύπελάμόανεν,
1007 2121 1050 2181 ἵνα

219 2228 246 2266 2⁰
273 2223 311 2300 μὴ
323 2222 372 2293 τὴν
388 2220 454 2300 ἄρδιν
469 2218 515 2278 καὶ
528 2219 559 2278 τὸ
572 2217 634 2295 ἄγος
649 2214 702 2276 ἀπὸ
719 2219 766 2273 τοῦ
788 2212 941 2293 δεδρακότος
956 2215 993 2278 εἷς
1007 2212 1052 2271 τὸν

273 2312 336 2372 ἴδιον
367 2301 450 2370 οίκον,
465 2309 663 2386 είσενίγκηται,
681 2303 735 2364 οὔθ’
752 2307 786 2370 ώς
805 2300 960 2382 ἀνδροφόνον
984 2302 1051 2359 ἀπο-

273 2410 372 2460 κτεῖναι
387 2401 431 2460 τδν
448 2401 514 2477 ὑπὲρ
528 2401 576 2468 τῆς
592 2394 716 2475 πατρίδος
730 2392 853 2472 ἑλόμενον
868 2392 1054 2470 προκινδυνεῦ-

273 2514 334 2562 σαι,
349 2489 394 2549 καί
409 2489 538 2561 τοσαύτης
553 2489 621 2565 αὐτῇ
637 2482 791 2549 δυναστείας
802 2480 940 2559 γενόμενον
953 2478 1052 2554 αίτιον,

273 2579 359 2645 ἄλλως
368 2601 395 2636 τε
408 2577 454 2637 καῖ
467 2581 511 2635 τοῦ
524 2574 622 2654 πατρὸς
632 2570 790 2637 ἀπολύοντος
805 2568 882 2628 αθτδν
897 2572 944 2640 τῆς
953 2567 1051 2644 αίτίας,

223 2686 248 2724 νο
275 2660 358 2746 ἀρε-,ῆν
375 2665 498 2744 περὶτῆς
517 2660 643 2742 θυγατρὸς
664 2658 746 2739 ἀργὴν
761 2656 778 2729 ἥ
793 2680 822 2716 τε
837 2655 911 2736 φύσις
931 2654 1052 2714 ἀπεδίδου

273 2758 370 2835 πρώτῳ
385 2753 431 2813 καῖ
445 2759 459 2813 δ
477 2752 565 2829 νόμος.
638 2746 827 2828 ’ἀπορούμενος
841 2744 869 2803 δὲ
884 2744 910 2802 τί
924 2744 1053 2823 χρήσεται

273 2852 327 2912 τοῖς
341 2844 496 2924 πράγμασι,
517 2842 645 2899 τελευτῶν
660 2839 800 2918 κ’ράτιστον
815 2825 883 2892 εῖναι
902 2832 995 2911 διέγνω
1014 2835 1053 2913 τῷ

275 2932 352 3012 δήμῳ
366 2933 416 3003 τῆν
429 2932 568 3009 διάγνωσιν
586 2926 747 3006 ἐπιτρέπειν.
805 2921 949 2997 Γενόμενος
962 2920 990 2978 δὲ
1005 2924 1054 2977 θα-

275 3021 422 3100 νατηφόρου
440 3020 550 3100 κρίσεως
566 3018 625 3075 τότε
645 3019 749 3093 πρῶτον
772 3016 787 3071 δ
803 3008 947 3089 Ῥωμαίων
972 3010 1054 3084 δῆμος

220 3128 248 3168 ao
277 3110 365 3191 κύριος
380 3115 413 3188 τῇ
434 3108 527 3187 γνώμῃ
542 3111 588 3165 τοῦ
602 3105 702 3184 πατρὸς
714 3101 870 3180 προσέθετο,
885 3097 931 3159 καί
945 3096 1054 3157 ἀπολύει

273 3206 318 3259 τοῦ
333 3198 411 3280 φόνον
430 3197 475 3256 τὸν
491 3196 586 3274 ἄνδρα·
607 3195 636 3253 ού
649 3192 701 3270 μὴν
722 3190 781 3269 ὅγε
798 3184 919 3267 βασιλεὺς
932 3189 1053 3264 ἀποχρῆν

275 3286 393 3347 tabaco
416 3296 469 3352 τοῖς
494 3281 661 3365 βουλομένοις
679 3278 714 3338 τδι
736 3278 801 3358 πρδς
820 3275 880 3342 τοὺς
900 3274 973 3341 θεοὺς
994 3273 1054 3334 ὅσια

275 3379 415 3459 φυλάττειν
440 3374 489 3446 τὴν
512 3374 558 3431 ὑπ’
574 3368 719 3450 ἀνθρώπων
745 3367 963 3426 συντελεσθεῖσαν
987 3362 1053 3442 ὑπὲρ

274 3467 353 3526 αὐτοῦ
367 3464 463 3544 κρίσιν,
479 3460 547 3520 ἀλλδι
566 3456 808 3538 μεταπεμψάμενος
827 3452 886 3519 τοὺς
899 3449 1055 3532 ίεροφάντας

219 3572 246 3612 ³5
274 3553 409 3614 ἐκέλευσεν
422 3549 593 3618 ἐξιλάσασθαι
607 3546 679 3615 θεούς
693 3568 722 3604 τε
736 3544 782 3602 καί
795 3540 930 3618 δαίμονας,
944 3537 990 3596 καὶ
1005 3561 1053 3596 κα·

273 3650 350 3721 θάραι
373 3639 416 3699 τδν
440 3636 523 3716 ἀνδρα
550 3625 589 3702 οἷς
609 3632 688 3710 νόμος
710 3629 770 3698 τοὺς
802 3628 937 3691 ἀκουσίους
962 3625 1053 3706 φόνους

273 3730 421 3809 ἁγνίζεσθαι
439 3731 593 3805 καθαρμοῖς.
638 3725 766 3783 Κάκεῖνοι
785 3716 890 3798 βωμοὺς
908 3714 1053 3794 ἱδρυσόμε-

273 3845 311 3879 νοι
326 3818 390 3890 δύο,
406 3815 450 3874 τδν
461 3813 508 3894 μδν
522 3811 626 3893 Ἤρας,
639 3813 657 3884 ἣ
670 3810 796 3889 λέλογχεν
812 3808 963 3866 ἐπισκοπεῖν
977 3804 1054 3861 ἀδελ-

272 3911 339 3988 φδις,
359 3907 402 3965 τδν
418 3906 440 3966 δ’
462 3905 549 3984 ἕτερον
570 3899 714 3980 ἐπιχωρίου
734 3901 792 3956 θεοῦ
816 3918 884 3955 τινος
897 3892 916 3964 ἢ
931 3890 1054 3968 δαίμονος

218 4022 245 4058 ιο
273 3995 360 4057 Ἰανοῦ
374 3996 515 4075 λεγομένου
530 3991 600 4051 κατδ
621 3986 670 4059 τὴν
685 3984 826 4065 ἐπιχώριον
841 3975 971 4059 γλῶτταν,
982 3980 1054 4037 ἐπω-

273 4084 353 4157 νύμου
362 4082 390 4140 dt
400 4080 549 4161 Κοριατίων
561 4083 613 4138 τῶν
623 4072 809 4154 ἀναιρεθέντων
821 4071 934 4150 ἀνεψιῶν
947 4064 998 4127 oab
1008 4072 1053 4127 τοῦ

274 4169 378 4249 ἀνδρὸς,
400 4171 445 4227 καί
466 4168 556 4235 θυσίας
568 4165 644 4235 τινδς
656 4167 698 4224 ἀπ’
712 4164 801 4226 αὐτοῖς
815 4159 986 4230 ποιήσαντες,
1001 4159 1054 4223 τοῖς

272 4256 298 4316 τ’
322 4256 410 4324 ἀλλοις
423 4257 567 4336 καθαρμοῖς
581 4254 728 4335 ἐχρήσαντο
743 4249 788 4310 καί
804 4248 973 4310 τελευτῶντες
987 4243 1053 4314 ὑπή-

273 4369 352 4426 γαγον
368 4346 412 4404 τὸν
429 4343 552 4423 Ὁράτιον
572 4342 623 4403 δπδ
639 4341 727 4419 ζυγόν.
768 4336 848 4398 Ἐστι
869 4335 896 4394 δὲ
910 4330 1053 4410 Ῥωμαίοις

220 4455 246 4491 to
273 4436 398 4517 νόμιμον,
419 4431 482 4494 ὅταν
503 4431 638 4509 πολεμίων
651 4427 850 4509 παραδιδόντων
873 4423 906 4482 τδι
921 4421 992 4481 ὅπλα
1007 4418 1051 4498 γε’·

275 4549 369 4585 νωνται
382 4522 482 4605 κύριοι,
499 4519 544 4580 δύο
557 4518 738 4591 καταπήττειν
752 4514 807 4587 ξύλ’
821 4513 884 4593 opti
905 4510 950 4569 καί
966 4508 1052 4586 τρίτον

274 4613 447 4695 ἐφαρμόττειν
472 4611 560 4675 αὐτοῖς
579 4606 677 4667 ἀνωθεν
695 4605 827 4685 πλάγων,
843 4600 927 4660 ἔπειθ’
943 4597 1052 4672 ὑπάγειν

273 4704 331 4773 τοὺς
345 4700 533 4783 αἰχμαλώτους
544 4698 596 4757 oui
609 4702 693 4755 ταῦτα
707 4693 754 4754 καί
769 4690 916 4756 διελθόντας
930 4684 1052 4746 ἀπολύειν

274 4791 421 4872 ίλευθέρους
443 4789 488 4850 ἐπὶ
508 4790 541 4848 τδ
569 4785 694 4867 σφέτερα.
737 4787 823 4845 Τοῦτο
847 4780 966 4840 καλεῖται
991 4774 1051 4855 παρ’

221 4901 248 4940 no
275 4886 362 4949 αὐτοῖς
380 4884 471 4957 ζυγιν,
493 4870 577 4961 abaci
591 4878 616 4936 οἱ
632 4875 692 4935 τότε
714 4872 882 4951 καθαίροντες
900 4865 944 4925 τδν
969 4863 1052 4936 ἀνδρα

273 4969 415 5050 τελευταίῳ
434 4972 486 5027 τῶν
508 4963 645 5047 περίπολος
666 4958 816 5040 καθαρμούς
835 4957 953 5034 νομίμων
974 4949 1052 5033 ἐχρή-

275 5078 364 5117 σαντο.
405 5057 451 5117 Ἐν
470 5046 492 5137 ᾧ
513 5056 541 5115 δὲ
561 5057 609 5126 τῆς
628 5054 728 5117 πολεως
748 5048 840 5130 χωρίιρ
864 5047 908 5105 τδν
925 5040 1052 5121 ἁγνισμὸν

275 5147 446 5219 ἐποιήσαντο,
476 5145 590 5210 ἅπαντες
625 5141 760 5213 Ῥωμαῖοι
789 5135 936 5213 νομίζουσιν
969 5128 1050 5207 ίερόν·

275 5228 331 5295 ico
352 5236 374 5293 δ’
398 5235 424 5292 ἓν
446 5238 484 5314 τῷ
505 5233 631 5310 στενωπῷ
656 5230 694 5308 τῷ
721 5224 823 5306 φέροντι
854 5219 905 5280 ἀπδ
933 5217 1051 5296 Καρίνης

793 403 963 465 DIONYSH
985 404 1362 467 flnttcnnnnssun'srs

1105 547 1158 611 pias
1170 547 1275 599 reduxit.
1318 550 1433 612 Cumque
1443 561 1475 598 ex
1492 551 1592 601 senatus
1603 551 1715 602 corrsulto
1731 552 1887 617 triumphas-

1105 650 1142 695 set
1161 649 1187 695 et
1200 646 1249 695 iam
1261 658 1287 696 se
1300 645 1333 697 ad
1350 646 1436 697 ciriies
1449 659 1549 697 caussas
1561 649 1744 711 cognoscendas
1763 653 1888 711 verteret,

1105 746 1226 794 venerunt
1241 742 1343 795 adeum
1361 744 1429 795 cites
1441 758 1489 795 non
1501 745 1628 811 ignobiles,
1646 745 1689 811 qui
1710 747 1838 798 Horatium
1855 752 1888 799 ut

1106 840 1224 903 sanguine
1241 841 1377 892 domestico
1393 842 1427 892 ob
1448 843 1542 893 caedem
1562 843 1654 893 sororis
1673 844 1794 909 poliutum
1813 857 1889 894 reum

1105 940 1216 999 egerunt.
1250 937 1369 994 Quicum
1388 937 1484 988 eumin
1502 938 1542 988 ius
1562 938 1719 999 eduxissent,
1739 938 1810 1001 ionga
1825 952 1887 987 orn·

1107 1036 1172 1087 tione
1192 1037 1251 1086 suot
1266 1034 1307 1085 usi
1329 1035 1396 1098 leges
1410 1012 1576 1099 proterentes,
1593 1049 1650 1099 quaa
1671 1050 1719 1085 non
1742 1039 1889 1099 paterentur

1106 1148 1255 1199 quemqnam
1267 1134 1359 1186 indicta
1375 1147 1463 1184 caussa
1473 1133 1572 1193 occidi,
1590 1137 1616 1183 et
1631 1136 1788 1187 recensentes
1797 1145 1885 1182 exeni-

1106 1233 1146 1297 pta
1157 1232 1202 1283 iras
1214 1231 1304 1282 divinae
1319 1231 1345 1280 in
1362 1229 1488 1290 civitates,
1509 1243 1566 1292 ηοω
1582 1231 1677 1281 sceiere
1691 1229 1811 1294 impunita
1825 1229 1888 1280 reii-

1106 1332 1226 1395 quissent.
1260 1333 1292 1380 nt
1316 1332 1385 1393 pater
1413 1328 1491 1378 tilium
1509 1327 1629 1391 purqobat
1651 1340 1772 1377 accusans
1792 1326 1888 1388 titiam,

1108 1428 1255 1491 tactumque
1280 1441 1327 1478 non
1361 1425 1455 1477 cedern
1488 1424 1532 1474 sed
1562 1424 1681 1474 uitioucm
1713 1422 1889 1488 appretiandum

1107 1525 1201 1587 dicens,
1223 1530 1249 1574 et
1270 1536 1313 1584 se,
1325 1523 1368 1587 qni
1379 1526 1445 1573 esset
1455 1520 1587 1583 utriusque
1602 1523 1683 1584 pater,
1694 1518 1888 1569 domesticorum

1106 1623 1227 1675 malorum
1240 1621 1348 1673 iudicem
1361 1633 1416 1672 csse
1425 1633 1527 1683 equum
1540 1617 1668 1669 censebat.
1702 1616 1788 1667 Multis
1802 1618 1890 1667 actem

1106 1721 1230 1773 hincinde
1239 1721 1265 1772 in
1280 1723 1412 1784 utramque
1425 1722 1520 1784 partem
1533 1716 1615 1775 dictis,
1628 1729 1672 1766 rex
1685 1714 1756 1765 vaide
1766 1712 1888 1770 herebat,

1107 1816 1224 1867 dubitans
1244 1827 1358 1878 quaenam
1383 1813 1503 1864 sententia
1525 1812 1550 1861 in
1571 1810 1618 1860 hac
1636 1808 1680 1859 lite
1700 1805 1888 1872 pronuntianda

1107 1916 1182 1964 esset.
1216 1915 1302 1975 Neque
1312 1912 1377 1961 enim
1391 1910 1461 1960 caede
1475 1922 1533 1959 enm
1551 1906 1689 1965 absolvere,
1705 1904 1750 1969 qui
1764 1902 1890 1953 fatebatur

1107 2023 1122 2060 a
1148 2022 1175 2059 so
1193 2020 1301 2059 sororem
1324 2007 1415 2056 indicta
1436 2018 1525 2055 canosa
1548 2002 1669 2062 occisam,
1693 2000 1767 2062 idque
1788 1999 1891 2063 propter

1106 2107 1199 2158 crimen
1225 2106 1257 2156 ob
1286 2105 1353 2168 quod
1388 2105 1455 2166 teges
1484 2101 1608 2152 hominem
1633 2097 1714 2149 occidi
1752 2096 1890 2157 vetabant,

1106 2201 1277 2253 benefactum
1297 2197 1479 2257 arbitrabatur,
1505 2209 1537 2245 ne
1555 2193 1623 2244 diras
1644 2196 1670 2243 et
1691 2191 1815 2256 piaculum
1830 2187 1891 2239 eius

1107 2300 1150 2364 qui
1163 2297 1256 2351 cedem
1272 2296 1381 2360 patrarat
1390 2294 1416 2345 in
1431 2304 1502 2342 suam
1518 2289 1636 2340 familiam
1651 2288 1824 2338 converteret:
1840 2297 1889 2334 ne-

1106 2410 1155 2460 que
1164 2395 1239 2446 etiam
1251 2395 1289 2444 tas
1303 2391 1408 2457 putabat
1419 2391 1447 2440 ut
1456 2385 1605 2453 parricidam
1615 2384 1752 2436 interficere
1762 2396 1828 2443 euno,
1843 2379 1890 2446 qui

1106 2507 1152 2559 pro
1169 2492 1249 2557 putria
1261 2491 1335 2553 capnt
1346 2500 1420 2537 soum
1437 2482 1549 2549 pericuis
1556 2482 1681 2554 obiectare
1693 2492 1743 2529 non
1754 2478 1890 2529 ‹babitare-

1107 2597 1155 2653 rat‚
1170 2594 1197 2642 ct
1208 2588 1250 2654 qui
1263 2590 1336 2638 tantae
1344 2583 1462 2649 potentie
1473 2579 1621 2632 accessionis
1630 2578 1678 2629 sibi
1691 2580 1780 2627 auctor
1796 2576 1889 2633 tuerat,

1107 2688 1244 2755 praesertim
1265 2686 1415 2749 cumpater
1436 2693 1493 2731 eum
1515 2675 1617 2729 cuimine
1638 2672 1821 2729 titoliberaret‚
1846 2670 1891 2719 cni

1108 2783 1264 2849 potissimum
1275 2783 1300 2832 et
1311 2783 1400 2831 natura
1411 2780 1437 2828 et
1450 2777 1493 2828 lex
1506 2775 1560 2837 ipsa
1578 2770 1636 2821 fllia
1645 2769 1768 2821 ultionem
1789 2765 1891 2830 permit·

1106 2872 1184 2933 tabat.
1219 2878 1340 2930 Dubitans
1350 2888 1409 2926 vero
1426 2873 1544 2938 quidnam
1555 2866 1697 2920 iaciendum
1708 2866 1774 2916 esset
1788 2859 1890 2911 undem

1106 2978 1228 3042 optimum
1247 2975 1315 3024 tactu
1335 2969 1455 3022 indicarit
1477 2968 1534 3018 eins
1555 2963 1592 3014 rei
1613 2960 1777 3024 cognitionem
1796 2954 1891 3020 populo

1107 3077 1261 3142 permitteret
1294 3076 1364 3124 Tunc
1384 3070 1458 3135 igitur
1468 3066 1578 3132 prirnuru
1588 3061 1696 3127 populus
1712 3062 1837 3111 Romanus
1846 3067 1892 3105 ca·

1107 3173 1190 3240 piteiis
1212 3170 1299 3222 iudicii
1321 3169 1469 3235 potestatem
1488 3163 1608 3228 adeptus,
1633 3156 1713 3223 putris
1739 3152 1891 3204 sententiam

1108 3265 1279 3333 comprobavit
1296 3269 1322 3316 et
1333 3261 1466 3329 parricidio
1481 3256 1660 3311 adolescentem
1683 3249 1800 3302 absolvit.
1839 3249 1891 3296 Ve-

1107 3372 1246 3419 rumtamen
1254 3377 1296 3415 rex
1308 3360 1479 3413 arbitrabatur
1489 3370 1537 3407 non
1547 3349 1702 3404 sufficereiis
1716 3348 1759 3411 qui
1769 3346 1891 3411 pietatem

1107 3481 1164 3532 erga
1180 3466 1241 3517 deos
1256 3459 1383 3513 custodire
1392 3456 1483 3509 retient
1492 3455 1541 3505 tate
1552 3451 1681 3502 bominum
1693 3446 1812 3498 iudicium
1823 3459 1830 3489 ι
1842 3441 1890 3494 scd

1108 3564 1233 3616 accersitis
1243 3557 1401 3626 pontificibus
1408 3553 1482 3605 iussit
1492 3551 1553 3602 deos
1566 3549 1592 3599 et
1605 3545 1690 3612 genios
1699 3542 1801 3608 piscari.
1814 3541 1839 3589 et
1847 3537 1888 3588 iu·

1109 3662 1182 3713 stram
1194 3659 1319 3710 borninem
1334 3649 1524 3707 lustrationibus
1537 3645 1629 3709 quibus
1643 3641 1726 3693 mdes
1737 3652 1786 3689 non
1797 3635 1889 3686 voiun-

1107 3752 1377 3819 tariaesolentexpiari.
1411 3748 1450 3799 itii
1460 3760 1520 3797 aero
1530 3745 1593 3794 duas
1604 3740 1813 3795 enarmonium,
1823 3731 1890 3783 alte-

1108 3871 1162 3908 τειιι
1176 3854 1276 3918 quidem
1291 3845 1438 3905 iunoni,ad
1454 3856 1528 3906 quam
1548 3849 1663 3888 sororum
1682 3844 1743 3883 cura
1758 3828 1865 3894 pertinet
1882 3846 1889 3874 ι

1108 3924 1210 4001 atteram
1223 3960 1281 3996 vero
1297 3943 1344 3993 deo
1359 3941 1413 3990 sive
1426 3939 1499 4002 genio
1512 3932 1640 3996 indigenae,
1655 3926 1699 4003 qui
1727 3923 1825 3973 iliorum
1841 3917 1891 3967 lin-

1108 4061 1157 4110 gua
1169 4047 1247 4094 iocus
1258 4043 1371 4098 vocatur,
1385 4033 1458 4085 cuius
1472 4040 1607 4093 cognomen
1625 4020 1728 4076 curiatii
1740 4014 1889 4069 consobrini

1108 4143 1139 4193 ab
1151 4138 1253 4191 Horatio
1266 4133 1388 4187 interiecti
1404 4126 1523 4187 terebant,
1536 4127 1562 4173 et
1574 4120 1650 4171 iobis
1667 4117 1717 4166 aris
1731 4112 1809 4163 sacris
1824 4108 1887 4174 qui-

1107 4236 1211 4287 busdam
1222 4231 1293 4283 iactis
1305 4242 1362 4278 curn
1373 4223 1428 4275 aliis
1442 4217 1623 4284 expiationibus
1634 4212 1673 4263 usi
1682 4213 1748 4268 sunt,
1763 4212 1818 4258 tum
1827 4218 1889 4256 vero

1107 4340 1232 4402 postremo
1249 4328 1380 4381 Horatium
1400 4321 1547 4383 subiugum
1568 4316 1700 4367 miserunt.
1733 4313 1778 4361 Est
1801 4310 1889 4357 autem

1108 4434 1223 4488 Romanis
1236 4445 1304 4489 mos,
1316 4430 1345 4480 ut
1355 4424 1455 4491 quoties
1470 4421 1557 4472 hostes
1572 4414 1671 4469 traditis
1692 4411 1769 4463 armis
1783 4407 1889 4460 deditio·

1107 4544 1163 4582 netu
1177 4528 1271 4579 iaciunt
1287 4525 1350 4575 duas
1369 4520 1456 4570 hastas
1471 4519 1553 4566 rectas
1569 4509 1638 4562 burni
1652 4506 1773 4571 defigant,
1791 4506 1817 4553 et
1832 4504 1886 4551 ter·

1107 4628 1168 4680 tiam
1196 4636 1272 4685 supm
1296 4619 1352 4669 itias
1378 4620 1545 4665 transversam
1570 4601 1772 4659 accommodent,
1790 4596 1883 4649 deindo

1108 4727 1220 4792 captivos
1235 4718 1284 4769 sub
1298 4715 1353 4766 titas
1364 4712 1465 4763 mittant
1482 4727 1490 4760 ι
1510 4710 1536 4757 et
1555 4704 1600 4755 ubi
1615 4699 1770 4752 transierunt
1781 4707 1825 4745 eos
1837 4692 1886 4743 do-

1107 4840 1175 4876 mum
1196 4833 1267 4872 suam
1285 4815 1376 4869 liberos
1397 4807 1540 4861 demittant.
1581 4804 1684 4863 Hocque
1697 4797 1729 4848 ab
1741 4796 1789 4848 iiiia
1800 4795 1888 4858 iugum

1106 4930 1210 4977 vocatur
1245 4941 1250 4971 z
1284 4931 1358 4983 quom
1389 4914 1465 4964 ritum
1496 4909 1651 4972 postremum
1684 4899 1751 4948 inter
1789 4895 1889 4943 ceteras

1107 5023 1259 5089 expiationes
1279 5013 1447 5068 adhibuerunt
1468 5002 1513 5068 ilii,
1528 5002 1573 5068 qui
1587 4996 1647 5052 tnnc
1658 4996 1773 5046 iuvenem
1791 4990 1887 5039 instra·

1107 5128 1172 5177 runt.
1206 5125 1300 5172 Ικιοιιιιι
1316 5118 1401 5167 autem
1413 5110 1485 5161 urbis
1504 5104 1549 5157 ubi
1569 5096 1736 5165 expiationem
1757 5090 1888 5149 iecerunt,

1106 5237 1192 5277 omncs
1207 5218 1310 5272 Romani
1323 5226 1422 5266 sacrum
1434 5207 1593 5260 arbitrantur.
1629 5199 1673 5249 tist
1683 5198 1768 5245 autem
1780 5190 1807 5240 in
1819 5185 1888 5249 rico,
