4068 5924
616 381 911 457 ANTIQUlTATUM
931 382 1078 443 ROMAN.
1100 382 1171 443 liu.
1198 383 1236 442 ΙΙ.

44 508 46 565 ί
120 522 255 603 γρίροντες
268 522 375 578 ἑκοῦσαν
390 521 527 594 ὑπομεῖναι
542 515 646 595 λέγουσι
659 515 727 592 μετὰ
747 514 884 595 θυγατρός·

44 570 46 627 ί
121 609 283 685 ἁρπασθῆναι
308 604 358 683 γάρ
388 604 420 677 δή
440 606 561 676 κάκείνης
594 605 725 683 θυγατέρα
746 607 884 679 μονογενῆ.

120 694 160 760 Ὦς
177 694 204 754 δὲ
222 694 322 766 ταύτην
335 694 412 772 ἔσχον
431 692 479 765 τήν
498 690 606 771 γνώμην
627 694 654 751 αἱ
675 694 803 769 γυναῖκες,
823 682 887 761 ἧκον

120 785 157 845 ts
174 784 204 841 τδ
229 783 365 860 συνέδριον
391 780 436 840 καί
459 785 587 860 τυχοῦσαι
605 780 682 856 λόγου
705 778 808 858 μακράς
832 777 886 845 ἐξά·

89 896 99 934 ι
118 894 195 930 εειναν
214 870 328 941 δεήσεις,
344 866 487 948 ίπιτροπὴν
509 867 626 936 ἀξιοῦσαι
647 866 738 926 λαθεῖν
757 870 804 937 τῆς
823 866 887 944 πρὸς

117 959 168 1026 τοὺς
192 960 327 1036 συγγενεῖς
345 956 449 1033 ἐξόδου,
468 956 567 1025 πολλάς
595 953 641 1014 καί
661 953 759 1033 άγαθδις
779 955 887 1019 liuida<

117 1047 179 1127 ίχιιν
209 1047 338 1122 λέγουσαι
366 1043 426 1124 περὶ
455 1049 500 1103 τοῦ
520 1042 638 1129 συνάξειν
666 1045 701 1109 είς
721 1041 747 1100 ἓν
771 1041 805 1101 cd
826 1040 887 1114 ἔθνη

116 1136 155 1193 καί
174 1134 294 1205 ποιήσειν
314 1132 399 1215 ρίλια.
429 1130 479 1200 Ὧς
502 1132 529 1190 δὲ
550 1131 626 1191 ταῦτ’
643 1131 759 1204 ήκουσαν
779 1133 803 1189 ol
823 1153 888 1188 συν-

117 1223 254 1300 εδρεύοντες
285 1224 323 1298 τῷ
344 1222 462 1301 βασιλεῖ,
490 1219 593 1300 σρόδρα
611 1219 634 1278 τ’
653 1221 822 1296 ἠγάσθησαν,
842 1219 887 1277 καί

81 1334 98 1371 ιο
116 1313 186 1390 πόρον
203 1314 240 1377 ιίις
260 1313 289 1369 ἓν
311 1309 459 1389 ἀμηχάνοις
481 1308 620 1386 πράγμασι
649 1315 737 1367 τοῦτον
756 1306 888 1366 ῦπίλαόον

116 1390 173 1458 ιίναι
193 1399 287 1477 μόνον,
332 1398 437 1458 Γίνεται
457 1394 489 1468 δή
506 1395 573 1470 μετὰ
587 1402 663 1455 τοῦτο
682 1396 767 1474 δόγμα
788 1395 886 1455 τοιόνδε

118 1491 217 1565 βουλῆς·
248 1487 312 1546 όσαι
341 1491 388 1545 τοῦ
418 1485 538 1546 Σαόίνων
568 1485 656 1562 γάνους
684 1477 751 1557 ἦσαν
779 1485 888 1565 ίχουσαι

117 1576 202 1651 τίκνα,
231 1575 346 1642 ταύταις
376 1574 493 1642 ἐξουσίαν
522 1564 588 1633 εἶναι
620 1573 826 1640 καταλιπούσαις
853 1570 888 1629 τίι

118 1667 185 1725 τίκνα
199 1666 275 1743 παρὰ
296 1668 351 1731 τοῖς
372 1664 482 1744 ἀνδράσι
499 1663 654 1741 πρισόεύειν
674 1667 709 1729 ὡς
728 1662 787 1730 τοὺς
808 1666 887 1739 δμοε-

82 1772 99 1809 ιι
118 1759 186 1820 θνεῖς·
208 1754 270 1813 όσαι
290 1749 322 1810 δδ
341 1750 467 1809 πλειόνων
487 1752 589 1809 παίδων
609 1750 719 1832 μητέρες
736 1741 806 1821 ἦσαν
819 1748 886 1808 ἐπά·

118 1846 198 1917 γεσθαι
218 1847 318 1919 μοῖραν
345 1838 373 1908 ἐξ
402 1841 487 1897 αὐτῶν
507 1838 678 1910 όσηθδήτινα,
695 1837 742 1897 καί
765 1837 888 1917 πράττειν

119 1928 178 1997 ὅπως
195 1934 229 1998 είς
258 1929 352 2009 φιλίαν
382 1926 517 1995 συνάξουσι
546 1928 579 1985 τά
608 1929 678 1998 ἔθνη.
723 1924 800 1987 Mardi
819 1927 889 1984 τοῦτ’

122 2017 217 2098 ἐξήισαν
239 2022 357 2088 ἐσθῆτας
375 2015 483 2096 ἔχουσαι
502 2015 657 2092 πενθίμους,
677 2015 744 2078 τινὲε
762 2015 784 2074 δ’
805 2016 889 2080 αὐτῶν

121 2108 158 2166 καί
182 2110 261 2167 τίκνα
281 2106 360 2178 νήπι’
380 2104 551 2182 ἐπαγόμεναι.
596 2104 642 2173 Ὡς
672 2104 696 2164 δ’
718 2107 754 2172 εἰς
772 2104 816 2163 τὸν
834 2104 890 2184 χά-

81 2208 101 2243 tt
121 2216 178 2268 ραιια
204 2199 258 2256 τῶν
291 2193 417 2255 zebinus
446 2194 575 2270 προῆλθον
604 2192 759 2272 ὀδυρόμεναί
788 2217 817 2252 τε
845 2193 890 2251 καί

120 2284 326 2359 προσπίπτουσαι
353 2288 407 2348 τοῖς
436 2280 559 2339 ἁπάντων
579 2279 682 2357 γόνασι,
703 2279 785 2340 πολύν
803 2271 890 2340 οἶκτον

120 2373 211 2428 ἐκτῶν
242 2370 368 2452 δρώντων
398 2369 532 2441 ίκίνησαν,
562 2369 607 2428 καὶ
632 2370 665 2428 sd
690 2369 791 2450 δάκρυα
810 2369 890 2429 κατί-

121 2479 168 2535 χειν
185 2460 265 2528 οὐδεὶς
290 2458 381 2526 ἱκανὸς
400 2448 441 2529 d.
483 2456 661 2536 Συναχθίντος
688 2458 710 2516 δ’
732 2460 823 2525 αῦταῑς
842 2462 887 2516 τοῦ

122 2547 241 2626 συνεδρίω
260 2551 318 2606 τῶν
337 2543 505 2625 προόούλωυ,
529 2543 575 2602 καί
595 2544 765 2612 κελεύσαντος
779 2550 824 2604 τοῦ
842 2549 890 2624 βα-

83 2645 103 2681 ²³
124 2635 204 2703 σιλάος
224 2637 293 2716 ίιπδρ
314 2626 351 2694 ὧν
374 2632 469 2706 ἥκουσι
492 2631 589 2709 λέγειν,
610 2637 628 2702 ἡ
647 2638 693 2693 τοῦ
714 2632 891 2713 βουλεύματος

125 2720 215 2798 ἄρξασα
231 2725 279 2788 καί
308 2722 356 2794 τήν
384 2720 527 2801 ἠγεμονίαν
556 2721 653 2799 ἔχουσα
682 2727 728 2793 τῆς
750 2721 891 2801 πρεσόείας

126 2805 236 2888 Ἑρσιλία
271 2812 379 2893 μακράν
410 2811 456 2870 καί
491 2814 616 2885 συμπαθῆ
647 2810 761 2880 διεξῆλθε
791 2810 890 2884 δέησιν,

125 2897 221 2965 ἐξιοῦσα
230 2901 396 2983 χαρίσασθαι
415 2900 463 2969 τήν
483 2898 585 2976 είρήνην
605 2907 661 2966 ταῖς
676 2898 886 2978 δεομέναιςύπίρ

123 2990 169 3044 τῶν
186 2991 300 3069 ἀνδρῶν,
325 2990 358 3048 δι’
382 2989 412 3055 d<
437 2985 600 3065 ίξενηνίχθαι
619 2988 663 3047 τὸν
687 2987 801 3061 πόλεμον
825 2987 889 3045 αἰπί-

84 3086 104 3124 ³]
124 3096 218 3153 ραινεν·
239 3080 278 3157 ἐρ’
299 3069 335 3144 οἷς
360 3076 388 3136 δὲ
408 3075 562 3153 γενήσονται
582 3075 690 3143 δικαίοις
699 3078 727 3133 αἱ
747 3072 888 3153 διαλύσεις,

126 3160 180 3229 τοῦς
196 3167 322 3240 ήγεμόνας
342 3164 435 3231 αὐτοὺς
463 3164 632 3230 συνελθόντας
655 3163 696 3242 ἐρ’
715 3166 814 3222 ἑαυτῶν
834 3165 889 3223 διο-

127 3249 327 3326 μολογήσασθαι,
353 3252 418 3332 api<
444 3251 475 3309 τὸ
502 3257 575 3331 κοινῇ
601 3253 732 3334 συμφέρον
761 3254 888 3331 δρῶντας.

159 3340 250 3403 XLVI.
262 3343 371 3402 Τοιαῦτ’
382 3345 500 3400 εἰποῦσαι
509 3338 655 3420 προύπεσον
666 3339 770 3399 άπασαι
782 3343 833 3398 τῶν
844 3345 889 3399 τοῦ

128 3427 365 3509 subimpudens
382 3428 438 3504 άμα
453 3439 506 3498 τοῖς
526 3428 637 3500 τίκνοις,
651 3428 696 3488 καί
711 3426 827 3503 διέμενον
849 3431 891 3508 ἐρ-

87 3525 106 3563 il
129 3515 235 3590 ριμμίναι
243 3518 311 3583 atera
321 3515 467 3588 άνάστησαν
478 3518 559 3584 αθτδις
567 3520 647 3588 ίκτῆς
660 3520 707 3595 γῆς
722 3519 746 3577 ol
755 3518 889 3595 παρόντες,

130 3599 220 3663 ἅπαντα
237 3608 359 3678 ποιήσειν
382 3605 417 3665 et
443 3607 537 3687 μίτρια
560 3606 606 3665 καί
625 3605 722 3665 δυνατά
743 3603 888 3684 ὑπισχνού-

129 3714 198 3765 μενοι.
237 3694 477 3773 Μετασιησάμενοι
497 3697 521 3755 δ’
541 3692 621 3761 αὐτίις
639 3698 670 3753 ἐκ
688 3698 733 3753 τοῦ
756 3692 890 3771 συνεδρίου

130 3778 168 3836 καί
191 3781 395 3859 βουλευσάμενοι
423 3787 480 3842 καθ’
504 3781 610 3848 ἑαυτοὺς
632 3780 735 3860 ἔκριναν
759 3784 887 3840 ποιεῖσθαι

129 3867 327 3948 τθςδιαλλαγάς.
372 3871 425 3931 Καί
439 3873 555 3951 γίνονται
571 3876 624 3938 τοῖς
640 3871 739 3931 ἔθνεσιν
750 3870 888 3951 ἐκεχειρίαι

92 3972 110 4006 ⁸¹
130 3953 169 4027 ,νίν
198 3963 316 4040 πρῶτον,
350 3958 440 4018 ἔπειτα
474 3959 647 4019 συνελθόντων
680 3963 733 4016 τῶν
762 3959 886 4037 βασιλίωι

129 4048 240 4116 wadiare
257 4047 322 4128 περὶ
341 4047 440 4128 φιλίας.
481 4039 536 4109 Ἦν
557 4044 584 4110 δὲ
598 4049 632 4107 τίι
648 4046 890 4124 συνομολογηθέντα

129 4135 302 4215 τοῑςόνδράσι,
312 4160 344 4195 πε
362 4136 373 4193 ί
383 4127 420 4195 ὧν
429 4137 488 4202 τοὺς
499 4140 589 4218 όρκυυς
600 4136 774 4208 ἐποιήσαντο,
784 4136 872 4194 τοιάδε
884 4161 891 4175 ·

131 4220 238 4294 βιαιλίας
255 4223 308 4302 μίν
324 4160 393 4284 efeso
411 4223 555 4303 Ῥωμαίων
572 4225 710 4301 Ῥωμύλον
728 4223 774 4283 καί
793 4224 890 4284 Τάτιον

129 4306 256 4391 ‘wipere
283 4312 360 4380 ὄντας
377 4313 423 4372 καί
446 4313 525 4390 τιμίις
545 4313 742 4392 καρπουμένους
756 4312 802 4379 τὰς
823 4311 891 4382 ίσας·

92 4408 111 4446 ⁴⁵
130 4399 251 4460 καλεῖσθαι
274 4401 301 4460 dd
320 4403 368 4472 τήν
390 4402 438 4481 μίν
468 4403 544 4463 πολιν
573 4402 616 4461 ἐπὶ
641 4408 685 4462 τοῦ
705 4401 843 4469 κτίσαντος
861 4403 891 4461 τδ

132 4486 185 4543 ‘bfo
201 4492 384 4568 φυλάττουσαν
410 4490 493 4567 ὄνομα
513 4490 637 4567 Ῥώμην,
660 4489 705 4551 καί
725 4489 762 4550 δυ’
781 4493 891 4550 ἕκαστον

131 4572 175 4628 ὧν
193 4578 217 4635 ίν
237 4579 304 4658 αὐτῇ
324 4581 438 4637 πολιτῶν
457 4578 601 4654 Ῥωμαῖον,
625 4584 660 4646 ὡς
678 4579 814 4658 πρότερον,
833 4577 893 4645 τοὺς

132 4656 156 4715 θί
172 4666 322 4739 σύμπαντας
342 4668 386 4725 tari
405 4672 451 4739 τῆς
462 4669 563 4727 Τατίου
582 4662 707 4745 πατρίδος
726 4673 799 4746 κοινῇ
815 4690 891 4745 περι-

131 4744 336 4829 λῑμθανομίνους
355 4754 448 4827 κλήσει
467 4755 597 4834 Κυρίτας·
624 4756 768 4815 πολιτεύειν
789 4756 816 4814 δὲ
834 4754 892 4820 τοὺς

93 4851 114 4891 ¹⁰
133 4833 290 4913 θθελομίνους
309 4841 431 4902 Στόίνων
450 4845 476 4901 ἕν
494 4841 604 4923 Ῥώμῃ,
619 4845 678 4923 ίερά
688 4867 716 4903 τε
735 4865 889 4918 συνενεγκα-

133 4922 212 4993 μίνους
229 4930 275 4986 καὶ
293 4931 330 4996 είς
350 4930 433 5009 ρυλδις
451 4931 496 4989 καί
519 4932 555 4998 είς
574 4931 690 5012 φράτρας
709 4930 892 5007 ίπιδιαιρεθέν·

132 5030 180 5077 '‘¹5-
218 5018 302 5076 Ταῦτ’
326 5017 468 5095 ὀμόσαντες
487 5018 532 5077 καλ
553 5018 657 5098 βωμοθς
676 5014 720 5081 ίπί
740 5018 791 5085 τοῖς
806 5018 892 5099 όρκοις

133 5096 288 5179 ἱδρυσάμενοι
308 5102 378 5164 κατδι
406 5105 489 5182 μίσην
518 5108 633 5185 μάλιστα
661 5106 708 5180 τὴν
727 5106 892 5183 καλουμίνην

132 5182 195 5262 ίΙρθν
212 5190 269 5251 όθδν
305 5192 531 5273 συνεκεράσθησαν
552 5195 686 5268 ἀλλήλοις,
716 5194 761 5255 καί
794 5197 818 5254 οἱ
842 5201 890 5269 μὲν

1659 387 1713 447 {Ol

941 520 1059 585 virginem
1075 525 1170 586 raptum
1188 522 1264 572 luisse
1286 521 1354 573 :sed
1375 522 1418 589 qui
1436 522 1546 587 proxime
1565 522 1598 573 ad
1625 525 1723 576 verita·

940 612 990 660 tem
1010 609 1144 671 accedunt,
1168 624 1222 661 eum
1245 614 1332 673 sponte
1352 624 1410 661 curn
1431 610 1481 662 itia
1499 612 1524 662 in
1541 612 1603 663 urbe
1621 627 1719 664 reman-

941 700 1002 749 sisse
1028 699 1143 758 tradunt3
1169 702 1264 762 raptam
1280 699 1345 752 enim
1364 712 1419 753 esse
1440 699 1510 750 ilbus
1525 713 1625 765 quoque
1643 701 1718 752 liliam

940 788 1047 838 unicam.
1082 789 1144 839 duro
1156 787 1232 851 igitur
1249 788 1366 838 mulieres
1384 788 1432 837 boc
1449 787 1582 841 consilium
1594 790 1715 851 iniissent,

940 878 966 926 in
978 882 1091 928 senatum
1104 881 1239 935 venerunt,
1254 881 1281 927 et
1302 878 1433 940 impetrato
1450 876 1549 927 dicendi
1561 877 1632 942 copia
1651 878 1718 928 mol·

942 964 974 1015 tis
1003 964 1118 1029 precibus
1138 978 1189 1014 usco
1215 968 1288 1025 sunt,
1315 968 1425 1025 petentes
1446 966 1475 1014 ut
1501 963 1549 1015 sibi
1569 963 1600 1015 ad
1624 979 1715 1029 eogun-
1802 1008 1805 1021 ,

940 1057 981 1103 tos
993 1053 1060 1103 exire
1074 1053 1272 1118 permitteretrn3
1294 1051 1407 1109 difflant
1425 1052 1491 1104 euim
1514 1066 1541 1105 se
1555 1054 1718 1105 certissimam

941 1155 1010 1205 spem
1040 1141 1147 1206 cepisse,
1172 1142 1225 1191 lore
1253 1145 1281 1192 ut
1306 1144 1392 1203 gentes
1421 1141 1446 1191 iu
1476 1155 1551 1192 unam
1586 1142 1720 1193 contrahe·

941 1230 997 1277 rent
1016 1230 1043 1278 et
1061 1226 1193 1277 amicitiam
1217 1226 1280 1278 inter
1303 1231 1434 1291 utramque
1457 1228 1620 1279 conciliarent.
1654 1231 1716 1287 Quae

942 1328 998 1366 curn
1019 1315 1146 1366 audissent
1165 1314 1231 1377 regis
1255 1313 1371 1374 comites,
1392 1315 1549 1366 veliementer
1565 1317 1641 1368 lutati
1662 1321 1720 1368 sunt

943 1406 969 1454 et
982 1403 1151 1455 cabtimarnnt
1163 1407 1190 1454 ut
1201 1404 1227 1453 in
1247 1404 1321 1453 rebus
1336 1402 1472 1467 desperatis
1489 1405 1553 1455 hanc
1573 1407 1650 1456 solam
1665 1420 1720 1457 esse

943 1491 1063 1542 rationem
1077 1506 1127 1556 qua
1140 1505 1167 1541 se
1179 1491 1331 1556 expedirent.
1366 1495 1456 1542 Postea
1473 1492 1549 1556 igitur
1560 1498 1719 1545 senatuscon-

943 1580 1037 1630 sultum
1048 1581 1141 1630 lactina
1158 1585 1212 1641 est,
1235 1584 1263 1630 ut
1282 1583 1405 1644 quotquot
1425 1580 1506 1645 gentis
1521 1580 1617 1641 Sabine
1631 1582 1721 1634 liberos

941 1668 1073 1729 baberent,
1089 1669 1126 1717 eis
1142 1669 1243 1729 liceret,
1268 1669 1326 1719 iliis
1340 1669 1405 1734 apud
1423 1671 1525 1720 ruentes
1544 1684 1603 1720 suos
1618 1672 1722 1737 relictis,

943 1756 1088 1817 legationem
1102 1755 1133 1806 ad
1147 1756 1249 1818 gentiles
1263 1757 1331 1807 obire
1343 1774 1350 1806 ι
1364 1770 1420 1820 quaa
1435 1771 1492 1807 vero
1504 1758 1615 1821 plurium
1630 1758 1721 1809 libero-

942 1858 997 1894 rum
1025 1848 1107 1894 essent
1128 1846 1233 1907 matres,
1257 1858 1342 1895 secum
1362 1845 1481 1896 ducerent
1506 1860 1593 1898 eorum
1626 1853 1722 1912 partem

944 1937 1157 1996 quantamcunque
1175 1934 1327 1994 voluissent,
1346 1940 1372 1984 et
1395 1935 1480 1985 darent
1495 1947 1596 2000 operam
1611 1940 1639 1987 ut
1657 1937 1723 1986 inter

944 2024 1027 2086 gentes
1040 2022 1173 2073 amicitiem
1187 2023 1353 2075 conciliarent.
1386 2023 1448 2074 lude
1460 2038 1564 2089 egressu
1580 2030 1639 2075 aaut
1653 2030 1723 2077 reste

944 2108 1042 2173 lugubri
1061 2110 1164 2169 indutae,
1179 2114 1206 2160 et
1227 2110 1352 2161 nonnullas
1370 2111 1475 2163 infantes
1498 2125 1583 2164 secum
1605 2114 1720 2166 terentes.

945 2200 1008 2249 cnm
1017 2203 1100 2249 sutem
1112 2199 1143 2248 ad
1160 2198 1306 2249 Sabinorum
1318 2202 1399 2249 castra
1417 2201 1551 2263 venisecnt
1564 2202 1685 2254 eiulantes
1695 2207 1721 2253 et

944 2287 977 2337 ad
994 2288 1103 2338 omnium
1118 2300 1196 2350 genua
1210 2301 1237 2338 sc
1255 2291 1440 2351 pmsternentes
1453 2303 1567 2354 magnam
1581 2291 1722 2345 bominibus

944 2376 1113 2440 spectantibus
1129 2375 1322 2427 misericordiam
1336 2382 1537 2441 commoverunt,
1557 2394 1637 2444 neque
1657 2383 1722 2447 quis·

944 2480 1018 2529 qnam
1035 2466 1146 2517 lacrimas
1158 2468 1283 2518 continere
1295 2469 1384 2533 potuit.
1417 2472 1449 2519 lit
1462 2470 1564 2527 musitio
1575 2485 1605 2529 er
1621 2481 1723 2531 senatus

944 2554 1091 2616 primoribus
1104 2569 1191 2606 eurum
1215 2568 1302 2607 mussa
1324 2561 1467 2619 convocato,
1486 2571 1543 2623 rege
1558 2559 1658 2610 iubente
1680 2574 1722 2610 eas

943 2657 988 2693 cur
1000 2644 1125 2695 venissent
1138 2659 1264 2710 exponere,
1280 2647 1392 2707 Hersilia,
1409 2648 1503 2700 consilli
1512 2652 1601 2705 auctor
1613 2652 1640 2703 et
1654 2650 1723 2715 iega-

945 2734 1019 2783 tionis
1030 2734 1152 2797 princeps,
1171 2734 1264 2797 prolixa
1284 2738 1310 2787 et
1328 2737 1462 2786 miserabili
1479 2738 1589 2789 oratione
1603 2720 1649 2793 uec
1666 2743 1720 2802 est,

944 2821 1089 2886 suppliciter
1101 2826 1187 2887 petens
1202 2827 1232 2872 nt
1255 2823 1432 2886 siliquarum
1454 2839 1541 2882 caussa
1564 2826 1613 2877 boc
1630 2826 1723 2879 bellum

945 2913 1088 2974 susceptum
1098 2924 1153 2962 esse
1165 2911 1324 2968 ostendebat.
1341 2914 1529 2976 deprecantibus
1546 2929 1591 2979 pro
1605 2916 1664 2966 viris
1678 2930 1722 2984 ps-

943 3013 997 3050 cem
1017 3000 1187 3052 concederent.
1231 3001 1326 3058 Quibus
1346 3016 1406 3053 rero
1429 3004 1611 3059 conditionibus
1630 3005 1723 3059 bellum

944 3094 1011 3140 esset
1023 3089 1195 3150 dirimendum,
1215 3090 1282 3155 ipsos
1303 3091 1379 3142 duces
1400 3093 1425 3150 iu
1442 3106 1520 3142 unum
1542 3096 1658 3149 codumes
1676 3107 1723 3158 pra

944 3176 1045 3228 arbitrio
1062 3178 1257 3241 decreturos‚ad
1279 3194 1434 3231 communem
1452 3182 1585 3233 utilitatem
1604 3184 1722 3247 spectan-

944 3268 1058 3380 ιθλίῐιθῐ.
1079 3332 1160 3395 Atque
1182 3331 1223 3382 bis
1243 3332 1318 3383 dictis
1335 3347 1419 3384 omnes
1442 3348 1491 3385 una
1514 3348 1571 3387 cum
1594 3333 1677 3388 liberis
1691 3335 1724 3385 sd

943 3424 1009 3489 regis
1021 3440 1101 3490 genua
1112 3428 1255 3480 acciderunt
1263 3431 1290 3479 et
1300 3432 1429 3493 prostrata
1444 3431 1581 3491 iacuerunt,
1591 3431 1670 3482 donec
1680 3432 1724 3494 qul

946 3523 1097 3575 aderanteas
1116 3540 1130 3576 e
1154 3529 1220 3575 terra
1239 3531 1386 3587 erexerunt,
1411 3528 1581 3591 promittentes
1595 3543 1622 3578 se
1638 3529 1723 3579 omnia

945 3618 1121 3680 iacturasque
1144 3633 1215 3682 aequa
1229 3625 1312 3673 essent
1335 3627 1361 3672 et
1379 3622 1433 3673 lieri
1455 3627 1563 3686 possent.
1599 3630 1634 3674 Ac
1648 3639 1721 3687 mox,

944 3718 1075 3781 postquam
1097 3730 1138 3767 ees
1152 3729 1180 3766 cx
1195 3718 1298 3768 concilio
1313 3719 1433 3770 excedere
1446 3720 1581 3778 iusserunt,
1595 3710 1721 3771 consulta-

944 3816 1011 3866 tione
1032 3815 1096 3865 inter
1117 3829 1143 3866 se
1159 3816 1244 3867 trahite
1265 3831 1351 3883 pacem
1373 3817 1509 3869 taciendam
1530 3832 1584 3869 csse
1606 3819 1724 3869 deuore-

944 3922 1011 3969 runt.
1043 3924 1080 3969 Ac
1097 3919 1204 3983 primum
1217 3919 1320 3984 quidem
1333 3921 1438 3971 induciae
1452 3920 1517 3971 inter
1532 3922 1722 3985 genesiacae,

946 4021 1045 4084 deinde,
1058 4024 1158 4088 regibus
1178 4023 1333 4086 coeuntibus,
1349 4023 1458 4075 arnicitia
1470 4023 1545 4075 eliam
1563 4023 1629 4074 lacta
1643 4027 1670 4075 et
1682 4024 1724 4076 ios·

943 4120 991 4170 dus
1013 4121 1088 4172 ictum
1107 4125 1153 4171 est.
1186 4120 1249 4178 Qura
1269 4128 1330 4169 sero
1342 4119 1377 4169 illi
1391 4119 1456 4170 inter
1478 4133 1506 4173 se
1524 4119 1591 4184 pacti
1608 4126 1674 4183 sunt,
1696 4127 1722 4176 ct

944 4235 1052 4285 quorum
1075 4220 1298 4270 continuandorum
1318 4234 1406 4272 caussa
1427 4221 1598 4273 iusiurandum
1616 4224 1723 4290 interpo

945 4320 1055 4380 suerunt,
1069 4316 1126 4367 brec
1137 4320 1195 4367 sunt
1209 4335 1217 4367 ι
1232 4320 1261 4367 ut
1280 4315 1402 4368 somnus
1417 4322 1443 4369 et
1454 4319 1539 4370 Tatius
1564 4326 1646 4371 essent
1669 4324 1720 4372 llo·

944 4427 1073 4465 manorum
1084 4427 1162 4479 reges,
1173 4413 1224 4477 pari
1239 4417 1361 4478 potestate
1375 4416 1402 4465 et
1420 4415 1472 4478 pari
1486 4415 1578 4465 honore
1593 4414 1720 4472 lrueotese

945 4515 1004 4566 urbs
1021 4528 1082 4565 vero
1101 4517 1233 4565 vocaretur
1257 4528 1272 4563 a
1296 4515 1423 4565 conditore
1440 4514 1505 4567 idem
1529 4517 1613 4566 liomos
1632 4528 1722 4565 nomen

944 4628 1054 4677 servans,
1067 4621 1094 4666 et
1106 4616 1275 4679 unusquisque
1293 4616 1354 4664 civis
1371 4619 1495 4665 Romanus
1513 4617 1540 4664 ut
1558 4618 1615 4664 ante
1635 4617 1721 4678 appoi-

944 4712 1050 4774 laretur,
1073 4712 1117 4763 sed
1136 4712 1244 4763 universi
1262 4726 1277 4762 a
1297 4713 1361 4762 Tatii
1375 4711 1454 4776 patria
1470 4712 1596 4767 commoni
1611 4712 1720 4774 appella·

944 4811 1010 4863 tione
1022 4810 1192 4875 comprehensi
1211 4810 1319 4868 Quirites
1336 4809 1485 4859 vocarentur
1505 4826 1512 4857 ε
1533 4811 1559 4858 et
1570 4809 1614 4872 qui
1625 4808 1656 4859 de
1674 4811 1719 4859 Se·

945 4911 1009 4965 binis
1025 4911 1113 4961 vellent
1125 4913 1210 4961 Romu
1219 4909 1343 4973 degerent,
1354 4911 1380 4959 et
1391 4906 1579 4957 communicatis
1595 4906 1722 4971 utrimque

945 5009 1023 5061 sacris
1042 5009 1068 5059 in
1089 5007 1171 5062 tribus
1186 5011 1212 5059 ct
1226 5006 1310 5056 curias
1331 5004 1547 5058 distribuerentur.
1578 5006 1638 5056 lloac
1662 5018 1722 5057 cum

944 5108 1076 5165 iurassent,
1087 5109 1113 5154 et
1124 5117 1180 5154 aras
1190 5103 1222 5154 ad
1238 5102 1317 5154 indus
1339 5100 1476 5153 laciendum
1487 5103 1624 5153 erexissent
1635 5102 1659 5151 iu
1672 5116 1721 5152 me

945 5203 986 5254 dla
1000 5202 1076 5254 reme
1094 5202 1135 5252 via
1147 5215 1226 5264 sacra,
1245 5201 1308 5251 inter
1332 5215 1358 5252 sc
1377 5201 1579 5265 permistisuo13
1594 5205 1669 5264 arque
1684 5211 1727 5248 ee·
