4052 5926
258 380 320 442 358

265 508 405 589 «ἀτιμίας
425 506 467 568 διδ
494 504 543 579 τὴν
565 505 633 586 δπέρ
653 508 706 565 τῶν
727 509 832 566 πολλῶν
859 507 974 578 σπουδὴν
991 508 1037 568 καὶ

266 626 280 654 ι
295 599 430 680 πρόνοιαν.
472 597 564 657 Tabae
579 596 604 654 δ’
620 596 833 676 ἀπειργάσασθαι
855 596 1039 678 συγκύψαντας

265 714 279 741 ιι
298 688 329 746 οὐ
342 685 400 752 τούς
416 682 605 765 χαριεστάτους
618 687 670 744 τῶν
690 684 847 763 πατρικίων,
871 683 995 764 δόριστῖις
1010 682 1039 743 δέ

263 799 280 834 ε
296 797 369 841 τινας
386 772 433 831 καὶ
456 770 614 835 πλεονέκτας
644 771 708 851 περὶ
732 771 921 853 χρηματισμὸν
949 773 1038 833 ἄδικον

217 880 231 921 o
260 863 381 929 «δεινῶς
401 859 613 931 ἐσπουδακότας,
634 857 660 918 οἳ
679 859 744 940 πρδς
761 859 828 920 πολύ
848 859 971 941 διάφορον
994 862 1038 921 καλ

262 975 275 1005 ι
291 947 336 1009 ἐπί
350 946 474 1027 μεγάλοις
489 945 621 1006 δανεισθὲν
635 947 720 1013 τόκοις
735 948 821 1008 πολλδι
836 949 1037 1011 καταδουλωσά-

261 1066 275 1093 a
292 1061 367 1116 μενοι
390 1038 506 1096 πολιτῶν
526 1034 649 1114 σώματα,
669 1035 769 1104 τούτοις
781 1061 810 1096 τε
825 1036 901 1115 ὠμάς
914 1038 961 1098 καὶ
974 1045 1038 1099 ὑπε-

261 1156 275 1183 a
292 1126 421 1208 ρηφάνοος
434 1125 550 1201 ἀνάγκας
556 1123 756 1207 προσφέροντες,
769 1126 904 1207 ἀλλότριον
912 1126 1037 1200 ἐποίησαν

259 1242 273 1269 ο
288 1213 409 1294 γενέσθαι
437 1217 484 1286 τῆς
510 1214 713 1294 ἀριστοκρατίας
738 1212 809 1272 άπαν
828 1214 858 1273 τὸ
880 1215 1038 1292 δημοτικὸν,

207 1319 232 1359 lo
262 1330 275 1356 ιι
292 1301 409 1384 ἑταιρίαν
428 1325 458 1362 τε
472 1301 666 1378 συστησάμενοι
678 1302 724 1361 καλ
740 1299 839 1373 ταύτης
859 1302 1038 1372 ἀναδείξαντες

262 1387 406 1452 «Ἄππιον
429 1390 563 1450 Κλαύδιον
578 1391 711 1468 ἡγεμόνα,
728 1390 876 1465 μισόδημον
892 1389 975 1469 ἄνδρα
990 1391 1036 1450 καῖ

261 1508 274 1533 ι
293 1476 475 1560 ὐλιγαρχικδν,
488 1477 522 1537 δι’
533 1476 632 1537 ἐκείνου
638 1475 726 1536 πάντα
736 1476 846 1556 φύρουσι
854 1475 1037 1557 τάπράγματα

262 1570 339 1639 «τῆς
360 1567 471 1633 πόλεως.
513 1556 562 1633 Οἷς
578 1567 601 1624 al
621 1564 658 1644 μὴ
674 1564 705 1625 τδ
720 1569 867 1646 σωφρονοῦν
892 1564 970 1645 μέρος
990 1570 1038 1638 τῆς

259 1684 271 1708 ι
288 1656 385 1735 βουλῆς
396 1649 518 1732 ἐμποδὼν
537 1652 928 1735 στήσεταακινδυνεύσεινύπέρ
943 1655 1039 1734 ἀνδρα-

206 1760 231 1799 ιι
262 1747 423 1822 αποδισμοῦ
442 1745 488 1801 καὶ
504 1748 679 1824 κατασκαφῆς
695 1742 744 1815 τὴν
764 1742 851 1803 πόλιν.
901 1746 1037 1804 Τελευτῶν

259 1860 271 1885 ι
287 1832 314 1891 δέ
327 1828 481 1912 ἀπεφήνατο
498 1828 595 1910 [αὐτῷ]
608 1829 743 1889 συνδοκεῖν
761 1852 794 1908 τη
807 1829 939 1901 Μενηνίου
956 1835 1037 1912 χρῆσ·

262 1948 274 1974 a
293 1926 337 1981 θαι
349 1918 469 2000 ἱγνεύμη,
493 1919 538 1979 καὶ
560 1917 608 1990 τλν
624 1917 766 1997 πρεσόείαν
783 1918 899 1996 πέμπειν
922 1918 967 1979 διὰ
988 1943 1039 1978 τα·

262 2039 275 2059 ι
291 2009 373 2089 χέων,
388 2005 448 2075 τούς
459 2007 486 2065 δέ
499 2006 595 2085 ἄνδρας
604 2004 775 2085 ἀφικομένους
786 2010 926 2086 πειρᾶσθαι
942 2004 990 2082 μέν
1003 2010 1038 2074 ὡς

261 2123 276 2153 ιι
293 2097 431 2178 βούλονται
450 2094 650 2155 καταλύσασθαι
671 2092 719 2165 τλν
734 2093 842 2153 στάσιν·
857 2096 880 2152 εἰ
893 2093 921 2153 δέ
936 2093 975 2171 μὴ
996 2096 1037 2155 δι-

205 2198 232 2237 to
263 2185 351 2257 «δοίη
374 2207 413 2251 τις
428 2181 553 2249 αὐτοῖςά
581 2181 733 2261 βούλονται,
758 2179 881 2261 δέχεσθαι
903 2179 937 2240 ab
963 2182 1036 2242 διδό-

261 2296 397 2350 ιμενα.ν

297 2364 374 2424 le.
394 2358 473 2420 Μετὰ
486 2363 576 2417 τοῦτον
596 2356 693 2428 ἀνέστη
703 2357 806 2429 κληθείς
817 2353 929 2426 Ἄππιος
944 2356 1037 2418 Κλαύ-

258 2451 319 2522 διος,
333 2451 348 2506 δ
361 2452 408 2520 τῆς
430 2445 630 2521 ἐναντιουμένης
641 2449 680 2525 τῷ
697 2443 774 2525 δήμῳ
788 2445 906 2513 στάσεως
917 2442 1035 2523 ἡγεμὼν,

259 2536 325 2618 ἀνὴρ
347 2535 417 2614 μέγα
438 2536 538 2616 φρονῶν
556 2533 597 2612 ἀφ’
616 2536 720 2613 ἐαυτῷ,
743 2532 788 2591 καὶ
811 2536 881 2593 τοῦτ’
905 2536 953 2593 οὐκ
975 2533 1036 2593 ἄνευ

205 2646 232 2685 aa
258 2628 361 2692 δικαίας
374 2623 488 2704 πάσχων
509 2620 608 2700 αἰτίας·
627 2619 684 2681 ότε
704 2620 755 2700 γδρ
766 2621 829 2688 ἴδιος
844 2626 922 2683 αὐτοῦ
945 2621 999 2701 βίος
1023 2626 1037 2680 δ

214 2714 217 2720 ’
257 2718 317 2773 καθ’
332 2711 434 2792 ἡμέραν
449 2709 560 2791 σώφρων
575 2709 621 2770 καὶ
642 2709 737 2787 σεμνὸς
754 2701 796 2782 ἦν,
809 2709 827 2782 ἥ
841 2734 871 2771 τε
884 2712 1036 2791 προαίρεσις

257 2805 311 2860 τῶν
331 2799 533 2878 πολιτευμάτων
554 2798 661 2877 εὐγενὴς
671 2799 716 2858 καῖ
734 2799 765 2859 εδ
787 2798 891 2879 ἀξίωμα
916 2800 1035 2869 σώζουσα

258 2894 305 2961 τῆς
331 2888 546 2970 ἀριστοκρατίας·
572 2888 741 2969 δςάφορμὴν
767 2887 857 2947 laeta
881 2888 928 2961 τλν
956 2888 1034 2967 [τοῦ]

258 2977 405 3054 Οὐαλερίου
426 2975 591 3055 δημηγορίαν
614 2974 740 3044 τοιούτοις
772 2976 905 3057 ἐχρήσατο
937 2976 1036 3056 λόγοις·

204 3076 232 3117 ³⁰
258 3068 321 3131 «Ἐν
328 3065 446 3127 ἐλάττονι
457 3062 505 3141 μὲν
516 3064 588 3146 alvia
597 3064 744 3144 Οὐαλέριος
754 3064 812 3147 [δν]
820 3057 946 3141 {lapidata
956 3069 1036 3125 αὑτοῦ

262 3185 274 3211 a
289 3156 397 3236 γνώμην
413 3152 567 3233 ἀπεφήνατο
577 3151 669 3229 μόνην,
686 3155 738 3211 τῶν
752 3153 779 3211 δέ
788 3151 913 3212 τάναντία
928 3153 1038 3230 ἐγνωκό-

261 3269 343 3304 «των
369 3242 407 3322 μὴ
429 3241 584 3323 κατηγόρει·
612 3245 706 3323 περιῆν
726 3244 777 3321 γὰρ
798 3241 830 3301 ἀν
849 3242 921 3323 αὐτῷ
954 3242 1037 3317 μηδὲν

262 3362 274 3387 ι
294 3336 406 3392 ἀκοῦσαι
419 3335 471 3391 τῶν
490 3328 640 3412 προσόντων
660 3333 843 3409 αδτῷκακῶν.
858 3329 933 3390 Ἐπεί
949 3327 977 3389 δέ
990 3333 1038 3390 οὐκ
1060 3370 1061 3377 ι

260 3450 274 3476 a
293 3422 446 3503 ἀπέχρησεν
459 3421 532 3500 αὐτῷ
546 3425 656 3480 τοιαῦτα
676 3419 878 3494 συμόουλεύειν,
896 3416 923 3486 ἐξ
940 3409 975 3477 ῶν
993 3421 1037 3479 οὐ·

204 3521 231 3562 ³5
261 3540 273 3563 ι
296 3508 337 3569 δέν
352 3509 413 3567 ἀλλ’
426 3509 445 3581 ἢ
460 3516 513 3576 τοῖς
535 3507 669 3575 κακίστοις
688 3511 741 3567 τῶν
757 3511 872 3569 πολιτῶν
888 3506 1038 3568 ,δουλεύσο-

261 3627 274 3655 ι
290 3622 350 3677 μεν,
371 3597 441 3658 ἀλλά
454 3598 499 3658 καὶ
519 3603 571 3658 τῶν
586 3598 790 3677 ἐναντιουμένων
805 3600 877 3679 αὐτῷ
899 3598 1038 3679 καθήψατο

261 3717 274 3741 ιι
293 3688 380 3763 κάμοῦ
398 3684 541 3767 ἁψιμάχως
560 3684 689 3763 ἐμνήσθη,
716 3685 816 3759 πολλὴν
842 3687 960 3764 ἀνάγκην
984 3690 1038 3766 δρῶ

262 3805 273 3829 ι
291 3775 373 3854 κάμοί
395 3773 456 3855 περί
472 3774 570 3832 τούτων
585 3776 667 3836 εἰπεῖν
686 3776 733 3836 καὶ
756 3780 861 3855 πρῶτον
886 3774 1038 3835 ἀπολύσασ-

256 3894 274 3931 ι
290 3872 333 3925 θαι
344 3866 391 3934 τδς
404 3867 464 3924 κατ’
476 3864 591 3939 έμαντοῖ
603 3863 740 3932 διαύολάς·
754 3863 906 3924 ὠνείδισται
927 3864 979 3941 γάρ
993 3884 1037 3939 μοι

256 3981 275 4021 ,ιι
291 3953 355 4034 προς
370 3955 451 4013 αὐτοῦ
466 3953 630 4027 ἐπιτήδευμα
643 3950 702 4011 οὐτε
716 3950 852 4011 πολιτικδν
873 3949 928 4009 οὐτ’
943 3952 1038 4029 εὐπρε·

263 4041 354 4111 ιπές,
388 4046 423 4109 ὡς
455 4044 485 4101 ἐκ
518 4040 616 4108 παντὸς
638 4040 848 4120 χρηματίζεσθαι
883 4038 1038 4119 προῄρημαι

261 4155 274 4180 ι
291 4129 404 4206 τρόπον,
423 4130 468 4187 καλ
489 4128 600 4197 πολλούς
617 4134 669 4189 τῶν
687 4131 805 4203 πενήτων
826 4126 967 4208 ἀφῄρημαι
988 4126 1037 4198 την

262 4246 274 4270 ι
292 4215 450 4296 ἐλευθερίαν,
465 4218 511 4277 καλ
524 4220 591 4290 ὡςη
611 4218 754 4283 ἀπόστασις
767 4222 812 4276 τοῦ
829 4216 914 4293 δήμου
931 4214 966 4274 δι’
990 4216 1038 4293 ἐμὲ

262 4334 274 4359 a
292 4307 343 4386 οὐχ
360 4304 457 4377 ἥκιστα
478 4305 591 4384 γέγονεν.
638 4297 693 4368 Ὧν
708 4306 782 4366 οὐδέν
800 4304 840 4367 δτι
851 4305 947 4379 ἀληθές
967 4308 1037 4365 ἐστιν

261 4424 273 4450 ι
291 4395 345 4455 οὐδ’
366 4390 434 4473 ὑγιὲς
458 4390 545 4474 ῥηίδιον
570 4395 631 4472 ύμῖν
657 4400 760 4471 μαθεῖν.
786 4393 841 4456 Ἴθι
862 4382 1038 4475 γδρ,εἰπέ,ῶ

261 4514 274 4541 ι
292 4484 435 4563 Οὐαλέριε,
447 4480 513 4548 τίνες
523 4482 588 4541 aloia
602 4482 644 4550 οὐς
654 4483 895 4559 κατεδουλωσάμην
908 4483 961 4563 ἐγὼ
973 4481 1039 4562 πρδς

262 4605 274 4629 ι
292 4578 326 4634 ab
345 4573 433 4654 χρέα;
451 4570 526 4638 τίνας
548 4573 575 4630 ἐν
595 4571 700 4647 δεσμοῖς
720 4574 830 4640 πολίτας
853 4572 932 4652 ἔσχον
950 4570 1037 4642 ἢνῶν

261 4697 274 4720 a
291 4665 347 4745 ἔχω
360 4686 368 4736 ;
382 4662 421 4730 τίς
434 4666 487 4722 τῶν
507 4663 694 4743 ἀφεστηκότων
713 4663 757 4723 διδ
771 4664 818 4737 τὴν
829 4662 896 4741 ἐμὴν
910 4660 1037 4738 ὠμότητα

262 4786 274 4810 ι
292 4753 310 4828 ἢ
325 4751 540 4835 φιλοχρηματίαν
562 4751 683 4830 στέρεται
710 4757 758 4823 τῆς
782 4756 874 4812 ἑαυτοῦ
894 4748 1035 4831 πατρίδος;

262 4867 274 4894 ι
293 4844 352 4901 ἀλλ’
362 4843 410 4900 οὐκ
427 4839 460 4899 ἂν
470 4841 540 4920 ἔχοις
557 4839 651 4901 εἰπεῖν.
702 4841 837 4902 Τοσούτου
851 4839 903 4923 γδιρ
913 4841 964 4900 δέω
978 4840 1037 4899 τινὰ

193 4930 197 4935 ”
261 4954 275 4981 ι
291 4935 344 4988 τῶν
369 4931 485 4989 πολιτῶν
507 4930 755 4989 καταδεδουλῶσθαι
776 4929 842 5011 πρὸς
856 4931 945 5010 χρέος,
968 4928 1037 4989 ὥστε

262 5043 275 5068 ιι
291 5017 397 5086 πολλοῖς
419 5017 490 5077 πάνυ
511 5016 545 5078 τά
567 5020 682 5095 ἐμαυτοῦ
702 5016 846 5099 προέμενος
870 5020 963 5080 οὐδένα
984 5022 1037 5079 τῶν

263 5105 528 5183 «ἀποστερησάντων
553 5105 588 5181 μδ
607 5106 751 5186 πρόσθετον
776 5108 948 5185 ἐποιησάμην
978 5108 1036 5167 οὐδὲ

261 5188 405 5266 μέτιμον,
427 5190 496 5252 ἀλλά
515 5190 612 5259 πάντες
629 5194 695 5255 εἰσὶν
710 5193 849 5276 ἐλεύθεροι,
868 5196 914 5255 καὶ
942 5194 1037 5262 πάντες

766 376 945 438 'DlONYSll
968 376 1353 440 HlulclnlvlssENsls

1095 537 1108 562 ι
1127 531 1182 568 esse
1197 531 1245 568 non
1265 515 1448 569 anobilissImia
1467 516 1560 568 ordinla
1571 517 1681 583 patricii,
1697 519 1742 570 sed
1755 520 1787 573 ab
1802 521 1872 574 ῖιινο·

1095 639 1108 664 a
1124 619 1231 669 lentibus
1244 632 1273 669 aa
1282 617 1364 669 avaris
1378 617 1541 682 quibusdam,
1556 620 1582 669 et
1591 619 1737 670 lniustonun
1747 620 1874 674 lucrorum

1094 740 1107 765 ι
1123 719 1273 771 avidissimis
1293 718 1453 781 bominibus;
1473 717 1529 782 qni,
1548 719 1653 783 pecunia
1675 719 1768 784 ingenti
1784 724 1874 774 mutuo

1094 841 1107 866 a
1121 821 1181 872 data
1196 820 1273 885 idque
1285 835 1374 885 magno
1385 820 1484 883 fenore,
1497 819 1590 872 multos
1602 821 1671 871 cives
1688 820 1713 869 in
1725 822 1874 874 servitutem

1094 936 1107 961 ιι
1122 916 1298 976 abduxissent,
1315 922 1391 982 alque
1410 917 1437 967 in
1459 930 1504 967 eos
1520 915 1620 967 crudele
1642 918 1668 967 et
1689 917 1827 981 superbum
1845 932 1874 970 ac

1095 1033 1108 1058 ι
1125 1015 1261 1066 violentum
1273 1018 1417 1066 exercentes
1432 1015 1564 1080 imperium
1579 1017 1657 1065 totam
1670 1015 1770 1079 plebem
1784 1017 1816 1067 ab
1829 1031 1874 1082 op·

1094 1134 1107 1158 ι
1125 1114 1252 1165 timetibus
1263 1114 1425 1175 alienassant,
1438 1118 1514 1178 atque
1525 1115 1657 1166 sodalitate
1671 1117 1792 1179 contlata,
1806 1118 1874 1169 eius·

1094 1233 1107 1259 a
1123 1228 1172 1278 que
1183 1214 1247 1265 duoe
1261 1218 1346 1265 creato
1355 1222 1418 1279 app.
1433 1214 1544 1277 claudie,
1556 1216 1610 1265 viro
1622 1214 1726 1281 plebeiis
1736 1214 1839 1269 lolenao
1849 1220 1876 1268 et

1096 1335 1108 1359 ι
1123 1328 1257 1378 paucorum
1269 1315 1387 1379 potentiae
1399 1314 1524 1377 studioso,
1541 1315 1612 1366 illius
1623 1329 1698 1380 opera
1712 1319 1789 1366 lolam
1806 1330 1875 1367 rem·

1094 1435 1106 1460 a
1121 1415 1248 1481 publicam
1259 1415 1439 1467 subverterent.
1456 1415 1553 1474 Quibus
1565 1414 1614 1467 nisi
1626 1429 1686 1466 sana
1704 1418 1807 1467 senatun
1817 1429 1876 1481 pars

1093 1538 1106 1561 ιι
1121 1518 1265 1579 obsisteret,
1277 1517 1413 1583 periculum
1428 1530 1483 1569 esse
1494 1531 1526 1568 ne
1538 1518 1673 1582 reipublice
1685 1518 1710 1567 iu
1725 1518 1875 1570 servitutem

1094 1638 1106 1662 ι
1121 1620 1275 1684 redigeretur
1292 1622 1366 1682 atque
1382 1621 1546 1670 everteretur.
1592 1623 1721 1671 Postremo
1744 1619 1821 1681 dixit,
1847 1633 1876 1670 se

1093 1727 1106 1751 ι
1125 1721 1227 1772 quoque
1249 1721 1349 1759 censere
1370 1708 1476 1760 Meneuii
1496 1710 1647 1759 sententiam
1662 1708 1831 1774 sequendam,
1848 1711 1876 1760 et

1092 1805 1271 1869 «legationem
1294 1805 1364 1856 ocius
1385 1803 1547 1867 mittendam,
1561 1805 1708 1869 legatosque
1726 1804 1759 1855 ad
1778 1804 1875 1869 plebem

1093 1920 1106 1944 ιι
1121 1900 1244 1964 proiectos
1260 1903 1356 1951 tentare
1362 1938 1373 1965 ,
1384 1914 1416 1951 an
1431 1900 1553 1951 arbitratu
1565 1914 1612 1951 suo
1625 1900 1774 1951 seditionem
1788 1900 1876 1951 sedare

1093 2018 1106 2042 ι
1121 2001 1243 2063 possent:
1263 1997 1331 2061 quod
1350 1997 1372 2047 si
1391 1996 1462 2062 plebs
1482 1998 1533 2049 illis
1548 2011 1588 2057 ea,
1614 2011 1674 2062 quae
1693 2000 1809 2061 peterent
1828 2011 1877 2048 non

1093 2115 1105 2139 a
1120 2094 1281 2157 concederet,
1297 2092 1448 2145 conditiones
1456 2093 1489 2145 ab
1498 2106 1528 2144 ea
1541 2093 1638 2144 oblatas
1649 2091 1805 2157 accipiendas
1817 2105 1878 2143 cen·

1092 2212 1105 2236 ι
1118 2192 1201 2242 aebnl.
1219 2210 1233 2235 ν

1121 2351 1185 2401 le.
1205 2353 1264 2401 Post
1275 2350 1342 2401 liunc
1352 2355 1414 2415 App.
1432 2349 1553 2400 claudius
1568 2353 1672 2399 vocatus
1689 2349 1815 2410 surrexit,
1826 2347 1875 2399 ad-

1090 2452 1170 2490 versae
1185 2438 1299 2489 laedonis
1310 2438 1362 2489 dux
1372 2437 1503 2502 magnilica
1513 2436 1544 2487 de
1557 2451 1584 2489 se
1601 2438 1721 2499 sentiens,
1732 2437 1807 2501 idque
1824 2451 1876 2487 noa

1090 2527 1213 2579 immerito
1228 2548 1234 2577 ι
1250 2531 1347 2578 namet
1363 2526 1510 2591 quotidiana
1527 2528 1583 2577 eius
1597 2526 1648 2577 vitu
1661 2526 1775 2577 modesta
1789 2530 1817 2577 et
1829 2540 1878 2577 ve-

1090 2615 1199 2668 neranda
1215 2619 1286 2679 erat,
1299 2616 1402 2678 eiusque
1420 2615 1519 2666 animus
1539 2616 1565 2667 in
1586 2613 1785 2665 administranda
1802 2628 1878 2680 repu-

1090 2706 1154 2758 blica
1167 2719 1313 2771 geueaosua,
1338 2709 1365 2756 et
1384 2705 1513 2769 dignitatis
1526 2704 1676 2769 optimatum
1696 2704 1876 2756 conservande

1090 2794 1233 2857 stadiasua;
1255 2794 1314 2858 qul,
1331 2799 1429 2858 arrepta
1443 2792 1572 2845 oocaaioue
1590 2806 1622 2843 eu
1643 2792 1737 2844 Valerii
1757 2792 1877 2844 concione

1088 2882 1115 2947 in
1134 2883 1202 2934 bunc
1217 2882 1321 2932 modum
1345 2881 1422 2931 verba
1443 2880 1526 2931 lecit:
1551 2900 1564 2924 ι
1576 2880 1660 2931 llinna
1684 2883 1753 2931 cerle
1774 2881 1878 2944 culpan·

1090 2989 1104 3014 ι
1119 2970 1166 3020 dus
1194 2974 1262 3022 esset
1292 2969 1422 3029 Valerius,
1443 2970 1465 3018 si
1488 2972 1585 3019 lautum
1618 2970 1770 3020 sententiam
1803 2982 1876 3019 suam

1093 3079 1106 3103 ι
1121 3059 1241 3120 dixisset,
1255 3073 1302 3110 nec
1312 3071 1355 3109 eos
1369 3057 1413 3121 qui
1430 3056 1559 3108 contrariae
1575 3060 1636 3107 aunt
1656 3057 1788 3108 sententiae
1803 3070 1876 3107 accu-

1092 3152 1200 3199 saassel
1224 3169 1231 3199 ι
1254 3149 1290 3198 sic
1310 3147 1376 3198 enisu
1398 3147 1495 3197 nullum
1518 3159 1591 3197 suum
1612 3146 1704 3196 vilium
1722 3145 1876 3196 audiendum

1093 3259 1106 3282 ι
1123 3240 1197 3289 esset.
1229 3239 1301 3286 Nunc
1315 3250 1374 3286 vero
1393 3237 1511 3299 quoniam
1523 3233 1654 3285 nonsatis
1673 3234 1797 3285 eiluitea
1816 3233 1877 3285 dare

1093 3348 1105 3372 a
1120 3325 1240 3386 consilia,
1253 3339 1287 3387 ex,
1299 3325 1390 3388 quibus
1405 3323 1466 3374 nibil
1480 3322 1548 3374 aliud
1561 3326 1699 3387 sequetur,
1713 3322 1762 3372 nisi
1780 3324 1810 3372 ut
1829 3322 1875 3373 de·

1093 3437 1107 3461 ιι
1121 3414 1229 3467 terrimis
1245 3413 1345 3465 civibus
1364 3414 1518 3476 serviamus,
1532 3413 1578 3463 sed
1598 3413 1672 3463 eliani
1693 3425 1737 3462 eos
1758 3410 1803 3473 qui
1826 3411 1876 3474 ipsi

1093 3524 1106 3550 ι
1122 3504 1287 3556 adversantur
1300 3501 1461 3568 perstrinxit,
1478 3505 1506 3553 et
1519 3499 1569 3552 mei
1580 3501 1661 3552 obiter
1670 3499 1797 3564 quandam
1806 3511 1876 3550 naeu-

1095 3613 1107 3639 ι
1123 3594 1216 3645 tionem
1232 3592 1304 3653 lecit,
1318 3590 1392 3642 video
1408 3590 1470 3642 mihi
1483 3604 1585 3655 quoque
1605 3603 1721 3654 magnam
1738 3588 1877 3641 necessita-

1094 3704 1106 3726 ιι
1121 3687 1172 3734 tem
1183 3681 1325 3746 impositam
1336 3693 1391 3731 esse
1406 3679 1438 3729 ad
1449 3680 1505 3731 hec
1519 3677 1702 3743 respondendi,
1723 3691 1754 3728 ac
1767 3677 1875 3742 primum

1093 3792 1105 3817 a
1119 3771 1220 3836 quidem
1234 3770 1296 3821 laisa
1309 3769 1412 3819 crimina
1425 3768 1450 3819 in
1465 3781 1506 3818 me
1519 3767 1633 3818 coniecta
1643 3765 1764 3819 diluendi.
1778 3769 1875 3831 Ειρεο·

1094 3880 1106 3904 ι
1120 3859 1218 3909 braium
1233 3863 1299 3909 enlm
1316 3858 1378 3909 mibi
1395 3857 1441 3908 luit
1458 3857 1490 3907 ab
1500 3869 1530 3907 eo
1547 3869 1629 3920 neque
1641 3856 1729 3918 civile,
1753 3869 1834 3920 neque
1846 3856 1876 3906 li·

1092 3969 1105 3993 ι
1120 3950 1203 4000 berale
1218 3949 1342 4010 studium,
1357 3961 1398 3998 me
1417 3947 1488 3998 lucra
1500 3947 1631 4011 quibusvis
1651 3946 1751 3997 artibus
1773 3959 1874 3997 ennaea-

1093 4059 1106 4083 «
1121 4038 1182 4099 tari,
1195 4041 1222 4089 et
1232 4037 1317 4089 multis
1332 4036 1480 4102 pauperibus
1492 4036 1635 4087 libertatem
1646 4035 1783 4099 eripuisse,
1800 4037 1827 4086 et
1835 4048 1876 4085 mc

1093 4149 1107 4173 ιι
1121 4129 1161 4179 vel
1181 4130 1333 4194 praacipuum
1354 4131 1484 4179 auctorem
1513 4140 1569 4178 esse
1594 4127 1742 4178 secessionis
1764 4140 1780 4177 a
1806 4125 1876 4190 plebe

1094 4236 1106 4260 ι
1121 4218 1201 4269 lactea.
1215 4222 1327 4278 Quorum
1346 4217 1408 4269 nibil
1422 4230 1510 4267 verum
1522 4228 1603 4279 neque
1624 4229 1714 4266 nauum
1732 4229 1790 4267 csse
1803 4213 1875 4267 lacile

1094 4320 1267 4370 acognoscere
1296 4305 1409 4370 potestis.
1442 4305 1487 4356 Eia
1509 4304 1589 4364 enim,
1617 4304 1659 4355 dic
1678 4303 1754 4366 mibi,
1776 4306 1875 4364 valeri,

1093 4415 1106 4439 ι.
1119 4395 1221 4459 quinam
1240 4398 1299 4447 sunt
1311 4395 1362 4457 illi,
1383 4394 1428 4458 qui
1447 4394 1480 4445 ob
1493 4406 1529 4444 ωε
1546 4393 1655 4445 alienum
1673 4394 1700 4444 in
1725 4396 1875 4445 servitutem

1094 4503 1106 4526 ιι
1121 4497 1136 4533 a
1155 4497 1195 4533 me
1214 4483 1277 4547 rapti
1293 4488 1368 4535 sunl?
1385 4497 1448 4546 quos
1461 4495 1572 4546 unquam
1587 4482 1655 4533 cives
1666 4482 1692 4533 in
1711 4482 1817 4533 vinealia
1827 4485 1875 4532 aut

1093 4591 1105 4615 ιι
1119 4577 1177 4623 aule
1192 4572 1285 4632 babai,
1303 4575 1347 4624 aut
1362 4572 1412 4623 iam
1427 4571 1526 4623 babeo?
1545 4572 1602 4635 quia
1615 4584 1716 4634 eorum,
1730 4570 1775 4634 qui
1789 4583 1875 4622 seces·

1093 4680 1106 4704 ι
1120 4664 1220 4723 serunt,
1241 4664 1342 4725 propter
1364 4673 1446 4711 meam
1460 4660 1634 4711 crudelitatem
1661 4663 1706 4711 aut
1727 4660 1873 4721 avaritiam,

1093 4770 1105 4794 ι
1118 4750 1198 4815 patria
1218 4753 1359 4800 auocaret?
1376 4748 1421 4800 sed
1433 4753 1502 4800 certe
1517 4749 1613 4800 nullum
1635 4748 1765 4800 nominare
1777 4762 1872 4813 possea.

1093 4863 1105 4886 ι
1123 4845 1232 4893 Tantum
1243 4838 1309 4890 euim
1323 4838 1409 4894 abeat,
1424 4841 1453 4889 ut
1463 4837 1508 4889 ulli
1522 4837 1571 4888 civi
1582 4837 1727 4888 libertatem
1748 4838 1783 4890 ob
1797 4838 1875 4903 ipsius

1093 4954 1106 4978 a
1120 4947 1156 4984 aas
1165 4932 1274 4984 alienum
1285 4930 1428 4994 eripuerim,
1441 4934 1470 4979 ut
1483 4930 1559 4980 eliam
1570 4930 1702 4995 pennultis
1708 4929 1815 4995 lngitus
1827 4931 1872 4981 sim

1093 5041 1105 5065 ι
1122 5021 1155 5072 de
1171 5022 1233 5072 ναοῖο
1251 5020 1370 5081 fortunia,
1383 5021 1409 5069 et
1424 5018 1520 5068 nullium
1539 5031 1639 5079 eorum,
1657 5018 1700 5081 qni
1717 5032 1761 5069 me
1780 5018 1872 5073 credita

1093 5111 1224 5176 «pecunia
1244 5107 1402 5169 fraudarunt,
1424 5105 1487 5157 mibi
1513 5106 1653 5157 addixerim
1670 5108 1715 5157 aut
1737 5106 1873 5173 ignominia

1095 5221 1107 5246 ι
1124 5199 1249 5261 nemrim,
1267 5196 1313 5249 sed
1326 5209 1412 5249 ornnes
1426 5199 1485 5246 suut
1505 5194 1590 5257 llberi,
1611 5207 1747 5260 omnesque
1767 5195 1831 5247 milui
1844 5200 1873 5246 ut
