4034 5922
36 49 109 130 γρ,
148 27 351 115 pempeio.

239 405 280 466 28
754 397 921 459 blenlsll
943 394 1319 458 HALICARNASSENSIS

238 534 354 612 γομένων
365 533 399 590 εδ
412 530 460 606 μὲν
475 529 655 610 μυθικώτερα,
669 528 702 587 τδι
723 528 744 587 δ’
761 527 932 607 ἀληθέστερα.
975 525 1008 588 Ὁ

240 622 287 699 μίν
302 613 344 681 οὑν
360 621 466 697 μυθικὸς
479 620 596 698 περὶτῆς
609 618 753 696 παρουσίας
771 619 850 674 αὐτοῦ
870 617 945 692 λόγος
963 607 1009 674 ὧδ’

240 711 311 788 ἔχει·
325 713 360 774 ὡς
374 707 405 777 δή
423 705 567 770 κελευσθείς
585 705 630 761 ὑπ’
644 702 797 782 Εὐρυσθέως
810 701 946 782 Ἡρακλῆς
963 703 1009 761 οὑν

240 801 292 861 τοῖς
303 795 390 859 ἀλλοις
400 793 486 858 ἄθλοις
499 792 544 851 καλ
557 792 603 855 τὰς
618 789 747 868 Γηρυόνου
758 793 819 868 βοῦς
833 787 859 858 ἐξ
873 787 1010 869 Ἐρυθείας

199 903 213 943 s
241 887 276 950 εἰς
284 882 376 961 Ἀργος
387 883 532 952 ἀπελάσαι,
543 879 650 945 τελέσας
662 878 705 937 τὸν
716 870 794 937 ἐθλον
805 878 908 949 κοίτην
922 878 1011 938 οἴκοθι

240 970 348 1050 πορείαν
373 968 526 1043 ποιούμενος
550 966 617 1043 άλλη
639 989 666 1024 τε
692 968 816 1045 πολλαχῇ
835 970 881 1036 τῆς
894 965 1011 1051 Ἰταλίας

241 1059 363 1136 ἀφίκετο,
379 1057 480 1126 καὶτῆς
499 1054 663 1132 ’λόοριγίνων
682 1057 730 1129 γῆς
744 1056 779 1118 εἰς
793 1052 822 1109 τὸ
833 1052 960 1131 προσεχὲς
974 1055 1011 1131 τῷ

241 1145 402 1225 Παλλαντίῳ
416 1142 523 1221 χωρίον.
567 1140 656 1220 Εὑρών
676 1139 704 1199 δέ
724 1141 791 1199 πόαν
809 1143 836 1201 ἐν
852 1142 925 1199 αὑτῶ
946 1146 1013 1219 βου-

242 1232 332 1292 κολίδα
346 1230 446 1303 πολλὴν
465 1229 510 1287 καὶ
525 1230 626 1300 καλήν,
643 1228 689 1294 τάς
712 1227 759 1303 μὲν
775 1226 838 1306 βόας
863 1232 956 1298 ἀνῆκεν
977 1232 1012 1294 είς

188 1337 214 1378 1⁰
241 1321 339 1395 νομήν,
355 1317 431 1383 αὐτὸς
446 1314 473 1374 δέ
494 1315 666 1394 βαρυνόμενος
682 1313 732 1374 ὑπὸ
752 1313 834 1373 κόπου
849 1314 1012 1377 κατακλιθείς

241 1409 335 1465 ἔδωκεν
356 1403 432 1463 αὑτὸν
447 1401 529 1481 ὑπνῳ.
572 1399 617 1459 Ἐν
633 1399 660 1459 δέ
676 1399 758 1480 τούτῳ
777 1400 878 1479 λῃστής
892 1425 930 1468 τις
951 1405 1011 1460 ἀπι-

201 1496 203 1501 ’
241 1493 337 1575 χώρους
357 1492 439 1566 ὄνομα
462 1493 548 1556 Κάκος
569 1488 754 1568 περιτυγχάνει
773 1489 830 1553 ταῖς
846 1491 934 1566 βουσὶν
949 1492 1013 1570 ἀρυ-

241 1582 347 1646 λάκτοις
359 1575 530 1656 νεμομέναις,
546 1575 590 1635 καί
605 1578 691 1634 αὑτῶν
708 1575 783 1656 ἔρωτ’
794 1576 875 1655 ἴσχει.
919 1568 966 1644 Ὡς
985 1578 1012 1635 δέ

243 1670 286 1728 τὸν
301 1666 437 1747 Ἡρακλέα
452 1664 615 1741 κοιμώμενον
631 1666 710 1722 αὑτοῦ
729 1665 892 1742 κατέμαθεν,
908 1665 1013 1730 ἁπάσας

190 1774 215 1813 rs
244 1759 291 1835 μὲν
312 1760 358 1816 οὐκ
374 1756 404 1814 ἀν
419 1754 486 1834 ᾤετο
499 1755 622 1813 δύνασθαι
637 1753 722 1812 λαθεῖν
738 1754 888 1825 ἀπελάσας,
903 1752 948 1811 καί
966 1751 1013 1827 ἀμ’

243 1846 301 1906 οὑδὲ
317 1845 404 1923 βοίδιον
419 1845 448 1902 τὸ
460 1852 570 1921 πρᾶγμα
584 1841 792 1916 κατεμάνθανεν,
804 1841 893 1920 ὀλίγας
903 1840 931 1900 δέ
942 1864 1014 1907 τινας

244 1932 270 2000 ἐξ
285 1934 369 1990 αὐτῶν
390 1933 424 1998 εἰς
437 1931 467 1989 τδ
484 1930 592 2008 ἄντρον,
605 1931 631 1986 ἐν
651 1920 674 2008 ᾧ
689 1927 800 1999 πλησίον
815 1929 870 1987 όντι
885 1928 1013 2007 ἐτύγχανε

244 2020 291 2092 τὴν
308 2020 410 2078 δίαιταν
424 2018 591 2095 ποιούμενος,
608 2016 821 2095 ἀποκρύπτεται,
835 2016 950 2094 ἔμπαλιν
969 2021 1015 2088 τῆς

245 2109 314 2168 κατά
335 2108 410 2187 φύσιν
427 2114 479 2172 τοῖς
492 2105 567 2174 ζώοις
581 2107 687 2183 πορείας
701 2103 882 2178 ἐπισπώμενος
902 2105 1015 2174 ίκάστην

191 2219 218 2263 ου
246 2197 304 2255 κατ’
319 2196 409 2275 οὐράν.
452 2198 538 2254 Τοῦτο
550 2194 574 2251 δ’
586 2196 657 2271 αὐτῷ
671 2197 723 2251 τῶν
739 2193 853 2271 ἐλέγχων
868 2193 1014 2271 ἀφανισμὸν

246 2284 352 2344 ἐδύνατο
373 2283 539 2364 παρασχεῖν,
554 2280 674 2345 ἐναντίας
690 2280 846 2359 φαινομένης
865 2281 917 2344 τοῖς
930 2280 1015 2357 ’ίχνεσι

245 2377 292 2442 τῆς
306 2373 376 2432 ὁδοῦ.
420 2370 546 2434 ’deaceae
560 2366 587 2425 al
602 2369 658 2443 μετ’
680 2369 767 2446 ὀλίγον
783 2371 797 2424 ὑ
816 2364 951 2445 Ἡρακλῆς
971 2367 1016 2421 καί

247 2460 290 2517 τὸν
308 2458 417 2537 ἀριθμόν
431 2456 618 2532 ἐπιλεξάμενος
637 2458 688 2512 τῶν
711 2458 794 2534 βοῶν,
813 2456 848 2520 ῶς
866 2452 948 2529 ἔμαθε
969 2452 1016 2518 τέις

247 2546 417 2616 ἐκλιπούσας,
432 2543 496 2609 τέως
515 2542 561 2621 μίν
575 2542 668 2621 ἠπόρει
681 2547 731 2601 ποῶ
747 2543 915 2620 κεχωρήκασι
925 2540 970 2598 καί
982 2542 1017 2605 ώς

192 2659 219 2699 25
246 2632 451 2705 πεπλανημένας
463 2632 516 2690 ἀπὸ
527 2635 573 2701 τῆς
591 2634 671 2705 νομῆς
692 2631 833 2707 ἐμάστευεν
847 2628 897 2686 ἀνδι
907 2627 951 2685 τόν
962 2631 1017 2706 χῶ·

249 2745 308 2801 ρον·
321 2726 355 2786 ῶς
369 2723 392 2778 δ’
409 2722 458 2799 οὐχ
475 2718 607 2799 εὕρισκεν,
620 2718 664 2775 ἐπὶ
677 2717 708 2777 τδ
722 2717 850 2788 σπήλαιον
870 2719 1015 2797 ἀφικνεῖται

247 2816 300 2875 τοῖς
320 2809 367 2884 μέν
378 2808 464 2887 ίχνεσι
478 2805 671 2886 διαρτώμενος,
687 2805 761 2865 otilo
773 2809 796 2862 δ’
809 2797 886 2877 ἧττον
903 2804 1017 2881 οἰόμενος

249 2901 302 2956 δεῖν
323 2897 539 2976 διερευνήσασθαι
553 2896 596 2953 τδν
610 2897 705 2973 χῶρον.
747 2896 803 2958 Τοῦ
817 2892 845 2951 δέ
862 2892 953 2952 Κάκου
966 2890 1017 2970 πρὸ

249 2988 296 3053 τῆς
317 2984 394 3062 θύρας
409 2986 519 3048 ἑστῶτος
531 2983 577 3041 καί
590 2981 642 3040 οὔτ’
656 2982 719 3039 ἰδεῖν
737 2984 783 3047 nde
801 2980 862 3058 βόας
875 2981 1018 3059 φάσκοντος

195 3092 223 3133 so
250 3071 365 3152 ἐρομένῳ
391 3069 446 3127 οὔτ’
470 3072 623 3147 ἐρευνᾶσθαι
648 3069 830 3144 ἐπιτρέποντος
859 3065 1017 3145 αἰτουμένῳ),

249 3158 308 3223 τούς
320 3181 349 3215 τε
367 3158 477 3230 πλησίον
497 3162 532 3223 ὡς
546 3156 617 3215 δεινδι
633 3157 733 3235 πάσχοι
752 3156 802 3214 ὑπὸ
816 3160 861 3213 τοῦ
875 3155 945 3222 ξένου
958 3151 1017 3211 ἐπι-

249 3246 376 3320 όοῶντος,
390 3250 535 3324 ἀμηχανῶν
556 3249 570 3303 δ
589 3244 725 3322 Ἡρακλῆς
746 3244 762 3304 ό
784 3267 809 3301 τι
829 3243 957 3322 χρήσεται
980 3243 1017 3321 τῷ

248 3334 402 3415 πράγματι,
418 3336 453 3399 εἷς
477 3339 534 3392 νοῦν
561 3335 686 3412 βάλλεται
707 3331 868 3410 προσελάσαι
888 3333 925 3410 τῷ
948 3353 1016 3401 σπη-

248 3424 315 3499 λαίῳ
332 3422 379 3488 τάς
396 3424 477 3488 ἄλλας
491 3421 567 3498 βόας·
583 3424 618 3485 ῶς
632 3420 655 3478 δ’
666 3420 719 3499 ἀρα
733 3424 779 3491 τῆς
791 3418 917 3495 συννόμου
931 3422 1018 3500 φωνῆς

194 3536 220 3576 ss
248 3536 277 3571 τε
290 3510 335 3571 καὶ
351 3513 438 3588 ὀσμῆς
452 3512 478 3568 αἱ
493 3509 609 3567 ἔντοσθεν
623 3507 747 3586 ᾔσθοντο,
762 3510 944 3582 ἀντεμυκῶντο
960 3513 1018 3571 ταῖς

247 3600 367 3658 ἔκτοσθεν
381 3600 426 3657 καί
444 3597 557 3678 ἐγεγόνει
573 3602 590 3667 ἡ
614 3594 685 3676 φωνή
702 3599 787 3653 αὐτῶν
810 3594 954 3673 κατήγορος
972 3596 1019 3662 τῆς

248 3688 358 3757 κλοπῆς.
401 3685 436 3746 Ὁ
458 3683 505 3761 μὲν
520 3674 564 3742 οὑν
580 3686 683 3755 Κᾶκος,
700 3683 788 3749 ἐπειδὴ
801 3681 943 3762 περιφανής
961 3681 1016 3756 ἐγέ·

249 3795 307 3830 νετο
324 3775 493 3850 κακουργῶν,
510 3770 634 3848 τρέπεται
649 3769 713 3847 πρὸς
725 3766 807 3840 ἀλκήν
820 3769 864 3827 καὶ
883 3768 942 3834 τοὺς
955 3770 1017 3826 εἰω-

249 3861 325 3924 θότας
355 3862 426 3939 αὐτῷ
458 3860 646 3936 συναγραυλεῖν
672 3857 807 3915 ἀνεκάλει·
834 3853 970 3934 Ἡρακλῆς
996 3856 1018 3912 δ’

194 3971 222 4013 40
249 3949 344 4005 ἀλοιῶν
360 3950 437 4006 αὐτὸν
454 3951 492 4026 τῷ
508 3946 616 4028 βοπάλῳ
633 3944 746 4017 κτείνει,
760 3944 804 4002 καὶ
818 3944 865 4011 τάς
880 3942 942 4021 βόας
958 3942 1018 4010 ἐξα-

248 4033 354 4113 γαγὼν,
368 4037 456 4105 ἐπειδὴ
475 4034 627 4111 κακούργων
644 4033 783 4112 ὑποδοχαῖς
797 4029 898 4088 εὔθετον
910 4028 979 4108 ἑώρα
989 4030 1018 4087 τό

249 4121 365 4198 χωρίον,
396 4123 624 4179 ἐπικατασκάπτει
648 4123 687 4199 τῷ
708 4118 794 4178 κλονπλ
820 4117 849 4175 τὸ
880 4116 1017 4186 σπήλαιον.

250 4204 369 4282 Ἁγνίσας
390 4206 416 4264 δὲ
438 4211 475 4287 τῷ
489 4211 601 4286 ποταμῷ
621 4208 665 4266 τὸν
687 4209 762 4285 φόνον
777 4205 892 4285 ἱδρύεται
907 4205 1018 4273 πλησίον

249 4299 295 4351 τοῦ
307 4292 386 4351 τόπου
406 4292 466 4356 Διὸς
478 4295 603 4372 Εὑρεσίου
618 4296 722 4374 βωμὸν,
737 4294 763 4359 ἀς
774 4295 829 4351 ἐστι
841 4296 888 4362 τῆς
908 4290 1018 4368 Ῥώμης

196 4406 223 4444 ts
250 4379 323 4460 παρδι
340 4383 372 4459 τῇ
394 4378 522 4460 Τριδύμῳ
545 4382 629 4459 πύλη·
645 4382 691 4439 καὶ
712 4380 766 4440 θύει
786 4383 825 4461 τῷ
840 4384 890 4461 θεῷ
906 4382 1019 4457 δάμαλιν

249 4469 295 4527 ἕνα
316 4472 363 4540 τῆς
381 4465 505 4546 εὑρέσεως
522 4470 573 4524 τῶν
599 4471 666 4552 βοῶν
688 4472 868 4551 χαριστήριον.
911 4472 936 4528 T
938 4467 1018 4542 αύτην

249 4557 287 4614 ἐτι
302 4556 347 4613 καί
365 4558 400 4621 είς
414 4553 460 4630 ἐμέ
476 4554 523 4623 τήν
538 4555 629 4613 θυσίαν
644 4555 814 4632 ήῬωμαίων
828 4558 903 4623 πόλις
917 4558 1020 4615 συνετέ·

249 4646 306 4715 λεν,
321 4645 441 4716 νομίμοις
453 4641 620 4713 Ἑλληνικοῖς
635 4643 732 4702 ἀπασιν
753 4647 779 4703 ἐν
794 4648 860 4725 αὐτῇ
874 4642 1016 4726 χριομένη,

249 4732 367 4809 καθάπερ
380 4733 476 4797 ἐκεῖνος
492 4729 682 4799 κατεστήσατο.

195 4841 221 4879 ne
288 4819 347 4877 XL.
361 4820 395 4878 Οί
409 4818 430 4875 δ’
441 4818 595 4898 Ἀόοριγῖνες
604 4818 648 4877 καὶ
662 4823 713 4877 τῶν
728 4819 860 4900 Ἀρκάδων
872 4822 932 4881 οἱτδ
942 4825 1019 4883 Παλ·

247 4904 349 4964 λάντιον
371 4912 564 4977 κατοικοῦντες,
585 4910 622 4972 ώς
635 4911 680 4964 τοῦ
692 4929 721 4964 τε
740 4908 831 4968 Κάκου
844 4911 888 4969 τόν
905 4910 1015 4969 θάνατον

248 4990 363 5069 ἔγνωσαν
378 4993 423 5051 καὶ
437 4993 484 5052 τὸν
497 4993 633 5073 Ἡρακλέα
650 4985 737 5068 είδον,
756 4998 793 5076 τῷ
808 5000 855 5072 μέν
871 4998 1019 5078 ἀπεχθόμε·

248 5102 285 5141 vet
297 5080 340 5139 διά
354 5082 400 5148 τδις
412 5082 547 5162 ἀρπαγάς,
558 5089 604 5142 τοῦ
620 5082 648 5142 δέ
666 5083 714 5157 τήν
725 5083 785 5164 όήνιν
798 5084 1015 5163 ἐκπαγλούμενοι,

246 5167 313 5226 θεῖόν
328 5191 354 5227 τι
374 5173 467 5251 χρῆμα
488 5168 612 5247 ἐνόμισαν
625 5174 687 5252 δρᾶν
703 5170 748 5231 καί
763 5175 807 5232 τοῦ
829 5171 925 5251 ληστοὺ
948 5173 1015 5253 μέγα

1065 535 1158 586 tabulas
1169 536 1300 599 pertinent,
1311 533 1400 598 partim
1413 534 1445 584 ad
1456 534 1585 585 veritatem
1592 536 1693 599 propius
1704 538 1833 590 accolunt.

1063 625 1143 688 Atque
1157 622 1267 673 fabulosa
1277 622 1308 672 de
1319 621 1372 672 eius
1384 622 1490 672 adventu
1504 623 1612 673 narratio
1625 623 1678 674 irasc
1690 629 1736 675 est.
1770 629 1833 676 ller·

1063 712 1144 769 cules,
1156 713 1186 761 ut
1196 713 1283 769 aiunt,
1294 712 1382 772 preter
1392 713 1487 759 ceteros
1498 710 1608 773 labores,
1625 726 1688 775 quos
1703 715 1836 776 Eurysthei

1063 798 1132 848 iussu
1146 796 1266 860 suscepit,
1279 797 1398 859 Geryonis
1410 796 1485 846 etiam
1500 796 1576 848 boves
1595 799 1745 861 esssrytbea
1759 805 1836 865 argos

1063 886 1161 949 abigere
1172 885 1254 936 iussus
1262 888 1308 936 est.
1342 887 1396 942 Qua
1410 898 1521 935 arumna
1531 885 1641 936 udinem
1653 886 1782 950 perducta,
1793 889 1838 939 dc·

1063 987 1132 1024 sunm
1142 972 1240 1024 rediens
1252 986 1309 1023 enm
1322 972 1348 1022 iu
1359 972 1449 1022 multas
1459 972 1519 1022 alias
1529 973 1607 1024 ltalia
1617 980 1699 1037 partes
1707 976 1834 1038 pervenit,

1065 1064 1118 1112 turn
1127 1061 1153 1110 in
1161 1061 1319 1124 Aboriginum
1330 1074 1416 1125 agrum
1428 1061 1546 1112 Pallantia
1558 1061 1706 1125 proximum.
1715 1066 1776 1114 cum
1788 1077 1836 1112 au·

1064 1150 1115 1198 tem
1127 1147 1190 1198 inco
1203 1161 1316 1212 magnam
1330 1147 1386 1210 boni
1396 1148 1480 1212 pabuli
1493 1149 1586 1212 copiam
1598 1147 1630 1198 ad
1642 1149 1717 1199 boum
1725 1153 1836 1200 armenta

1064 1235 1186 1299 pascenda
1195 1236 1341 1296 inuenisset,
1351 1236 1429 1287 bores
1438 1236 1463 1285 in
1472 1248 1564 1299 pascua
1572 1234 1666 1287 dimisit
1673 1239 1699 1286 et
1711 1240 1762 1301 lpse
1775 1237 1839 1287 lube

1066 1324 1100 1374 rls
1112 1337 1185 1374 onere
1196 1326 1311 1388 gravatus
1323 1323 1439 1374 accubuit
1449 1336 1584 1386 somnoque
1598 1337 1624 1373 se
1633 1324 1711 1374 dedit.
1743 1328 1839 1375 interea

1066 1425 1126 1462 vero
1145 1411 1248 1476 quidam
1263 1411 1328 1461 illius
1342 1411 1447 1475 regionis
1466 1414 1541 1472 latro,
1553 1413 1632 1461 cacus
1644 1413 1756 1472 nomine,
1775 1412 1838 1463 inci·

1067 1499 1103 1550 dit
1117 1500 1142 1549 in
1157 1500 1241 1564 bores,
1255 1513 1311 1563 quas
1324 1499 1377 1551 sine
1388 1498 1500 1549 custodia
1516 1499 1687 1564 pascebantur,
1705 1514 1840 1564 earumque

1067 1587 1188 1638 desiderio
1206 1591 1294 1651 captus
1314 1590 1360 1638 est.
1395 1589 1426 1637 st
1443 1600 1501 1636 oum
1519 1588 1650 1637 Herculem
1667 1589 1772 1651 sopitum
1784 1590 1838 1639 nni·

1067 1675 1252 1737 madvertisset,
1265 1674 1412 1725 existimavit
1425 1677 1505 1725 tetum
1517 1675 1615 1738 quidem
1630 1679 1766 1725 armentum
1776 1676 1841 1727 elam

1068 1777 1123 1814 ase
1136 1763 1199 1825 abigi
1220 1777 1269 1814 non
1283 1776 1369 1827 posse,
1382 1761 1457 1811 simul
1474 1762 1548 1811 eliam
1569 1775 1621 1811 rem
1636 1762 1702 1812 tactu
1716 1762 1840 1816 dificilem

1068 1864 1122 1901 esse
1140 1850 1216 1910 vidit3
1234 1850 1278 1901 sed
1293 1862 1383 1914 pancas
1397 1848 1492 1912 aliquot
1502 1848 1534 1899 dc
1550 1848 1586 1899 eis
1603 1847 1627 1898 in
1640 1853 1739 1900 antrum
1758 1852 1841 1914 proxi·

1070 1953 1154 2001 mum,
1179 1939 1221 1990 ubi
1241 1939 1318 1989 ritum
1345 1939 1463 2002 degebat,
1489 1936 1599 1999 abdidit,
1623 1952 1713 2002 easque
1734 1940 1842 2005 singulas

1068 2041 1167 2079 aversas
1180 2029 1338 2092 pereundam
1349 2041 1379 2078 ee
1400 2028 1484 2085 traxit,
1501 2032 1586 2077 contra
1598 2031 1712 2079 naturam
1726 2030 1840 2083 incessus
1928 2070 1931 2075 .

1069 2115 1221 2166 animalium.
1257 2118 1309 2166 Hoc
1336 2115 1400 2166 enim
1420 2114 1493 2165 modo
1510 2115 1570 2165 lorti
1593 2116 1709 2168 indicium
1730 2121 1837 2170 celatum

1068 2211 1099 2260 iri
1116 2212 1244 2277 sperabat.
1258 2213 1325 2277 qnod
1341 2211 1430 2277 ροθυινι
1453 2212 1554 2277 reslig'a
1573 2211 1599 2261 in
1619 2207 1765 2260 contrariam
1783 2219 1840 2270 par·
1890 2221 1900 2246 -·

1069 2302 1119 2360 terp
1134 2299 1357 2351 abtreviderenlur,
1391 2302 1508 2352 Hercules
1529 2313 1587 2350 vero
1607 2312 1664 2349 cnm
1682 2295 1764 2359 paullo
1783 2298 1839 2358 post

1069 2389 1255 2451 expergefaetus
1283 2402 1411 2439 numerum
1439 2388 1513 2439 boum
1542 2385 1716 2439 recensuisset,
1741 2385 1767 2431 et
1795 2395 1839 2430 co-

1069 2474 1193 2539 gnovisset
1207 2480 1268 2540 quot
1288 2475 1415 2538 deessent,
1442 2473 1592 2537 aliquamdiu
1615 2470 1714 2535 quidem
1742 2468 1842 2518 dubita·

1069 2567 1223 2630 vitquonam
1239 2562 1355 2624 ivissent,
1369 2567 1394 2612 et
1406 2562 1475 2626 quasi
1489 2575 1504 2611 a
1520 2560 1619 2625 pascuis
1635 2558 1789 2609 aberrassent
1798 2569 1841 2619 per

1069 2667 1124 2705 eam
1137 2653 1260 2715 regionem
1271 2664 1313 2701 eas
1325 2650 1458 2715 querebat.
1492 2648 1605 2699 sedem
1619 2661 1661 2697 eas
1673 2659 1721 2695 non
1730 2644 1842 2694 insenu-

1070 2743 1123 2802 set,
1138 2740 1169 2790 nd
1186 2739 1326 2803 speluncam
1346 2737 1467 2801 perrexit,
1485 2741 1509 2787 et
1527 2734 1641 2800 ιγυοιονίε
1659 2735 1739 2797 ipsum
1763 2731 1842 2782 rasti·

1070 2830 1110 2891 gia
1126 2840 1272 2891 suspensum
1296 2840 1324 2875 ac
1344 2825 1465 2875 incertum
1487 2823 1645 2881 distinerent,
1674 2820 1842 2870 nibilotameu

1070 2916 1151 2965 secius
1174 2915 1255 2964 locum
1280 2913 1350 2963 illum
1381 2912 1428 2963 sibi
1455 2909 1659 2976 perserutandum
1684 2921 1739 2959 esse
1761 2906 1841 2956 duxit.

1070 3006 1164 3055 Verum
1185 3015 1243 3051 cum
1266 3003 1346 3051 cacus
1366 3000 1523 3064 proforibus
1549 3001 1641 3057 staret,
1660 3000 1686 3047 et
1705 2995 1800 3059 roganti
1814 3006 1843 3044 se

1071 3091 1148 3142 bores
1168 3090 1260 3140 vidisse
1282 3093 1397 3153 negaret,
1417 3089 1489 3151 eique
1512 3089 1635 3151 speluncae
1657 3082 1842 3150 perscrutandas

1070 3180 1215 3243 potestatem
1238 3177 1330 3241 petenti
1359 3176 1499 3240 permittere
1524 3175 1615 3233 nollet,
1635 3172 1678 3223 sed
1706 3173 1841 3223 vicinorum

1071 3267 1146 3317 tidem
1158 3269 1183 3316 et
1197 3265 1315 3314 auxilium
1328 3265 1481 3327 imploraret,
1496 3263 1564 3326 qnasi
1575 3275 1675 3326 gravem
1687 3260 1800 3310 iniuriam
1811 3259 1846 3310 ab

1071 3351 1166 3415 bospite
1187 3350 1322 3413 acciperet,
1338 3349 1438 3419 iteranti
1455 3349 1515 3415 qnid
1532 3349 1557 3398 in
1571 3362 1600 3398 en
1616 3363 1642 3399 re
1662 3351 1742 3398 tacere
1765 3347 1840 3397 debe·

1072 3442 1109 3488 ret
1132 3437 1225 3488 incerto
1251 3438 1359 3488 tandem
1389 3437 1414 3486 in
1435 3439 1539 3486 mentem
1565 3436 1631 3486 renit
1653 3438 1747 3486 ceteras
1768 3433 1843 3485 boses

1072 3525 1104 3575 ad
1120 3526 1259 3589 speluncam
1281 3539 1361 3588 agere.
1395 3526 1625 3586 conantemque
1651 3525 1754 3574 inclusa
1774 3527 1841 3574 erant

1071 3627 1158 3665 vocem
1174 3616 1200 3665 et
1212 3613 1313 3663 odorem
1330 3616 1473 3663 consuetum
1484 3613 1633 3675 sensissent,
1644 3611 1692 3662 iliis
1706 3625 1761 3674 quae
1772 3615 1843 3661 extra

1071 3704 1142 3752 erant
1165 3701 1260 3765 mugitu
1283 3700 1472 3766 responderunt,
1501 3700 1656 3762 ipsarumque
1677 3713 1723 3748 ror
1750 3701 1844 3751 turtum

1072 3787 1198 3837 indicarit.
1232 3789 1311 3836 cacus
1323 3781 1423 3849 quidem
1437 3787 1463 3836 in
1477 3785 1606 3835 manifesto
1620 3785 1739 3835 maleficio
1755 3784 1844 3847 depre-

1071 3874 1164 3923 hensus
1191 3873 1243 3923 rim
1261 3874 1372 3937 perurit,
1394 3876 1420 3923 et
1439 3875 1533 3923 ceteros
1554 3876 1665 3936 pastores
1687 3871 1766 3921 socios
1784 3883 1844 3921 suos

1072 3975 1207 4011 conuocare
1218 3961 1292 4026 ooepit
1311 3975 1317 4003 ι
1337 3960 1589 4011 sediterculcsillum
1608 3959 1678 4009 clara
1698 3970 1843 4021 percussura

1071 4048 1204 4109 interiecit,
1217 4054 1243 4099 et
1251 4049 1334 4100 bubus
1342 4048 1455 4107 eductis,
1470 4049 1583 4111 quoniam
1595 4048 1676 4096 locum
1686 4046 1754 4095 illurn
1767 4045 1841 4097 valde

1071 4134 1224 4183 commodum
1242 4134 1363 4183 latronum
1384 4134 1565 4197 receptaculum
1577 4133 1676 4184 videbat
1695 4146 1768 4196 esse,
1786 4147 1843 4197 spe·

1071 4221 1169 4270 laneam
1182 4219 1257 4269 diruit
1273 4220 1369 4285 furique
1379 4221 1518 4285 superieeil.
1551 4226 1663 4285 cumque
1673 4220 1767 4270 eudem
1779 4234 1845 4284 aqna

1073 4308 1180 4357 tlnminis
1195 4308 1330 4372 expiasset,
1347 4322 1422 4372 prope
1441 4322 1497 4359 eum
1509 4309 1590 4360 locum
1603 4323 1670 4359 aram
1687 4310 1739 4360 lovi
1756 4312 1844 4360 luren-

1072 4394 1119 4446 lori
1137 4394 1240 4454 statuit,
1259 4409 1316 4459 quea
1333 4398 1417 4445 Rome
1438 4400 1476 4446 cst
1494 4396 1525 4446 ad
1543 4400 1637 4461 portam
1656 4398 1843 4461 Trigeminam:

1071 4484 1148 4545 utque
1167 4481 1214 4531 den
1229 4481 1321 4544 gratias
1334 4485 1417 4543 ageret
1429 4482 1461 4532 ob
1474 4483 1585 4533 inventus
1598 4484 1689 4545 boves,
1709 4485 1843 4548 juvencum

1072 4584 1148 4621 unum
1169 4571 1192 4621 ei
1212 4571 1335 4620 mactavit.
1368 4574 1421 4621 Hoc
1442 4571 1589 4621 sacrificinm
1613 4572 1741 4636 usquead
1762 4585 1843 4623 meam

1071 4663 1171 4723 aetatem
1194 4660 1299 4722 populus
1319 4661 1443 4709 Romanus
1464 4660 1580 4721 iaciebat,
1602 4663 1629 4710 et
1646 4661 1671 4709 in
1692 4675 1723 4711 eo
1746 4661 1844 4712 Graeoos

1071 4761 1157 4798 omnes
1170 4747 1230 4798 ritus
1241 4747 1404 4810 observabat,
1414 4749 1620 4812 quemadmodum
1638 4750 1678 4800 itte
1693 4749 1840 4800 instituerat.

1101 4836 1150 4885 XL.
1172 4834 1311 4899 Aborigines
1328 4840 1422 4885 veroet
1444 4836 1563 4897 Arcades,
1583 4837 1627 4900 qui
1649 4837 1736 4887 collem
1756 4834 1845 4886 Palati-

1070 4934 1130 4969 num
1152 4922 1301 4981 incolebant,
1323 4926 1450 4985 postquam
1470 4923 1528 4974 Caci
1550 4928 1654 4974 mortem
1679 4923 1844 4987 cognoverunt

1070 5011 1094 5057 et
1117 5009 1246 5059 Herculem
1266 5010 1395 5069 viderunt,
1422 5010 1490 5060 illum
1510 5009 1609 5074 quidem
1627 5014 1728 5075 propter
1747 5009 1844 5074 rupinas

1071 5094 1154 5157 exosi,
1169 5094 1244 5146 buius
1268 5110 1326 5147 sero
1350 5098 1456 5161 speeiem
1474 5111 1561 5161 magus
1577 5111 1633 5147 cum
1648 5102 1749 5161 stupore
1762 5097 1842 5146 admi-

1069 5186 1166 5245 rantes,
1189 5184 1300 5236 dlrinum
1321 5185 1437 5248 quiddam
1465 5199 1492 5236 se
1515 5184 1596 5237 ridere
1618 5185 1843 5250 parabanturque
