3986 5938
608 401 905 478 ANTIOUlTATUM
926 404 1076 468 ROMAN.
1099 406 1172 467 Lib.
1197 407 1250 468 Xl.
1685 416 1747 478 669

127 533 212 605 καλάς
222 534 308 595 ίτισιν
324 533 356 594 δν
370 537 443 614 αύτῷ
454 533 500 603 τδις
512 534 595 603 δίκας.
610 534 690 596 Meet
702 541 780 597 τοῦτο
792 535 908 607 ἔξουσίας
964 545 1113 598 destitutum
1127 546 1235 609 rideret,
1250 547 1397 599 sententiam
1415 552 1523 609 mutare,
1539 553 1565 604 et
1582 552 1614 604 de
1632 555 1686 606 loro
1698 558 1746 608 tle·

129 625 192 695 ὀσης
219 622 358 684 tratione
380 622 520 703 τυχόντες,
552 625 576 682 ol
605 623 667 705 περί
694 624 738 685 τὸν
762 625 907 705 Οόαλίριον
961 630 1051 686 cedere
1072 639 1174 687 mactus
1187 637 1234 687 est.
1269 636 1342 694 Quod
1365 635 1441 686 etiam
1465 637 1489 689 ei
1515 640 1624 693 maxime
1643 647 1745 709 proruit.

128 716 297 795 ἐνεφοροῦντο
307 714 360 770 τῶν
373 713 443 772 κατδ
458 715 504 785 τῆς
517 712 671 793 ὀλιγαρχίας
687 714 773 792 λόγων
788 714 834 773 καλ
848 714 908 783 τοὺς
962 724 1033 783 llam,
1048 724 1104 776 telis
1123 739 1139 774 a
1156 723 1316 776 multitudiue
1334 723 1430 788 plebeis
1443 726 1554 791 petitus,
1570 744 1656 793 poenas
1668 748 1696 786 se
1709 736 1746 787 di-

127 800 166 860 ίτι
193 800 372 871 ἐνδοιάζοντας
397 799 629 880 ὀξεδημαγιύγουν.
672 797 737 865 Ἔτι
760 802 787 863 δδ
805 803 908 880 μᾶλλον
962 825 1023 877 guas
1035 812 1204 876 persolvisset.
1230 815 1320 865 Postea
1333 812 1448 866 Valerius
1456 828 1514 866 curn
1522 817 1575 869 suis
1586 825 1744 885 potestatem,

85 914 101 952 τ
128 889 337 971 θξηλλοτρίωσαν
366 887 411 948 τδν
436 889 572 949 πολιτικὸν
599 889 677 971 όχλον
708 893 732 951 cl
756 896 802 965 τῆς
830 891 909 973 κόρης
962 902 1081 961 querum
1110 899 1229 951 volebant
1253 898 1374 964 adeptus,
1398 901 1431 952 ed
1458 903 1598 956 satietatem
1621 911 1746 973 usquein

128 986 277 1058 συγγενεῖς,
300 977 392 1051 κλίνην
407 1001 437 1037 τε
458 978 616 1054 κομίσαντες
631 981 668 1046 είς
682 979 731 1052 τὴν
745 981 843 1061 άγορδιν
862 979 908 1041 καί
962 985 1160 1038 decemviratum
1186 991 1225 1039 est
1245 988 1358 1040 invectus
1378 993 1405 1040 et
1427 1003 1483 1053 ecs,
1504 994 1551 1056 qui
1573 994 1657 1047 adbuc
1675 998 1747 1049 uubti

127 1067 171 1128 τδν
188 1067 268 1127 ἄλλον
282 1065 455 1145 κάσμον,τδν
468 1066 604 1149 ἐπιτάφιον
617 1057 670 1127 οἷον
683 1065 806 1129 ἐδύναντο
824 1072 909 1129 πολυ-
963 1079 1043 1135 αιτιοι,
1060 1077 1231 1128 suacratinne
1249 1076 1416 1130 confirmavit.
1467 1079 1517 1131 Serl
1532 1082 1611 1133 multo
1632 1084 1745 1147 magian

128 1154 284 1217 τελίστατον
303 1155 568 1235 παρασκευάσαντες,
588 1156 633 1216 καί
657 1154 706 1229 τὴν
729 1157 841 1240 ὀκφορθιν
861 1162 909 1220 τοῦ
964 1165 1118 1220 decemuiris
1127 1169 1248 1220 urbanam
1261 1169 1363 1221 turbam
1376 1171 1515 1224 alienarunt
1531 1174 1621 1237 puellae
1633 1179 1744 1243 cognati,

129 1241 251 1320 σώματος
270 1244 314 1303 διδ
334 1247 387 1304 τῶν
403 1243 618 1326 ἐπιφανεστάτων
644 1249 691 1317 τῆς
713 1244 813 1313 πόλεως
828 1268 907 1317 ποιη-
965 1253 1030 1305 lectu
1045 1257 1069 1306 in
1090 1257 1171 1308 lcrum
1183 1257 1275 1316 (lelalc,
1290 1261 1315 1309 et
1333 1259 1428 1325 reliqua
1445 1263 1534 1311 ornatu
1553 1262 1657 1329 funebri,
1670 1279 1746 1329 quam

74 1357 102 1395 ιυ
129 1333 239 1411 σάμινοι
261 1335 417 1406 στενωπῶν,
441 1330 499 1393 όθεν
520 1332 572 1394 tet
595 1334 726 1394 πλείστων
749 1335 908 1417 ὀφθήσεσθαι
964 1344 1204 1408 magnificentissima
1224 1349 1370 1411 potuerunt,
1394 1351 1528 1414 apparato,
1548 1352 1575 1400 ct
1594 1350 1681 1403 iuuere
1702 1367 1746 1418 par

128 1421 250 1499 ἔμελλεν.
295 1421 450 1496 Ἐξεπιίδων
473 1422 525 1503 γδιρ
551 1425 581 1483 ἐκ
595 1427 647 1483 τῶν
672 1425 762 1484 οἰκιῶν
787 1422 907 1503 γυναῖκές
963 1434 1129 1487 illustrissima
1141 1435 1213 1486 urbis
1231 1437 1339 1502 compita
1352 1437 1433 1501 elato,
1447 1439 1513 1490 unde
1531 1442 1670 1506 aplurimis
1685 1458 1746 1495 con·

127 1533 157 1569 τε
180 1511 226 1571 καλ
255 1512 396 1590 παρθένοι,
416 1511 447 1571 τδ
471 1512 553 1581 πάθος
576 1515 787 1595 ἀποδυρόμενοι,
808 1516 836 1572 al
860 1513 908 1591 μὲν
964 1521 1025 1585 spici
1042 1527 1150 1585 possent.
1175 1526 1246 1605 *itam
1266 1538 1297 1574 ex
1319 1524 1415 1575 adibus
1431 1526 1576 1578 exsiliebant
1593 1533 1619 1580 et
1632 1529 1746 1582 mulieres

129 1598 194 1671 άνθη
219 1600 264 1660 καλ
286 1599 428 1681 στεφάνους
444 1602 590 1680 βάλλουσαι
614 1601 684 1661 κατδι
702 1606 750 1675 τῆς
764 1602 864 1675 κλίνης,
882 1606 910 1662 al
965 1612 991 1660 et
1004 1610 1129 1676 virgines,
1143 1614 1229 1663 catum
1248 1613 1319 1664 illum
1330 1613 1455 1678 lugentes,
1470 1619 1545 1680 atque
1560 1617 1614 1668 alin
1627 1619 1701 1672 llores
1721 1625 1747 1672 et

128 1685 156 1745 δὲ
170 1690 326 1764 τελαμῶνας
342 1687 361 1759 ἢ
378 1689 488 1770 μίτρας,
513 1692 540 1749 cl
555 1689 583 1749 δὲ
599 1688 740 1771 ὀθύρματα
753 1690 908 1768 κομίζουσαι
965 1701 1070 1753 rnrollas
1085 1702 1111 1752 in
1130 1702 1223 1754 lectum
1244 1703 1387 1767 jaciebant,
1414 1707 1470 1758 alias
1484 1706 1573 1759 fascias
1594 1713 1638 1761 aut
1659 1725 1745 1772 acuas,

74 1795 101 1835 ts
128 1775 291 1856 παρθινικίι,
305 1776 350 1836 καί
367 1777 419 1837 πού
438 1800 505 1847 τινες
531 1778 577 1838 καλ
592 1777 739 1855 πλοκάμων
761 1780 909 1859 άποκειρά-
964 1795 1020 1847 alim
1041 1797 1116 1848 vittas
1137 1798 1262 1865 virginatis
1283 1813 1375 1863 eornm,
1393 1802 1516 1854 nonnullae,
1539 1803 1613 1856 etiam
1629 1805 1747 1858 detonsos

129 1887 207 1940 percu
222 1864 392 1948 βοστρύχους·
432 1861 539 1948 Ἄνδρες
554 1890 583 1927 πν
603 1869 712 1948 πνχννλ,
727 1867 908 1944 impetravere
966 1885 1072 1936 crinium
1087 1888 1210 1937 tcrtcmm
1223 1887 1369 1938 cincinnos:
1389 1890 1498 1942 etmulti
1513 1891 1571 1955 riri,
1585 1907 1617 1944 cx
1630 1895 1747 1959 proximis

128 1955 158 2011 ἐκ
180 1956 232 2011 τῶν
254 1953 367 2025 πλησίον
389 1955 571 2036 ἐργαστηρίων
596 1954 629 2014 el
649 1953 697 2031 μίν
719 1958 792 2036 ὠνῇ,
818 1960 852 2018 τά
878 1956 908 2016 δδ
964 1972 1069 2025 cilicinis
1093 1974 1220 2040 capientes
1250 1976 1298 2027 alia
1328 1978 1415 2040 pretio,
1437 1978 1485 2029 alia
1509 1982 1600 2044 gratis,
1617 1984 1747 2048 exsequiae

126 2039 231 2122 χάριτι,
264 2042 478 2122 συνεπεκόομουν
504 2052 558 2112 τοῖς
585 2044 742 2126 προσφόροις
768 2047 908 2127 δωρήμασι
964 2060 1037 2112 donis
1058 2063 1262 2115 convenientibus
1286 2064 1360 2115 simul
1390 2067 1518 2120 ornabant.
1544 2069 1613 2121 tuce
1637 2072 1747 2124 utillud

126 2128 174 2201 τὴν
190 2130 355 2209 ίκκομιδήν,
370 2129 440 2192 ὥστε
460 2132 618 2213 περιύόητον
634 2132 685 2191 tvl
700 2134 748 2208 τὴν
766 2134 844 2195 πόλιν
857 2159 905 2216 γε·
964 2150 1040 2202 lunas
1060 2164 1105 2216 per
1125 2155 1203 2204 tetam
1222 2153 1309 2204 urbem
1325 2158 1392 2206 esset
1405 2154 1511 2217 celebre,
1525 2159 1551 2207 et
1563 2172 1649 2210 amnes
1661 2160 1694 2211 ad
1706 2161 1747 2211 de·

68 2236 101 2277 au
126 2217 216 2277 νίσθτι
229 2220 260 2279 τὸ
271 2219 366 2292 κῆδος,
381 2219 427 2280 καί
441 2221 590 2300 προθυμίαν
611 2219 731 2291 ἅπαντας
743 2223 905 2283 καταλαύιῖν
964 2239 1127 2290 ceracii-atum
1158 2240 1328 2305 abrogandum
1349 2243 1427 2306 parati
1457 2248 1552 2296 essent.
1573 2248 1622 2298 Sed
1641 2248 1684 2312 qui
1699 2249 1747 2300 de·

125 2309 173 2378 τῆς
184 2310 236 2366 τῶν
250 2310 426 2389 ὀλιγαρχικῶν
442 2310 622 2378 καταλύσεως.
654 2308 760 2370 Ἀλλόί
773 2318 900 2393 φρονοῦν·
963 2317 1116 2369 οειιινίιοςιιτ
1135 2320 1248 2383 partibus
1261 2322 1391 2385 lavabant,
1418 2324 1486 2388 quntl
1510 2340 1580 2378 anna
1602 2328 1745 2392 habuerint,

125 2418 167 2462 τες
180 2397 214 2456 τά
234 2401 281 2469 τῆς
296 2397 450 2478 ὀλιγαρχίας
473 2398 544 2459 ὀπλα
560 2398 664 2479 ἔχοντες
685 2397 754 2479 μέγα
778 2405 907 2482 παρεῖχον
963 2417 1080 2471 maguum
1102 2410 1223 2457 terrorem
1248 2408 1297 2459 illis
1323 2410 1500 2462 incutiebant:
1523 2419 1549 2465 et
1564 2416 1746 2470 Valeriuscum

126 2485 212 2553 αὐτοῖς
228 2484 300 2560 διὀς,
312 2487 339 2545 οἵ
353 2511 383 2547 τε
395 2489 456 2570 περὶ
474 2488 519 2550 τόν
534 2487 682 2568 Οὐαλίριον
694 2490 743 2549 οὐκ
756 2488 845 2564 ἠξίουν
865 2490 905 2553 τί·
965 2492 1017 2544 θπίν
1032 2494 1133 2547 noltbtl
1144 2494 1210 2546 civili
1227 2497 1345 2561 sunguine
1359 2497 1427 2549 litem
1442 2498 1566 2552 dirimere.

126 2596 192 2648 ματι
206 2577 335 2652 πολιτικῷ
355 2577 385 2635 τὸ
404 2578 487 2646 νεῖκος
500 2578 619 2647 διαιοιῑν.

68 2669 100 2712 ²⁶
164 2660 225 2724 XL·
248 2660 291 2722 Τίῑ
308 2659 356 2740 pls
373 2659 406 2735 δὴ
422 2661 493 2721 κατὰ
513 2660 561 2735 τὴν
583 2663 661 2723 πνόῑν
677 2664 851 2734 Wlfflin<
876 2659 908 2738 {lv
994 2696 1042 2745 xi..
1056 2697 1105 2746 lies
1120 2695 1196 2760 igitur
1212 2696 1314 2748 urbanas
1337 2698 1371 2750 its
1386 2700 1491 2754 turbata
1513 2709 1592 2757 erant.
1612 2709 1645 2758 At
1662 2709 1746 2774 Virgi-
1786 2762 1790 2773 ,

124 2757 266 2832 ππρπχπῖς·
281 2749 491 2831 mammii,
508 2749 536 2810 ὃν
549 2750 614 2831 (qu
630 2751 772 2831 θῦῖόλῑῑρν
785 2754 906 2828 Υῑνῖσθαῑ
963 2782 1114 2848 nius,quem
1125 2782 1286 2849 dixlprcpria
1294 2786 1535 2839 manutillamsuam
1546 2792 1747 2858 occidisselaxa-
1811 2830 1814 2835 ·

126 2839 174 2905 τῆς
188 2842 284 2896 ἕννπνῧ
298 2845 439 2929 θνγππρνς.
458 2843 512 2901 άπὸ
528 2845 638 2922 ῥνπῆρνς
659 2848 776 2905 tierent
796 2851 840 2905 iil
859 2848 904 2904 ῗπ·
964 2872 998 2923 tis
1013 2871 1115 2922 habenis
1127 2885 1192 2936 equo
1208 2874 1293 2934 citato,
1315 2875 1381 2926 circa
1392 2879 1560 2941 vespertinum
1575 2885 1745 2946 crepusculum

125 2946 174 2983 πον
189 2924 337 3006 ἆγννννῖπνῑ
357 2926 419 3008 περὶ
438 2928 542 3076 λύχνων
559 2930 629 3013 ἇφίῑς
651 2933 695 2996 ίπλ
710 2932 755 2994 etv
770 2932 834 3014 πρὸς
848 2933 905 2994 Ἀό·
965 2953 1100 3015 adcastra,
1117 2968 1173 3018 qnae
1185 2954 1218 3006 arl
1240 2957 1354 3022 Algidum
1369 2962 1454 3021 erent,
1467 2964 1588 3025 pervenit,
1611 2966 1647 3016 ita
1667 2973 1696 3020 ut
1716 2984 1747 3022 σι

125 3013 190 3091 pap
206 3012 327 3093 χάρακα,
341 3020 618 3093 τοιοῦτοςοοςίκτῆς
633 3022 737 3091 πόλεως
754 3022 904 3103 ἔξίδραμςν,
967 3042 1029 3093 urbe
1049 3043 1178 3106 clluperat,
1208 3047 1278 3094 lctus
1302 3045 1420 3110 sanguine
1454 3062 1611 3116 conspersus,
1638 3058 1665 3106 et
1688 3057 1747 3110 lanii

67 3128 100 3169 ηη
125 3098 221 3176 αἵματι
234 3104 399 3184 πεφυρμίνος
410 3105 481 3174 ἅπας
494 3107 540 3167 καί
555 3108 603 3182 riv
619 3111 778 3192 μαγειρικὴν
790 3113 905 3194 σφαγίδα
964 3132 1072 3183 cultrum
1086 3133 1111 3184 in
1130 3137 1317 3187 manutenens.
1352 3137 1431 3193 Quem
1457 3152 1535 3201 quum
1548 3142 1676 3204 vidissent,
1701 3149 1745 3211 qui

126 3189 169 3249 διδ
182 3190 267 3271 χειρός
280 3192 360 3273 ἔχων.
404 3193 512 3264 Ἰδόντες
526 3196 554 3257 ll
569 3199 648 3259 αὐτὸν
663 3203 687 3260 cl
699 3204 751 3283 πρὸ
764 3206 811 3261 τοῦ
827 3226 904 3284 οτρα·
964 3232 1008 3284 pro
1027 3219 1290 3284 castrisexcubrbant,
1304 3236 1351 3273 non
1367 3226 1483 3288 poterent
1500 3228 1651 3293 conjectare,
1668 3236 1745 3300 quid-

124 3277 234 3339 τοπίδου
248 3279 295 3349 τδς
308 3282 427 3363 φυλακδις
446 3283 634 3365 φυλάττοντες,
650 3292 677 3350 ἐν
695 3290 788 3372 ἀπόρῳ
797 3290 823 3349 τ’
833 3282 902 3364 ἦσαν
964 3322 1023 3358 nam
1034 3308 1204 3368 elaccidisset,
1219 3322 1327 3374 eumque
1338 3314 1514 3376 sequebantur,
1527 3321 1555 3367 nt
1565 3333 1615 3369 rein
1631 3335 1746 3386 maguam

125 3365 179 3427 δτι
192 3368 319 3428 πέπονθεν
338 3371 458 3447 εἰκάσαι,
474 3373 520 3432 καὶ
543 3378 757 3456 παρηκολούθουν
772 3382 808 3448 ὡς
822 3381 901 3442 άκου·
965 3399 992 3447 et
1005 3400 1115 3447 atrocem
1139 3396 1259 3449 audituri.
1294 3399 1338 3449 llle
1350 3414 1425 3462 vero,
1439 3403 1548 3466 primum
1559 3408 1659 3470 quidem
1680 3412 1746 3465 inter

125 3454 232 3533 σύμεναι
254 3456 324 3536 μίγα
338 3467 452 3539 πρᾶγμα
473 3459 520 3519 καὶ
539 3461 633 3523 δνῑνόν.
679 3463 714 3526 Ὁ
728 3464 755 3523 ll
771 3466 836 3535 πίννς
855 3469 902 3546 μὲν
964 3484 1074 3535 eundum
1092 3484 1176 3547 llebat,
1196 3488 1222 3537 et
1243 3487 1324 3537 obviis
1339 3487 1477 3554 quibusque
1501 3491 1655 3557 significabat
1669 3502 1699 3551 ut
1717 3515 1745 3554 sc

71 3558 99 3598 as
112 3544 263 3624 .ὀπορεύετο
276 3545 376 3605 κλαίων
388 3546 433 3606 καί
446 3549 626 3625 διασημαίνειν
640 3553 694 3619 τοῖς
708 3552 789 3629 ὁμόσε
802 3563 905 3636 χωροῦ-
964 3575 1133 3635 sequerentur.
1169 3573 1341 3625 Excurrebant
1355 3582 1675 3646 rerccxteutoriis‚dum
1688 3601 1743 3639 οια-

127 3655 167 3691 σιν
177 3634 336 3693 ἀκολουθεῖν·
354 3634 489 3715 ἐξέτρεχον
501 3638 525 3695 δ’
539 3639 570 3698 δα
583 3641 636 3698 τῶν
646 3644 761 3713 σκηνῶν,
776 3640 806 3708 te
818 3644 904 3706 διεπο-
964 3662 1060 3719 nerent,
1074 3672 1188 3724 perquer
1200 3660 1281 3711 media
1296 3662 1348 3725 ipse
1363 3664 1493 3727 transibat,
1506 3683 1594 3723 omnes
1607 3674 1746 3738 conglobati

131 3721 220 3803 ρεῦνπν
245 3723 343 3803 tituli}
368 3728 530 3795 δῑνπννῧνπςς
553 3727 669 3795 ἅππνπνς
693 3731 795 3807 ἀθρόον,
818 3729 914 3810 φπννίνς
964 3762 1023 3798 cum
1032 3747 1161 3799 lacibuset
1178 3747 1294 3809 lucernis,
1304 3749 1402 3812 angoris
1411 3753 1437 3801 et
1449 3755 1575 3808 tumultus
1584 3758 1659 3824 pleni,
1673 3762 1745 3826 eique

128 3809 233 3891 ίχννπνς
247 3812 293 3872 καὶ
306 3814 466 3892 λαμπάδας,
482 3816 595 3893 ἀγωνίας
609 3817 718 3898 πλήρεις
736 3816 782 3876 καί
805 3815 910 3898 θνρῦὅῳ
964 3836 1106 3887 circumlusi
1136 3836 1311 3899 sequebantur.
1345 3839 1429 3895 Quum
1458 3847 1544 3894 autem
1565 3845 1591 3896 in
1619 3852 1744 3912 patentem

128 3900 312 3982 περιχεόμενοι
326 3902 387 3984 περὶ
397 3903 475 3964 αύτδν
491 3901 664 3977 ἠκολούθουν.
681 3904 760 3967 Ἐπεὶ
775 3907 798 3965 δ’
813 3908 850 3973 εἰς
863 3905 910 3966 τδν
964 3929 1101 3977 mimium
1115 3925 1198 3976 tecum
1211 3926 1331 3988 uenisset,
1350 3930 1418 3977 stans
1430 3928 1456 3979 in
1471 3936 1541 3995 parte
1553 3936 1661 4002 quadam
1667 3939 1743 4006 edita,

71 4010 101 4051 ιο
128 3996 345 4066 άναπεπταμὲνον
353 4001 399 4051 τοῦ
418 3994 594 4074 στρατοπίδου
604 3995 684 4055 τόπον
703 3992 851 4068 illustri
864 4025 908 4077 με·
963 4018 994 4067 nt
1014 4014 1046 4065 ab
1063 4015 1178 4066 omuibus
1197 4017 1310 4080 conspici
1335 4022 1426 4083 posset,
1453 4020 1605 4076 calamitates
1627 4041 1694 4092 suas,
1718 4031 1744 4084 in

126 4075 224 4156 ταύρου
236 4076 304 4144 τινδς
313 4077 386 4151 στάς,
398 4079 466 4139 ὥστε
479 4082 530 4141 ὑπὸ
538 4082 643 4143 πάντων
662 4087 782 4164 ὁρᾶσθαι,
793 4087 908 4166 διηγεῖτο
963 4118 1027 4169 quas
1040 4104 1168 4163 inciderat,
1186 4107 1305 4164 narravit,
1319 4108 1397 4158 testes
1413 4108 1547 4162 verborum
1558 4128 1660 4168 sucrum
1674 4120 1742 4173 exhi·

125 4163 173 4233 τὸς
186 4166 479 4236 καταλαύούσαςαότδν
491 4171 909 4255 συμφοράς,μάρτυραςτῶνλό·
964 4192 1025 4243 bens
1043 4205 1101 4251 ecs,
1130 4189 1174 4254 qui
1198 4203 1229 4240 ex
1251 4191 1313 4243 urbe
1342 4209 1427 4247 secum
1449 4205 1573 4252 venerant.
1606 4207 1743 4273 Postquam

126 4277 180 4330 γων
194 4255 372 4334 παρεχόμενος
382 4259 442 4327 τούς
455 4260 502 4320 σύν
519 4262 593 4345 αύτῷ
608 4268 739 4349 παρόντας
759 4275 789 4334 ἔκ
802 4277 849 4346 τ’ἧς
861 4273 910 4334 πό·
966 4296 1025 4333 vero
1038 4281 1131 4330 multas
1149 4285 1174 4332 et
1195 4281 1308 4346 lugentes
1331 4287 1357 4336 ct
1379 4286 1543 4359 lacrymantes
1557 4296 1741 4364 animadvertit,

126 4342 202 4410 λαως.
218 4341 269 4411 Ὧς
278 4345 305 4403 tl
314 4348 462 4425 κατίμαθιν
472 4352 679 4433 ὀλοφυρομένους
687 4384 717 4421 τι
740 4361 909 4432 πολλοδςκαλ
965 4382 1009 4422 ecs
1020 4366 1160 4432 suppliciter
1175 4381 1247 4420 orare
1263 4371 1338 4437 erepit
1360 4387 1392 4424 ne
1414 4378 1458 4425 aut
1469 4390 1496 4427 se
1513 4378 1617 4432 inultum
1629 4397 1741 4446 manere,

73 4461 100 4500 ts
127 4430 304 4511 tripliciter,
317 4437 353 4504 τίς
366 4437 466 4507 ἱκεσίας
477 4441 524 4501 καὶ
547 4444 649 4516 δεήσεις
665 4453 751 4510 αὐτῶν
765 4454 906 4534 ἐτράπετο,
962 4466 1007 4515 aut
1032 4467 1138 4530 patriam
1153 4465 1276 4518 mntemni
1291 4467 1443 4530 paterentur.
1478 4470 1608 4520 anulnn
1629 4470 1684 4523 boec
1703 4473 1741 4524 di·

128 4516 302 4600 μὴπιριῖδιῖν
317 4521 386 4601 μήτε
409 4528 488 4589 aaut
505 4532 674 4613 ἀτιμώρητον
687 4540 824 4617 γενόμενον
839 4540 907 4618 μήτε
964 4563 1048 4623 centa,
1064 4576 1151 4614 omnes
1165 4563 1249 4628 cupidi
1266 4562 1337 4611 erant
1347 4559 1472 4623 audiendi,
1483 4574 1593 4628 eumque
1606 4566 1740 4619 hortaban-

128 4606 175 4677 τὴν
192 4608 308 4688 πατρίδα
332 4619 611 4697 προπηλακιζομίνην.
662 4630 773 4707 Λέγοντι
795 4628 908 4712 δίαύτῷ
964 4649 1013 4707 mr,
1030 4650 1122 4701 utrem
1141 4653 1220 4703 totam
1242 4652 1363 4717 aperiret,
1377 4654 1528 4716 quapropter
1550 4656 1743 4711 tuncauclacius

128 4699 212 4755 ταῦτα
225 4701 293 4759 πολύ
312 4699 342 4760 τδ
358 4707 516 4783 βουλόμενον
540 4710 568 4778 i}
594 4712 719 4775 ἁπάντων
737 4718 840 4778 άκούιιν
859 4719 908 4780 καλ
961 4734 987 4786 in
1009 4737 1204 4791 decemviratum
1227 4741 1302 4806 cupit
1313 4739 1404 4793 invehi.
1438 4744 1522 4800 Quum
1537 4746 1621 4794 autem
1641 4760 1742 4797 narras·

127 4784 341 4865 ίπικτλευόμενον
351 4792 555 4875 λίγιινόγίνετο.
599 4803 740 4883 Τοιγάρτοι
755 4809 800 4866 καὶ
814 4809 908 4890 θραού·
960 4829 999 4875 set
1017 4827 1136 4878 multnsa
1151 4828 1299 4879 decemviris
1314 4831 1367 4881 suis
1383 4830 1488 4880 lcrtuuls
1506 4830 1633 4895 spolistcs,
1650 4835 1743 4889 multos

71 4902 102 4941 ω
127 4894 200 4952 τερον
210 4875 261 4949 ἤδη
276 4884 425 4955 καθήπτετο
440 4889 487 4956 τῆς
499 4888 654 4970 ὀλιγαρχίαι
667 4892 780 4966 διεξιὼν,
793 4900 829 4964 ὡς
843 4900 907 4958 πολ·
961 4913 1106 4966 vertentur
1137 4915 1314 4967 contumeliose
1341 4929 1434 4973 ταιω.
1464 4921 1489 4969 et
1514 4922 1653 4984 permulta
1674 4925 1742 4978 nulle

127 4962 182 5021 λῶν
201 4964 250 5042 μίν
266 4970 403 5050 θρτίλοντο
423 4970 472 5039 τάς
494 4974 584 5045 οὐσίας
605 4981 630 5038 cl
647 4981 728 5057 δίκα,
753 4986 907 5048 πολλῶνδδ
960 5014 1007 5051 suc
1031 5003 1121 5053 meritc
1141 5016 1169 5053 er
1194 5003 1273 5068 putria
1297 5005 1381 5069 lugere
1395 5009 1513 5057 coactns:
1530 5024 1657 5076 quumque
1671 5012 1740 5066 lusc-

127 5054 244 5134 πληγαῖς
258 5057 386 5138 ᾐκίσαντο
397 5061 431 5121 τά
443 5064 573 5141 στύματα,
587 5070 762 5146 παμπολλους
777 5074 805 5134 δί
818 5085 908 5157 φυγεῖν
960 5089 1061 5142 lentiam
1081 5092 1106 5143 in
1124 5093 1255 5151 mulieres,
1282 5097 1307 5143 et
1322 5093 1445 5157 virginum
1467 5097 1589 5150 nubilium
1604 5106 1702 5168 raptus,
1715 5108 1741 5157 et

127 5144 284 5222 ἠνάγκασαν
300 5150 331 5207 ix
355 5153 400 5223 τῆς
414 5153 540 5235 πατρίδος
555 5156 628 5217 οόδλν
645 5159 838 5237 ἀδικήσαντας,
859 5189 905 5243 γυ-
960 5191 1094 5243 puerorum
1108 5183 1271 5246 ingenuarum
1287 5183 1465 5249 contumelias,
1478 5190 1504 5238 et
1525 5188 1573 5240 alia
1588 5204 1675 5243 eorum
1690 5193 1739 5243 ini-

125 5238 224 5295 ναικῶν
238 5258 268 5295 τε
280 5233 440 5317 ύύρεις,καὶ
460 5242 597 5324 παρθίνων
609 5248 749 5328 ὀπιγάμων
773 5252 905 5336 ἁρπαγάς,
960 5280 1010 5332 qua
1033 5272 1060 5321 et
1079 5271 1189 5322 crudelia
1207 5270 1318 5325 raelncn
1341 5275 1506 5332 recensuisset
1525 5298 1533 5332 τ
1549 5299 1562 5326 ι
1585 5282 1666 5345 Atque
1686 5280 1739 5345 his,
