4070 5926
251 368 312 428 550

252 498 369 559 ἀναίτιον
392 498 471 559 αὐτὸν
493 496 653 577 ἀπέφαινεν,
679 499 749 559 ἀλλὰ
768 500 814 560 καὶ
833 504 869 568 ὡς
887 500 1030 583 κράτιστον

252 593 353 671 ἀνδρῶν
375 587 410 648 τά
437 588 553 665 πολέμια
576 588 623 648 καῖ
649 593 804 670 στρατηγῶν
830 590 1031 670 φρονιμώτατον

252 677 417 738 έπαινεῖσθαέ
426 701 455 736 τι
469 677 515 737 καλ
529 683 658 755 τιμᾶσθαι
672 678 724 738 ὐπὸ
737 679 844 739 πάντων
859 678 942 750 ἠξίου.
956 678 1031 756 Ἔφη

253 769 280 827 δέ
295 770 367 840 δεῖν,
390 770 412 827 εἶ
431 765 478 846 μέν
495 768 592 844 ἀγαθὸν
606 767 706 828 οἴονται
726 770 801 836 τέλος
826 768 962 851 εἰληφέναι
985 769 1031 828 τὸν

212 878 224 913 a
252 856 384 935 πόλεμον,
402 854 561 937 ἀμφοτέροις
575 855 648 935 σφίσι
666 853 714 927 τὴν
733 855 813 936 χάριν
835 858 944 917 εἰδέναι·
965 860 989 916 εἷ
1004 856 1031 916 δέ

252 944 383 1026 πονηρδν,
395 944 559 1025 ἀμφοτέρους
576 947 701 1022 ζημιοῦν·
719 945 794 1005 κοινὰ
808 943 861 1025 γάρ
883 945 1031 1014 αὐτοῖςκαὶ

252 1034 286 1093 τίι
302 1034 467 1114 βουλεύματα
481 1036 527 1092 καὶ
541 1032 575 1091 cd
591 1034 656 1112 ἔργα
667 1033 713 1093 καὶ
727 1032 776 1100 τάς
794 1036 825 1093 έκ
835 1039 882 1093 τοῦ
894 1034 1031 1113 δαιμονίου

251 1125 336 1203 τύχας
346 1123 491 1203 γεγονέναι.
534 1113 589 1184 Ἦν
610 1124 632 1181 δ’
646 1123 675 1181 οὐ
697 1122 774 1200 μόνον
788 1122 892 1202 δλόγος
911 1130 958 1183 τοῦ
978 1128 1031 1184 ἀν-

254 1212 330 1292 δρὸς,
345 1213 415 1272 ἀλλὰ
436 1215 482 1272 καὶ
505 1216 519 1270 δ
539 1212 594 1291 βίος
610 1209 724 1287 πείθοιν,
746 1212 773 1269 ἐν
796 1211 895 1271 ἅπασιν
919 1212 1031 1284 ἐξητασ-

201 1316 226 1354 ltl
253 1298 330 1377 μένος
340 1298 425 1381 έργοις
436 1302 553 1376 ἀγαθοῖς.
596 1302 708 1377 Προσῆν
723 1299 751 1358 δὲ
770 1298 888 1376 τούτοις,
910 1299 1031 1359 θπλεῖσ·

252 1412 296 1449 τον
318 1390 436 1461 ἐκίνησεν
454 1379 562 1467 οἶκτον,
591 1389 675 1470 ὄψεως
699 1391 794 1467 σχῆμα
818 1387 955 1465 συμπαθές
976 1378 1029 1447 οἷον

251 1479 313 1558 περὶ
336 1478 428 1545 αὐτοὺς
450 1477 508 1545 τούς
527 1477 690 1546 πεπονθότας
710 1476 727 1548 ή
752 1478 896 1552 μέλλοντας
915 1478 1029 1557 πάσχειν

252 1571 286 1626 τθι
301 1566 373 1627 δεινδ
385 1567 502 1645 γίνεσθαι
517 1568 597 1645 φιλεῖ.
640 1564 724 1626 Ὥστε
745 1566 791 1625 καῖ
804 1563 863 1632 τούς
880 1565 1028 1646 προσήκον-

252 1678 300 1723 τας
323 1663 377 1722 τοῖς
406 1656 559 1716 ἀπολωλόσι
594 1654 641 1714 καί
668 1655 810 1723 δοκοῦντας
844 1655 1029 1723 ἀδιαλλάκτως

201 1759 226 1797 rs
252 1743 323 1824 ἔχειν
337 1745 402 1822 πρὸς
416 1742 460 1802 τδν
475 1741 557 1803 ειίτιόν
574 1767 648 1823 σφισι
661 1746 709 1810 τῆς
724 1755 861 1825 συμφορᾶς
872 1742 1030 1821 μαλακωτέ-

254 1857 313 1915 ρους
330 1832 462 1909 γενέσθαι,
488 1832 534 1891 καὶ
549 1833 694 1893 ἀποθίσθαι
717 1832 765 1906 τήν
791 1833 890 1913 ἀργήν,
914 1836 950 1900 ῶς
966 1833 1031 1903 ἐδή-

252 1926 350 1983 λωσαν.
373 1924 560 1982 ’λναδοθεισῶν
575 1921 626 2003 γάρ
641 1927 694 1982 τῶν
715 1922 811 2003 ψήφων
830 1921 941 1997 οὐδεμία
961 1919 1029 2001 φυλὴ

252 2015 297 2069 τοῦ
318 2010 410 2089 ἀνδρὸς
420 2010 635 2091 κατεψηφίσατο.
677 2009 711 2070 Ὁ
731 2009 779 2085 μὲν
799 2001 900 2070 οὐντδν
917 2006 1029 2088 Σερουί-

252 2101 308 2157 λιον
327 2096 489 2158 καταλαύὼν
509 2099 626 2165 κίνδυνος
639 2096 759 2158 τοιούτου
774 2099 865 2163 τέλους
884 2096 989 2177 ἔτυχεν.

199 2205 227 2244 ευ
293 2187 426 2248 XXXIV.
453 2190 494 2247 Οὐ
514 2188 606 2268 πολλῷ
629 2187 657 2246 δὲ
680 2184 787 2268 ὕστερον
811 2186 900 2267 χρόνῳ
917 2185 1030 2265 στρατιά

253 2276 397 2354 Ῥωμαίων
419 2274 525 2347 ἐξῆλθεν
546 2276 590 2337 ini
604 2277 773 2359 Τυρρηνοὺς,
788 2276 899 2355 ’ἄγοντος
920 2274 1030 2355 θατέρου

251 2364 303 2419 τῶν
314 2361 420 2420 ὐποίτων
436 2360 554 2422 Ποπλίου
566 2360 724 2438 Οὐαλερίου.
738 2359 858 2432 Συνέστη
869 2359 921 2441 γάρ
933 2355 1005 2427 αὐθις
1015 2364 1029 2434 ή

253 2453 417 2511 Οὐιεντανῶν
441 2450 561 2528 δύναμις,
588 2450 772 2531 προσθεμένων
791 2447 878 2517 αὐτοῖς
896 2448 1029 2523 Σαόίνων,

253 2538 278 2598 οἳ
295 2538 359 2608 τέως
370 2543 506 2606 ὀκνοῦντες
523 2541 610 2607 αὐτοῖς
628 2537 790 2619 συνάρασθαι
804 2543 849 2597 τοῦ
864 2537 981 2614 πολέμου
996 2542 1031 2605 ῶς

197 2636 226 2686 bs
254 2629 391 2689 ἀδυνάτων
406 2630 561 2710 ἀραμένοις,
581 2628 653 2704 τότε,
675 2629 767 2701 ἐπειδὴ
787 2627 835 2699 τήν
852 2650 880 2687 τε
898 2627 1030 2698 Μενηνίου

253 2723 337 2800 φυγήν
352 2722 469 2798 ἔγνωσαν
483 2717 529 2777 καί
544 2718 588 2777 τὸν
601 2716 782 2796 ίπιτειχισμδν
798 2721 844 2775 τοῦ
856 2716 969 2788 πλησίον
983 2720 1031 2787 τῆς

252 2807 363 2887 Ῥὼμης
377 2808 464 2886 ὄρους,
472 2809 681 2866 τεταπεινῶσθαι
691 2806 846 2883 νομίσαντες
855 2806 901 2873 τάς
910 2829 939 2864 τι
951 2806 1030 2866 δυνά-

252 2919 310 2975 μεις
323 2896 369 2963 nl<
383 2894 524 2974 Ῥωμαίων
538 2894 583 2952 καὶ
595 2893 625 2953 τὸ
638 2894 762 2976 φρόνημα
773 2897 820 2966 τῆς
835 2895 936 2961 πολεως
947 2899 1027 2967 ἡττῆ-

251 2991 322 3060 σθαι,
331 2983 527 3060 συνιλοίμθανον
536 2984 588 3050 τοῖς
595 2984 739 3063 Τυρρηνοῖς
749 2983 850 3056 πολλὴν
858 2985 1030 3045 ἀποστείλαν·

198 3101 224 3139 aa
250 3097 292 3141 τες
306 3072 427 3149 δύναμιν.
441 3074 476 3131 Ol
488 3070 515 3129 δέ
534 3070 689 3131 Οὐιεντανοὶ
702 3095 736 3150 τη
755 3094 783 3128 τε
793 3068 906 3153 σφετέρᾳ
921 3071 1030 3147 δυνάμει

250 3160 451 3232 πεποιθότεςκαῖ
461 3164 493 3241 τῇ
502 3160 625 3222 Σσόίνων
633 3160 727 3219 νεωστὶ
738 3158 839 3238 ἡκούσῃ
849 3158 895 3219 καί
902 3157 948 3227 τάς
955 3157 1028 3238 παρὰ

250 3256 302 3313 τῶν
313 3252 399 3313 ἀλλων
408 3255 554 3331 Τυρρηνῶν
570 3250 719 3330 ἐπικουρίας
733 3251 924 3329 περιμένοντες,
935 3254 1029 3328 προθυ-

251 3344 315 3421 μίαν
327 3339 373 3419 μέν
383 3332 456 3422 εἶχεν
469 3343 512 3400 tat
521 3340 569 3414 τήν
579 3339 687 3419 Ῥώμην
700 3337 817 3398 ἐλαύνειν
825 3342 863 3420 τῷ
875 3336 975 3398 πλείονι
983 3342 1030 3410 τῆς

251 3430 379 3512 σφετέρας
391 3440 526 3510 στρατιᾶς,
535 3434 571 3499 ὡς
583 3428 683 3497 οὐδενὸς
699 3429 786 3496 αὐτοῖς
796 3427 877 3507 όμόσε
888 3428 1027 3508 χωρήσον-

196 3541 223 3582 ab
250 3543 302 3594 τος,
314 3519 382 3580 ἀλλά
398 3521 466 3578 δυεῖν
480 3520 598 3590 θάτερον,
613 3516 631 3590 ἣ
648 3520 678 3577 ίκ
693 3517 863 3596 τειχομαχίας
877 3517 1029 3594 αἱρήσοντες

248 3603 298 3674 τήν
322 3600 398 3662 πόλιν
422 3599 440 3673 ἢ
464 3602 536 3677 λιμῶ
560 3600 795 3681 κατεργασόμενοι.
848 3598 972 3684 Ἔφθασε
998 3603 1026 3664 δὲ

248 3692 297 3762 τὴν
312 3690 481 3773 ἐπιχείρησιν
497 3692 613 3750 αὐτῶνθ
632 3690 797 3771 Οὐαλέριος,
816 3694 843 3750 ἐν
859 3683 881 3772 ᾧ
900 3691 939 3750 ἔτι
950 3691 1026 3767 ἔμελ-

248 3784 293 3840 λον
307 3782 402 3840 έκεῖνοι
418 3778 464 3838 καλ
479 3778 537 3846 τούς
552 3780 736 3859 ὑστερίζοντας
753 3779 913 3861 συμμάχους
928 3780 1026 3857 ἀνέμε-

248 3892 308 3942 νον,
321 3869 398 3936 αὐτδς
414 3866 521 3946 ἀγαγὼν
537 3866 681 3945 Ῥωμαίων
696 3868 745 3939 τήν
767 3867 912 3948 κρατίστην
937 3870 1028 3946 ἀκμὴν

194 3969 223 4006 ⁴⁰
248 3958 294 4016 καὶ
305 3958 336 4017 τδ
348 3959 422 4037 παρὰ
434 3961 486 4017 τῶν
509 3957 659 4037 συμμάχων
672 3956 853 4037 ἐπικουρικὸν,
869 3958 917 4016 οὐκ
931 3960 961 4017 ἐκ
980 3963 1025 4017 τοῦ

248 4053 360 4127 φανεροῦ
381 4046 561 4124 ποιησάμενος
581 4044 630 4118 τήν
651 4043 753 4121 ίξοδον,
777 4046 885 4112 ἀλλ’ὡς
907 4048 1025 4122 μάλιστα

247 4134 375 4205 λήσεσθαι
399 4134 492 4201 αὐτοὺς
519 4134 625 4211 ἔμελλε.
678 4132 819 4214 Προελθὼν
847 4132 900 4214 γάρ
925 4138 955 4194 ἐκ
979 4139 1026 4209 τῆς

247 4220 357 4299 Ῥώμης
376 4223 436 4304 περὶ
460 4222 548 4294 δείλην
560 4223 655 4303 ἀρίαν,
668 4223 713 4282 καὶ
727 4222 821 4288 διαύὰς
837 4222 880 4279 τὸν
898 4221 1023 4302 Τίύεριν,

248 4312 279 4370 οὐ
298 4308 403 4389 μακράν
425 4310 551 4392 ἀποσχὼν
568 4317 616 4383 τῆς
631 4312 747 4383 πόλεως,
763 4312 1024 4390 κατεστρατοπέδευ·

191 4420 219 4460 ευ
246 4423 302 4462 σεν.
342 4397 449 4460 'Eneca’
465 4400 617 4472 ἀναστήσας
639 4400 689 4472 τὴν
713 4400 841 4480 στρατιδιυ
858 4399 918 4480 περὶ
942 4401 1024 4478 μέσας

246 4491 340 4558 νύκτας
367 4481 431 4569 ἦγεν
459 4492 487 4549 έν
509 4489 605 4569 τάχει,
625 4490 672 4549 καῖ
696 4488 759 4567 πρίν
783 4489 886 4569 ἡμέραν
901 4489 1023 4570 γενέσθαι

245 4578 346 4660 θατέρῳ
359 4577 461 4660 χάρακι
473 4580 526 4636 τῶν
536 4578 671 4657 πολεμίων
689 4577 813 4640 έπέόαλε.
856 4579 909 4640 Δύο
925 4579 976 4659 γάρ
990 4571 1022 4653 ἦν

245 4668 432 4747 στρατόπεδα,
452 4667 534 4747 χωρίς
550 4667 597 4745 μέν
608 4667 639 4727 τδ
658 4669 817 4748 Τυρρηνῶν,
832 4667 940 4748 ἑτέρωθι
953 4669 980 4727 δέ
992 4670 1023 4728 τὸ

246 4756 384 4829 Σαύίνων,
400 4759 430 4816 οὐ
446 4754 490 4815 διὰ
503 4762 606 4836 μακροῦ
620 4758 745 4831 ἀλλήλοιν
757 4756 902 4835 ἀπέχοντα.
922 4755 1021 4838 Πρώτη

189 4863 218 4900 υν
245 4844 273 4906 δέ
292 4846 471 4927 προσαγαγὼν
488 4845 536 4917 τήν
555 4843 667 4923 δύναμιν
686 4850 719 4927 τῇ
735 4843 859 4906 Σαὸένων
876 4868 1022 4925 στρατοπε·

245 4932 317 5013 θεία,
333 4933 547 5011 καθυπνωμένων
561 4932 601 4993 ἔτι
618 4939 671 4994 τῶν
686 4933 819 4994 πλείστων
837 4932 883 4994 καὶ
898 4935 1022 5010 οὐδεμιᾶς

243 5019 323 5093 οῦσης
346 5022 483 5101 ἀξιολόγου
508 5024 641 5102 φυλακῆς,
664 5014 706 5083 οῖα
727 5027 754 5082 iu
775 5021 850 5105 φιλίφ
864 5045 893 5082 τε
916 5026 951 5103 γῇ
974 5023 1020 5084 καὶ

243 5109 314 5169 κατδ
332 5110 432 5183 πολλὴν
453 5111 599 5192 ὑπεροψίαν
613 5117 667 5172 τῶν
685 5114 821 5189 πολεμίοιν
838 5112 943 5192 οὐδαμῇ
966 5115 1020 5189 ἀγ-

244 5196 425 5283 γελλομένων,
439 5197 465 5266 ii
481 5197 572 5279 ἐφόδου
587 5199 687 5277 γίνεται
700 5202 781 5272 αὐτῆς
793 5200 933 5279 ἐγκρατής.
955 5201 1018 5261 Τῶν

777 367 942 430 DlONYSll
964 368 1342 434 HALlCARNASSENSlS

1087 510 1169 561 solum
1179 511 1287 563 alienum
1305 525 1362 563 eum
1376 525 1391 562 a
1405 512 1478 577 culpa
1490 506 1740 576 pronuntiaritssed
1751 516 1828 567 etiam
1842 521 1873 569 ut

1087 595 1170 646 vuum
1188 596 1225 647 rei
1245 596 1361 647 militaris
1373 597 1569 662 peritissimum,
1590 602 1616 650 et
1627 597 1717 649 ducem
1737 600 1874 663 sapientis·

1087 684 1192 743 simum,
1213 684 1246 736 ab
1257 685 1374 736 omuibus
1392 685 1489 736 laudari
1510 700 1540 736 ac
1554 686 1671 737 honorari
1690 700 1791 751 equum
1814 702 1873 740 esse

1087 773 1219 833 censebat;
1230 772 1390 838 addiditque,
1404 773 1425 824 si
1439 774 1591 826 bochellum
1607 774 1713 826 feliciter
1724 778 1872 832 confectum

1086 862 1267 923 existimarent,
1294 862 1417 913 ambobus
1437 862 1485 914 sibi
1516 863 1623 928 gratiam
1649 863 1804 928 habendam
1828 865 1872 916 sin

1085 948 1226 1011 infeliciter,
1238 949 1326 1000 ambos
1339 964 1372 1000 ex
1382 964 1457 1016 aquo
1470 950 1647 1002 mulctandos:
1662 965 1722 1002 nam
1731 956 1757 1003 et
1766 953 1874 1004 consilia

1086 1041 1112 1090 et
1126 1037 1201 1099 facta,
1226 1042 1251 1089 et
1267 1037 1376 1089 fortuna
1390 1052 1465 1089 casus
1479 1039 1527 1090 sibi
1544 1054 1689 1092 communes
1697 1039 1784 1092 fuisse.
1815 1043 1874 1092 lion

1087 1127 1167 1177 solum
1178 1130 1263 1177 autem
1281 1128 1336 1191 eius
1347 1127 1436 1187 oratio,
1454 1127 1498 1180 sed
1518 1128 1597 1180 etiam
1616 1130 1734 1181 omuibus
1753 1129 1781 1180 ln
1793 1131 1874 1183 rebus

1086 1217 1196 1279 spectata
1211 1215 1271 1266 viro
1284 1216 1409 1280 probitas,
1422 1216 1542 1268 fronciaco
1551 1219 1686 1270 monebat:
1702 1218 1790 1270 admat
1803 1233 1873 1284 prm·

1086 1304 1234 1369 tereaquod
1254 1306 1390 1357 maximam
1411 1307 1596 1359 miserationem
1617 1308 1766 1369 concitavit,
1783 1309 1875 1359 uultus

1086 1394 1147 1459 ipsis
1167 1392 1302 1446 affectibus
1323 1396 1492 1461 respondens,
1505 1398 1587 1461 qualis
1599 1411 1654 1449 esse
1671 1399 1736 1449 solet
1754 1399 1873 1455 illorum,

1084 1482 1129 1548 qui
1143 1483 1238 1533 atrocia
1257 1482 1323 1535 mala
1337 1484 1377 1535 rel
1389 1485 1442 1549 jam
1459 1486 1569 1550 perpessi
1581 1487 1622 1537 rel
1640 1488 1784 1552 perpessuri
1799 1491 1873 1545 sunt,

1085 1571 1162 1622 itaut
1176 1572 1253 1622 etiam
1267 1586 1389 1624 caesorum
1405 1575 1552 1633 necessarii,
1571 1575 1616 1639 qui
1639 1575 1811 1640 implacabiles
1830 1577 1876 1626 ri·

1085 1659 1215 1719 debentur,
1237 1660 1333 1711 auctori
1356 1675 1409 1712 sum
1423 1661 1611 1716 calamitatiase
1626 1662 1739 1713 mitiores
1763 1667 1877 1728 praeta·

1085 1754 1149 1809 rent,
1162 1750 1275 1815 iramque
1283 1749 1443 1814 deponerent,
1459 1754 1488 1802 ut
1497 1764 1525 1802 rc
1537 1753 1597 1816 ipso
1606 1750 1767 1801 declararunt
1783 1766 1873 1809 :naun

1086 1837 1179 1902 pupulo
1193 1838 1218 1887 in
1235 1836 1354 1902 suffragia
1374 1839 1459 1897 misse,
1477 1839 1590 1889 omnium
1604 1838 1718 1889 tribuum
1740 1837 1875 1905 suffragiis

1085 1931 1124 1977 est
1133 1910 1274 1979 absolutus.
1307 1929 1450 1980 Periculum
1462 1929 1546 1993 igitur,
1566 1928 1591 1979 ln
1613 1928 1683 1993 quod
1695 1930 1818 1981 Servilius
1830 1931 1875 1982 ia·

1086 2015 1188 2074 ciderat,
1202 2016 1269 2067 hunc
1281 2017 1369 2068 habuit
1377 2017 1483 2069 exitum.

1116 2189 1223 2239 lllililv.
1250 2189 1305 2237 tlon
1319 2186 1399 2237 multo
1424 2191 1480 2251 post
1510 2190 1678 2240 Romanorum
1701 2189 1827 2242 exercitus
1844 2189 1874 2240 iu

1085 2287 1203 2336 Etruscos
1215 2285 1320 2336 alterius
1333 2285 1444 2337 consulis
1460 2289 1489 2337 P.
1502 2288 1596 2338 Valerii
1610 2288 1689 2339 ductu
1710 2293 1748 2340 est
1769 2288 1876 2354 profec-

1085 2384 1134 2432 tus.
1168 2383 1340 2433 Rursusenim
1353 2382 1495 2433 Veientium
1509 2386 1635 2436 exercitus
1646 2390 1750 2437 coactus
1759 2390 1812 2443 est,
1826 2388 1873 2438 cui

1084 2481 1168 2533 Sabini
1178 2495 1205 2532 se
1215 2481 1383 2546 adjunxerunt
1394 2482 1447 2547 qui,
1457 2497 1537 2548 quum
1551 2484 1699 2551 aliquandiu
1711 2502 1738 2537 se
1751 2486 1783 2537 ad
1798 2486 1873 2538 illam

1084 2577 1143 2628 belli
1153 2578 1297 2628 societatem
1316 2577 1408 2629 addere
1424 2577 1644 2644 refunnidasseut,
1663 2584 1732 2648 quod
1756 2583 1792 2634 illi
1813 2599 1872 2645 res,

1083 2676 1200 2740 quasfieri
1212 2690 1260 2725 nou
1270 2678 1394 2741 poteraut,
1405 2674 1563 2740 affectarent,
1574 2682 1642 2738 tunc,
1653 2693 1732 2744 quum
1740 2682 1873 2743 cognoris-

1084 2779 1139 2826 sent
1151 2776 1304 2835 Menenium,
1314 2776 1487 2839 profligatum,
1505 2781 1531 2827 et
1552 2778 1699 2842 praesidium
1715 2780 1741 2830 in
1754 2781 1873 2845 proximo

1083 2872 1140 2924 urbi
1155 2876 1240 2924 monte
1252 2872 1435 2924 communitum
1452 2874 1519 2924 vires
1529 2875 1615 2940 populi
1627 2877 1732 2927 Romani
1745 2877 1869 2937 atllictas,

1083 2970 1229 3034 animosque
1244 2969 1299 3033 ejus
1315 2968 1407 3019 fractos
1416 2972 1584 3034 confusosque
1599 2971 1664 3029 rati,
1684 2971 1770 3023 missis
1780 2972 1872 3036 ingen·

1083 3066 1151 3117 tibus
1164 3065 1250 3130 copiis,
1264 3067 1384 3116 Etruscos
1395 3066 1525 3130 iuverunt.
1558 3067 1676 3119 Veientes
1687 3082 1763 3129 vero,
1777 3074 1804 3120 et
1814 3071 1871 3121 suis

1082 3166 1108 3213 et
1131 3163 1279 3213 Sabinorum
1301 3163 1378 3227 coplis
1398 3176 1484 3214 recens
1500 3164 1617 3216 adductis
1641 3164 1707 3225 freti,
1735 3170 1871 3219 scatens

1082 3259 1195 3311 Etruscis
1215 3259 1309 3309 auxilia
1335 3262 1521 3322 exspectantes,
1547 3260 1628 3322 parati
1656 3263 1728 3310 crant
1760 3263 1868 3312 Romam

1082 3357 1161 3421 ipsam
1174 3360 1258 3422 petere
1275 3370 1332 3406 curn
1351 3358 1446 3421 majore
1457 3342 1496 3407 sui
1510 3359 1636 3409 exercitus
1646 3363 1726 3423 parte,
1738 3364 1870 3425 sperantes

1082 3453 1180 3505 nullum
1206 3468 1291 3504 secum
1314 3454 1430 3518 congredi
1451 3468 1590 3505 ausurume
1620 3455 1665 3506 sed
1684 3469 1713 3507 se
1732 3470 1747 3507 e
1767 3456 1869 3508 duobus

1083 3549 1190 3601 alterum
1210 3549 1334 3610 facturos,
1361 3554 1405 3600 aut
1428 3552 1515 3601 urbem
1536 3551 1563 3601 ri
1593 3557 1794 3617 expugnaturos,
1821 3559 1866 3605 aut

1084 3649 1148 3699 fame
1167 3647 1330 3698 confecturos.
1365 3647 1415 3697 Sed
1432 3648 1547 3698 Valerius
1569 3662 1656 3699 eorum
1676 3654 1782 3701 conatus
1800 3665 1868 3716 pra·

1082 3745 1159 3803 venit,
1170 3743 1232 3794 dum
1244 3743 1282 3794 illi
1295 3743 1379 3794 adbuc
1390 3744 1573 3795 cunctabantur
1581 3749 1609 3796 et
1621 3746 1746 3801 socierum
1762 3749 1867 3799 tardau-

1083 3845 1148 3895 tium
1160 3844 1253 3895 auxilia
1274 3844 1461 3908 exspectabant,
1482 3845 1536 3909 ipse
1547 3858 1605 3896 cum
1619 3846 1756 3899 lectissimo
1769 3852 1864 3900 Roma·

1081 3956 1120 3992 πει
1130 3940 1272 4005 juventutis
1284 3941 1372 3991 robore
1393 3944 1419 3993 et
1429 3942 1553 3993 sociorum
1563 3944 1648 4008 copiis,
1667 3959 1716 3996 nen
1728 3947 1808 4011 palam
1818 3947 1865 3998 sed

1081 4055 1157 4106 quam
1169 4039 1338 4091 occultissime
1357 4040 1448 4104 poluit,
1461 4055 1587 4104 egressus.
1620 4046 1682 4094 Nam
1694 4045 1797 4096 circiter
1812 4060 1867 4097 res-

1082 4138 1207 4202 pertinum
1216 4137 1391 4202 crepusculum
1404 4137 1534 4202 productis
1547 4154 1579 4190 er
1595 4140 1658 4192 urbe
1669 4142 1756 4208 copiis,
1770 4147 1796 4194 et
1810 4147 1864 4194 tra·

1080 4236 1145 4300 jecto
1155 4235 1251 4295 Tiberi,
1263 4250 1312 4286 non
1326 4235 1413 4299 procul
1426 4235 1459 4286 ab
1472 4235 1535 4288 urbe
1547 4241 1630 4289 castra
1641 4240 1734 4304 posuit.
1768 4241 1866 4292 Deinde

1079 4328 1144 4378 circa
1165 4328 1273 4409 *mediam
1301 4333 1400 4381 noctem
1426 4332 1562 4385 excitatum
1588 4339 1726 4390 exercitum
1750 4342 1866 4396 celeriter

1078 4423 1179 4483 eduxit;
1196 4427 1234 4485 et,
1249 4426 1382 4489 autequam
1404 4424 1458 4477 dies
1477 4426 1643 4491 illucesceret,
1661 4433 1739 4484 altera
1753 4436 1865 4490 hostium

1078 4521 1159 4567 eastra
1180 4522 1222 4569 est
1250 4518 1362 4571 adortus.
1399 4522 1459 4572 ilina
1485 4523 1550 4574 enim
1582 4530 1654 4577 eraut
1683 4534 1766 4579 castra
1791 4544 1863 4581 seor-

1078 4625 1133 4663 sum
1153 4613 1247 4678 pesita,
1266 4628 1312 4664 nec
1331 4627 1419 4680 magno
1443 4615 1573 4668 interuallo
1595 4619 1660 4671 inter
1681 4635 1708 4673 se
1729 4621 1862 4685 distantia;

1077 4722 1313 4780 unalitrusoorum,
1324 4718 1404 4769 altera
1423 4718 1582 4771 Sabinorum.
1616 4719 1665 4772 Sed
1684 4721 1754 4785 prius
1768 4722 1800 4773 ad
1816 4724 1864 4773 Sa-

1077 4823 1192 4874 binorum
1213 4822 1295 4871 castra
1311 4818 1420 4870 admotis
1438 4819 1530 4884 copiis,
1552 4834 1632 4886 quum
1652 4821 1756 4886 plurimi
1778 4822 1865 4874 adbuc

1076 4938 1162 4975 somno
1186 4923 1260 4987 sopiti
1275 4925 1366 4983 essent,
1389 4921 1510 4988 nullaque
1528 4923 1643 4976 custodia
1664 4925 1727 4977 sutis
1742 4927 1814 4977 iluna
1836 4927 1862 4977 in

1076 5018 1136 5082 ipsis
1155 5018 1245 5068 castris
1264 5019 1341 5074 esset,
1368 5014 1435 5081 quod
1456 5016 1481 5066 iu
1503 5020 1592 5081 pacato
1614 5032 1674 5083 agro
1692 5018 1755 5069 nihil
1778 5020 1864 5070 minus

1075 5129 1152 5180 quarn
1166 5116 1265 5166 hostem
1286 5114 1417 5170 timerent,
1434 5113 1466 5165 de
1484 5127 1537 5178 quo
1551 5114 1649 5165 nullum
1661 5116 1777 5168 nuntium
1788 5130 1860 5167 acce·

1075 5212 1172 5274 perant,
1193 5208 1233 5258 bis
1252 5207 1333 5271 primo
1358 5207 1454 5271 impetu
1479 5204 1584 5270 petitur.
1618 5206 1656 5258 lbi
1684 5206 1726 5258 alii
1749 5208 1776 5257 in
1799 5207 1865 5272 ipsis
