4052 5926
114 1391 142 1431 lo

113 2726 142 2765 fib

645 433 941 509 ANTIQUtTATUM
964 433 1112 493 ROMAN.
1133 429 1207 496 LIB.
1234 432 1286 496 vl.

167 572 256 633 δίκαιοι
270 567 369 649 πάσχοι
381 565 587 646 διαύεύλημένος
601 566 645 627 ὑπ’
660 569 746 627 οὔτῶν
759 565 825 647 πρὸς
838 564 882 625 τδν
900 566 946 637 ts·
996 574 1099 638 gnotus,
1111 575 1138 622 et
1155 571 1185 623 ds
1199 571 1300 624 iniustis
1319 585 1406 624 eorum
1425 572 1555 626 calumniis
1574 573 1640 640 npnd
1661 574 1780 639 populum

1719 435 1778 497 etr

172 684 220 738 μον
238 658 379 735 ὀνειδίσας,
393 656 441 728 τάν
454 680 483 717 τι
498 655 645 734 μέλλουσαν
660 653 860 737 καταλήψεσθαι
880 662 947 734 epse
1000 665 1161 728 conquestus,
1170 662 1330 727 etdeploroto
1339 662 1521 715 inteliciletinm
1528 662 1685 715 consiliorum
1696 664 1781 716 tuturo

169 749 252 831 τύχην
263 751 373 807 τοιαῦτα
394 745 618 826 βουλευσαμένους
631 742 879 821 ἀνακλαυσάμενος,
901 743 948 802 καλ
1001 752 1085 813 exitu,
1098 752 1125 802 st
1138 749 1182 816 (ut
1200 750 1263 802 solet
1278 750 1392 802 accidere
1404 752 1430 802 in
1441 751 1486 803 tuli
1503 751 1600 815 malo),
1615 751 1707 817 partim
1727 766 1780 817 prce

169 829 211 898 οία
224 835 292 904 είκδς
312 838 338 896 lv
353 832 462 914 τοιούτῳ
476 838 562 914 κακιῖι,
577 833 611 894 τὰ
626 832 674 912 μὲν
697 835 729 894 ίκ
743 832 858 910 πάθους,
872 832 906 893 τά
920 830 948 892 δὲ
1002 839 1208 905 dolore,ps1tim
1224 839 1298 890 otiam
1320 840 1388 906 quod
1403 842 1469 891 esset
1483 841 1634 906 praecellenti
1651 841 1781 906 prudentia

126 952 140 990 ι
168 927 219 986 ύπδ
232 930 278 985 τοῦ
299 925 389 986 πλεῖόν
402 946 428 983 τι
446 924 500 982 τῶν
514 926 619 984 πολλῶν
645 922 728 996 νοεῖν,
750 921 946 996 ἀποθεσπίσας,
1003 931 1139 996 preditus,
1152 931 1287 983 infortunia
1304 932 1388 982 lutuno
1401 932 1552 984 vaticinatus
1569 932 1663 984 scurie
1677 946 1705 984 se
1718 946 1779 997 pro-

169 1106 213 1165 τδν
230 1105 311 1177 δῆμον
330 1103 365 1169 είς
386 1102 541 1177 ἐκκλησίαν,
560 1100 657 1170 ἔλεξαν.
702 1127 715 1152 ι
744 1099 850 1172 Πολλὴν
865 1097 945 1180 χάριν

171 1222 183 1248 ι
199 1194 259 1270 ύμῖν
273 1188 366 1269 είδύις,
387 1179 410 1250 ἀι
424 1191 547 1264 πολῖται,
562 1193 610 1261 τῆς
625 1212 653 1249 τε
672 1186 833 1270 προθυμίας,
847 1187 880 1260 ἣν
893 1210 948 1248 πα-

173 1308 186 1333 «
204 1281 329 1360 ρέσχεσθέ
345 1303 391 1356 μοι
407 1278 522 1338 ἑκούσιοι
542 1278 717 1356 συναράμενοι
742 1283 788 1337 τοῦ
812 1273 947 1353 πολέμου,

174 1371 247 1428 ικαὶ
271 1368 311 1428 ἔτι
335 1371 435 1447 μᾶλλον
455 1371 501 1440 τῆς
523 1370 632 1446 ἀρετῆς,
663 1366 697 1439 ἣν
724 1368 750 1426 έν
770 1372 823 1432 τοῖς
849 1367 948 1444 ἀγῶσιν

173 1484 186 1509 ι
202 1459 383 1530 ἀπεδείξασθε,
412 1456 530 1535 μεγάλην
561 1455 608 1535 μίν
653 1453 798 1534 ἐποιούμην
833 1453 948 1526 σπουδὴν

172 1572 185 1599 ε
202 1548 366 1628 ἀμείψασθαι
386 1549 455 1625 ὑμᾶς
468 1548 522 1614 τοῖς
536 1569 566 1606 τε
578 1546 667 1612 ἀλλοις
687 1545 783 1626 καὶτῷ
798 1547 835 1621 μὴ
852 1544 950 1625 ψεύσα-

172 1661 185 1688 v
202 1640 262 1695 σθαι
277 1636 328 1716 ιτδις
340 1635 509 1716 ύποσχέσεις,
526 1634 555 1702 ἀς
570 1634 637 1717 ὑπέρ
651 1639 697 1707 τῆς
718 1637 814 1715 βουλῆς
837 1631 949 1694 ίποιού-

173 1750 185 1776 α
203 1748 256 1801 μην
273 1723 337 1805 πρὸς
356 1727 427 1802 ύμᾶς
434 1766 443 1796 ,
469 1725 514 1784 καὶ
540 1726 576 1791 είς
589 1722 712 1801 ύμύνοιαν
734 1723 787 1797 ἤδη
812 1721 877 1782 ποτὲ
901 1745 949 1781 κα·

170 1844 183 1868 ε
198 1822 332 1891 ταστῆσαι
354 1818 401 1891 τὴν
426 1816 518 1877 στάσιν
545 1820 619 1895 ὑμῶν
644 1815 791 1894 σύμύουλος
812 1815 857 1875 καί
881 1816 950 1874 διαι-

173 1932 186 1959 e
204 1904 284 1979 τητὴς
308 1909 404 1986 ἀμφοῖν
432 1907 582 1987 γενόμενος·
607 1906 746 1983 κωλύομαι
772 1904 800 1964 δὲ
824 1904 948 1985 πράττειν

172 2020 185 2045 α
202 2000 287 2054 ταῦτα
301 1993 345 2055 tet
369 1993 429 2063 τοὺς
452 1996 481 2054 od
496 1994 530 2054 τά
556 1994 681 2075 βέλτιστα
704 1996 741 2075 τῷ
757 1997 852 2075 κοινῷ,
869 1991 902 2052 τά
922 1989 950 2051 δι’

173 2109 185 2135 ε
205 2106 294 2164 σρισιν
312 2084 400 2151 αθτοῖς
420 2086 447 2143 ἐν
467 2087 506 2165 τῷ
525 2084 636 2166 παρόντι
656 2082 835 2164 κεχαρισμένα
856 2105 950 2164 προαι-

173 2199 186 2222 «
204 2170 364 2251 ρουμένους,
381 2170 406 2230 οἳ
419 2172 513 2245 πλήθει
528 2175 552 2230 τ’
563 2174 764 2253 ἐπικρατοῦντες
774 2173 825 2229 τῶν
841 2170 949 2250 ἑτέρων,

173 2286 186 2312 α
201 2260 247 2320 καί
264 2261 387 2340 δυνάμει,
400 2262 433 2335 ἣν
448 2261 479 2321 τδ
501 2258 557 2322 νέον
582 2263 669 2328 αὐτοῖς
689 2259 835 2340 παρέχιται
850 2261 950 2337 μᾶλλον

173 2348 220 2419 «ἢ
243 2350 276 2408 el
295 2350 457 2431 πράγματα,
482 2347 622 2432 ἔρρωνται.
668 2345 738 2429 Ἐγὼ
768 2349 795 2409 δὲ
820 2347 904 2429 γε’ριυν
923 2372 950 2408 τε

173 2463 186 2489 α
204 2436 252 2510 δὴ,
265 2441 300 2507 ὡς
311 2441 403 2521 δρᾶτε,
418 2438 464 2498 καί
474 2438 577 2516 ἑτάρους
588 2438 721 2506 τοιούτους
731 2437 785 2519 ἔχω
795 2436 951 2517 συμμάχους

173 2553 186 2579 v
203 2517 239 2586 ίύν
253 2532 269 2599 ἡ
282 2530 309 2587 ἀν
322 2531 356 2607 τῇ
369 2528 462 2610 γνώμῃ
478 2518 544 2587 otoo
561 2527 636 2608 ίσχθς
653 2527 777 2594 ἀδύνατός
794 2529 865 2586 ἔστιν
883 2526 951 2609 ἔργῳ

173 2643 187 2667 ι
206 2614 371 2695 ίπιξελθεῖν,
387 2617 433 2676 καί
453 2614 626 2696 περιέστηκεν
648 2617 793 2689 ηδοκοῦσα
806 2617 883 2693 ἡμῶν
905 2623 950 2675 τοῦ

174 2732 187 2759 ε
204 2713 291 2767 κοινοῦ
311 2706 419 2788 πρόνοια
433 2707 486 2766 ίδίαι
504 2706 569 2788 πρὸς
590 2708 713 2788 ἑκάτερον
726 2705 802 2786 μέρος
823 2704 951 2785 ἀπέχθεια

171 2828 186 2859 ε
203 2797 357 2880 φαινομένη.
368 2800 410 2877 Τῇ
422 2821 451 2857 τε
465 2796 516 2877 γάρ
532 2799 614 2876 βουλῇ
630 2794 664 2855 δι’
685 2795 772 2864 αἰτίας
792 2793 847 2872 είμί
870 2798 906 2863 ὡς
920 2795 951 2854 τὸ

171 2918 184 2945 ε
203 2888 327 2967 ὑμέτερον
344 2889 444 2957 πλῆθος
465 2884 633 2966 θεραπεύων,
649 2883 695 2943 καί
715 2883 779 2965 πρὸς
804 2887 875 2959 ύμάς
894 2884 951 2942 δια-

172 3008 185 3034 α
203 2976 339 3052 ὅέὸλημαι
352 2980 388 3044 ὡς
400 2975 487 3056 ίιιιίνη
501 2978 602 3053 μᾶλλον
616 2974 665 3045 τὴν
681 2971 948 3059 εύνοιανάποδεικνύ-

171 3098 185 3123 α
204 3089 288 3144 μενος.

211 3155 311 3219 xliv.
333 3181 345 3207 ι
361 3155 394 3213 Ei
410 3152 457 3230 μίν
472 3141 517 3211 ούν
532 3156 546 3211 θ
562 3154 643 3229 δῆμος
662 3144 691 3211 εύ
710 3147 854 3232 προπαθὼν
870 3149 951 3218 ἐξέλι-

176 3272 190 3298 ι
207 3267 241 3305 πε
263 3240 310 3309 τάς
339 3240 371 3299 δι’
396 3242 462 3319 ίμοῒι
490 3244 524 3320 τῇ
557 3244 639 3322 βουλῇ
667 3236 809 3319 γενομένας
835 3237 952 3319 θποσχί-

172 3362 185 3388 «
203 3356 269 3407 σεις,
294 3329 382 3412 ίκείνη
413 3355 458 3411 μοι
490 3330 657 3409 ἀπολογητέα
681 3321 713 3403 ἦν
735 3327 776 3388 ὅτι
806 3326 951 3411 ἐψεύσασθε

172 3449 185 3474 «
204 3424 294 3500 θμεῖς,
318 3421 345 3479 έν
361 3420 420 3498 ἐμοὶ
435 3419 463 3479 tt
486 3419 559 3480 οθδίν
584 3418 759 3499 κακούργημα
784 3408 828 3491 ἦν,
872 3416 952 3479 Ἐπεί

173 3537 185 3562 r
203 3508 230 3569 δέ
254 3508 288 3569 τά
313 3507 387 3589 παρὰ
402 3510 450 3579 τῆς
467 3508 563 3587 βουλῆς
590 3505 786 3584 ὁμολογηθέντα
801 3506 831 3564 ού
845 3502 950 3583 γέγονεν

174 3626 186 3651 ε
204 3601 266 3674 ύμῖν
285 3598 412 3669 ίπιτελῆ,
427 3594 492 3677 πρδς
505 3595 550 3656 τδν
579 3618 648 3672 ημον
670 3595 776 3673 ὀλύγος
795 3592 848 3663 ἤδη
871 3594 952 3669 ἀναγ-

174 3714 188 3741 ιι
205 3695 278 3754 καῐος
291 3685 407 3764 γίγνεταί
422 3707 482 3762 μοι,
500 3683 541 3743 ὅτι
563 3684 612 3742 οὐκ
632 3681 693 3759 ἐμοὶ
711 3682 851 3740 συνδοκοῦν
866 3685 951 3738 ταῦτα

174 3802 187 3828 α
204 3775 367 3845 πεπόνθατε,
387 3768 448 3833 ἀλλ”
464 3771 561 3852 ὁμοίοις
578 3771 792 3852 πεφενακίσμεθα
805 3768 852 3829 καί
865 3790 951 3853 παρα-

172 3892 186 3919 ⁸
202 3864 376 3944 λελογίσμιθα
398 3863 562 3945 ἀμράτιροι,
580 3862 626 3922 καλ
641 3864 742 3940 μᾶλλον
754 3862 827 3936 ὑμῶν
842 3858 910 3937 ἐγὼ,
922 3856 950 3924 d<

173 3981 185 4005 ³
202 3953 227 4034 Υ,
244 3957 293 4033 Οὐχ
305 3952 322 4011 ἃ
334 3956 409 4031 κθῑνῇ
420 3951 564 4028 lrtmpea
584 3951 651 4030 μετὰ
663 3951 784 4023 πάντων,
799 3947 877 4027 μύνον
897 3949 952 4006 ἀδι-

114 4068 145 4109 so
172 4070 186 4098 s
202 4049 317 4122 κοῢμαι,
331 4041 401 4103 ἀλλά
421 4041 467 4102 καί
480 4041 530 4102 ὅσα
552 4041 607 4122 ίδίμ
625 4044 714 4106 κακῶς
733 4037 835 4110 ἀκήκοα
848 4082 857 4110 ,
870 4040 905 4104 ὡς
919 4037 951 4104 δὴ

111 4972 146 5015 10

171 4160 184 4185 α
204 4132 237 4192 τά
251 4156 279 4191 τε
298 4129 374 4211 παρίι
388 4134 441 4190 τῶν
460 4130 595 4208 πολεμίων
611 4130 709 4190 ἁλόντα
727 4130 757 4187 οὐ
777 4125 845 4203 μετὰ
866 4128 954 4195 κοινῆς

173 4249 186 4276 α
202 4221 308 4302 γνώμης
324 4227 371 4281 τοῦ
386 4221 521 4301 συνεδρίου
543 4228 597 4293 τοῖς
612 4219 719 4299 ἀπύροις
733 4222 806 4298 ὑμῶν
822 4214 952 4294 βουλόμε-

173 4336 186 4362 e
203 4334 243 4376 νος
257 4311 327 4369 ἰδίαν
349 4308 478 4389 ὠφέλειαν
488 4307 711 4388 περιποιήσασθαι
721 4305 887 4386 παρασχὼν,
906 4303 952 4362 καί

173 4426 187 4451 ι
202 4398 251 4467 τὰς
271 4402 325 4459 τῶν
339 4402 454 4460 πολιτῶν
469 4400 558 4467 οὐσίας
573 4398 696 4475 δημεύειν
712 4396 810 4474 ἀξιῶν,
825 4399 872 4467 τῆς
889 4398 951 4473 βου-

171 4515 184 4542 s
200 4489 246 4567 λῆς
265 4511 295 4563 γε
319 4488 473 4559 κωλυούσης
498 4485 539 4569 [ἢ]
568 4488 605 4561 μὴ
630 4487 812 4568 παρανομεῖν,
828 4481 953 4563 στρατιάς

174 4581 226 4636 ιε’
251 4576 455 4654 ἐναντιουμένων
481 4579 533 4634 τῶν
562 4577 709 4656 βουλευτῶν
734 4571 865 4655 ἀφεικὼς,
894 4571 951 4630 δέον

175 4694 187 4718 α
205 4665 255 4724 tut
271 4667 329 4732 ταῖς
351 4663 505 4746 ἀγραυλίαις
527 4665 573 4723 καί
595 4665 707 4731 πλάναις
731 4666 758 4721 ἐν
779 4667 813 4740 τῇ
837 4659 954 4741 πολεμία

174 4780 188 4806 α
205 4754 324 4835 κατέχειν
349 4756 428 4831 ὑμᾶς.
474 4753 635 4813 Ὡνιίδισται
661 4754 690 4813 δέ
715 4775 760 4829 μοι
786 4749 832 4810 καί
857 4755 874 4821 ἡ
900 4751 953 4808 τῶν

175 4870 188 4894 ε
204 4841 362 4924 κληρούχων
397 4847 434 4910 είς
461 4842 643 4911 Οὐολούσκους
667 4838 811 4916 tampsi,
841 4836 881 4897 ύτι
904 4841 954 4915 γῆν

174 4960 188 4986 ι
204 4931 305 5004 πολλὴν
326 4931 373 4993 καί
399 4932 501 5010 ἀγαθὴν
525 4932 555 4990 οὐ
580 4940 635 4998 τοῖς
653 4927 800 5007 πατρικίοις
822 4927 879 4986 οθδί
901 4926 955 4991 τοῖς

176 5022 330 5079 «rmum
356 5020 540 5099 ίχαρισάμην,
565 5015 634 5077 ἀλλά
661 5024 714 5083 τοῖς
739 5015 847 5094 ἀπύροις
881 5016 954 5091 ὑμῶν

177 5138 189 5162 ι
208 5109 341 5187 διένειμα·
356 5108 403 5169 καλ
416 5107 431 5169 δ
443 5106 560 5187 μάλιστά
575 5130 621 5186 μοι
634 5105 682 5178 τὴν
694 5105 821 5176 πλείστην
837 5101 954 5183 ἀγανάκ-

177 5227 191 5254 e
207 5222 285 5274 τησιν
299 5196 449 5279 παρέσχεν,
471 5198 512 5257 ύτι
526 5194 632 5263 πλείους
647 5193 665 5268 ἢ
679 5192 843 5274 τετρακόσιοι
865 5192 956 5272 ἀνδρες

168 1014 255 1097 ᾤχετο
269 1014 354 1073 ἀπιὼν
373 1016 403 1074 ἐκ
426 1018 471 1071 τοῦ
496 1010 697 1093 βουλευτηρίου,
721 1012 768 1071 καί
783 1009 948 1089 συγκαλέσας
1002 1020 1091 1085 nipuit,
1103 1023 1129 1071 et
1141 1025 1280 1071 convocato
1290 1019 1323 1070 ad
1338 1021 1479 1072 concionem
1491 1021 1599 1086 populo,
1611 1020 1647 1072 sic
1663 1035 1721 1074 enm
1742 1024 1782 1073 est

1003 1111 1150 1161 ollocmnss
1172 1128 1185 1154 ι
1209 1110 1274 1158 cnm
1291 1121 1406 1173 magnam
1429 1108 1534 1171 gratiam
1550 1110 1635 1173 vobis,
1655 1111 1780 1175 Quirites,

1004 1218 1018 1245 ι
1030 1198 1146 1250 heberent
1175 1195 1208 1246 ob
1240 1195 1393 1247 alacritatem
1423 1211 1498 1261 quam
1525 1197 1588 1249 ruibi
1619 1199 1780 1266 exhibuistis,

1005 1311 1018 1336 ι
1034 1290 1101 1341 ultro
1112 1284 1206 1338 bellum
1218 1284 1266 1335 boc
1285 1285 1460 1350 suscipientes,
1475 1289 1501 1339 et
1513 1288 1538 1339 in
1552 1302 1582 1339 eo
1593 1301 1633 1340 me
1652 1289 1780 1351 iuvantes,

1005 1399 1018 1425 ι
1034 1381 1061 1429 st
1081 1375 1160 1427 multo
1172 1373 1292 1425 iuniorem
1303 1373 1336 1424 ob
1350 1376 1486 1439 spectatam
1506 1379 1615 1427 vestrum
1625 1377 1745 1430 virtutem
1756 1379 1783 1431 in

1005 1490 1018 1515 «
1032 1467 1126 1520 bellicis
1145 1464 1334 1527 certaminibus,
1356 1464 1470 1530 equidem
1486 1465 1594 1517 multum
1607 1482 1663 1520 snm
1678 1475 1783 1522 conatus

1005 1583 1019 1609 ε
1036 1559 1140 1626 mutiam
1153 1558 1225 1610 vobis
1241 1558 1349 1619 reterre,
1369 1561 1424 1608 tum
1441 1556 1497 1609 aliis
1511 1558 1601 1621 rebus,
1614 1562 1667 1611 tum
1680 1563 1740 1623 bec,
1755 1566 1784 1615 ut

1007 1668 1020 1693 ι
1033 1647 1174 1713 perficerem
1183 1659 1212 1695 ee
1221 1658 1278 1709 quaa
1291 1645 1391 1695 senatus
1402 1642 1500 1694 nomine
1513 1643 1583 1695 vobis
1597 1644 1722 1710 pollicitus
1732 1648 1784 1701 lue·

1007 1757 1021 1782 ι
1036 1750 1102 1797 rnrn,
1122 1739 1200 1800 utque
1219 1734 1373 1785 consiliarius
1397 1748 1427 1785 sc
1446 1733 1539 1785 arbiter
1556 1733 1685 1800 utriusqus
1706 1741 1785 1801 portis

1007 1848 1020 1874 e
1034 1828 1186 1880 constitutus
1195 1826 1293 1879 tandem
1305 1831 1414 1878 vestram
1429 1825 1574 1878 seditionem
1588 1825 1784 1880 adconcordinm

1007 1937 1020 1962 ι
1035 1917 1210 1969 restituerem:
1228 1916 1271 1967 sed
1284 1917 1343 1967 buic
1353 1930 1409 1967 meo
1423 1917 1506 1966 studio
1514 1916 1614 1967 obstant
1632 1917 1665 1981 ii,
1680 1918 1786 1981 quinon

1007 2026 1020 2051 r
1034 2007 1128 2072 optimc
1148 2005 1290 2070 reipublicae
1311 2005 1458 2067 consulunt,
1478 2005 1523 2055 sed
1543 2005 1596 2055 suis
1613 2007 1749 2058 commodis
1761 2006 1785 2059 in

1007 2114 1020 2140 ι
1034 2093 1166 2160 presentia
1189 2093 1288 2145 studere
1313 2093 1421 2155 malunt,
1444 2095 1587 2156 ceterosque
1607 2098 1635 2144 et
1657 2095 1786 2147 hominnm

1010 2202 1024 2230 e
1039 2183 1199 2236 multitudine
1210 2184 1237 2234 et
1250 2181 1343 2234 viribus
1357 2185 1484 2246 superent,
1498 2195 1561 2247 quus
1577 2181 1626 2233 illis
1644 2186 1705 2234 aetus
1714 2182 1785 2237 iuve-

1008 2292 1021 2318 ι
1035 2272 1093 2324 nilis
1103 2272 1186 2337 potius
1196 2284 1263 2338 ηυιιιιι
1273 2274 1464 2336 rcsntqneopes
1475 2274 1603 2336 prestent.
1636 2276 1723 2338 Atego
1737 2274 1801 2325 ism'

1008 2380 1021 2405 α
1038 2374 1095 2412 sum
1107 2373 1195 2422 sonex,
1210 2363 1241 2411 ut
1254 2361 1360 2423 videtis,
1371 2363 1398 2412 et
1416 2361 1478 2412 alios
1497 2359 1591 2411 similes
1603 2360 1682 2413 babeo
1694 2362 1786 2427 socios,

1008 2428 1021 2494 ί
1038 2461 1146 2513 quornm
1165 2448 1231 2499 vires
1243 2448 1270 2499 in
1286 2449 1339 2499 solo
1353 2449 1456 2500 consilio
1475 2449 1561 2514 positas
1575 2456 1702 2514 nequeunt
1714 2465 1786 2503 euse-

1008 2556 1020 2581 «
1035 2536 1161 2602 quiquod
1172 2538 1298 2597 mudum,
1313 2539 1339 2588 et
1354 2536 1421 2601 quod
1445 2537 1568 2601 reliquum
1586 2538 1660 2590 nobis
1675 2543 1715 2590 est
1732 2541 1787 2593 baec

1007 2646 1020 2672 ι
1036 2633 1122 2679 nostru
1135 2627 1304 2693 providentia,
1321 2626 1524 2693 quaretpuntiea
1534 2629 1659 2681 consulere
1673 2631 1788 2683 ridemur

1006 2739 1019 2763 «
1033 2718 1151 2785 privatim
1168 2718 1239 2769 nobis
1253 2718 1320 2784 opud
1338 2721 1469 2783 utramque
1485 2721 1584 2784 partem
1597 2721 1681 2772 odium
1700 2722 1786 2773 conci·

1006 2828 1019 2853 r.
1035 2809 1087 2861 ltul.
1121 2812 1185 2861 Num
1202 2812 1229 2859 et
1240 2811 1342 2859 senalus
1359 2820 1399 2858 me
1410 2809 1523 2872 accusat,
1536 2808 1602 2872 quod
1616 2814 1706 2859 vestrm
1721 2809 1786 2860 rnul-

1006 2916 1018 2942 ι
1033 2897 1148 2950 titudinis
1163 2899 1210 2949 sim
1223 2897 1351 2949 studiosus
1360 2919 1366 2959 ;
1375 2900 1401 2948 et
1412 2896 1478 2962 opud
1490 2911 1535 2948 vos
1545 2898 1610 2949 male
1621 2899 1703 2962 sudio,
1715 2899 1788 2964 quasi

1005 3006 1018 3031 α
1032 2988 1154 3040 maiorem
1166 2986 1362 3040 benevolentiam
1377 2987 1401 3038 in
1415 2988 1487 3040 illurn
1505 2986 1681 3039 demonstrem.
1790 2993 1793 2997 ’

1037 3151 1125 3201 xittr.
1142 3167 1156 3193 a
1171 3146 1197 3198 Si
1208 3146 1283 3212 igitur
1296 3145 1367 3212 plebs
1379 3146 1498 3198 benetlcio
1510 3148 1567 3199 ante
1580 3147 1672 3199 ellectu
1683 3149 1788 3213 promis-

1006 3263 1020 3287 «
1034 3244 1069 3295 sis
1083 3242 1206 3295 senutula
1222 3255 1263 3292 ms
1273 3239 1347 3292 iactis
1356 3256 1405 3291 non
1419 3242 1542 3303 stetisset,
1555 3242 1615 3293 hnic
1625 3242 1714 3294 luisset
1729 3243 1790 3294 mibi

1007 3358 1019 3382 ι
1036 3336 1236 3402 respondendum
1246 3374 1253 3396 ,
1264 3348 1310 3385 vos
1325 3332 1400 3386 tidem
1412 3340 1521 3386 vestrum
1532 3335 1664 3398 ielcllisse;
1677 3341 1704 3387 ot
1716 3338 1741 3388 in
1750 3351 1791 3391 mo

1006 3429 1105 3482 «nulla
1133 3428 1202 3478 trans
1223 3427 1320 3478 luisset.
1355 3428 1407 3476 ism
1427 3440 1487 3478 vero
1508 3427 1567 3492 quio
1597 3433 1701 3480 mustus
1720 3431 1791 3483 vobis

1007 3543 1020 3568 ι
1034 3537 1084 3573 non
1103 3520 1221 3585 prestitit
1250 3532 1308 3583 quas
1330 3519 1460 3583 promisit,
1487 3533 1588 3572 neccsse
1614 3526 1652 3572 est
1672 3526 1701 3573 ul
1724 3523 1791 3588 opud

1007 3636 1019 3660 ι
1034 3612 1153 3680 populum
1165 3611 1241 3662 verbs
1253 3612 1349 3673 inciam,
1363 3611 1456 3675 quibus
1465 3613 1567 3677 probem
1580 3613 1635 3664 brec
1649 3614 1722 3664 vobis
1733 3626 1791 3665 meo

1008 3728 1021 3752 ι
1037 3719 1158 3757 consensu
1179 3718 1228 3754 non
1247 3703 1382 3768 occidisse,
1395 3704 1439 3755 sed
1463 3718 1536 3768 aeque
1548 3721 1593 3758 nos
1608 3710 1730 3770 utrosque
1743 3707 1789 3758 dc·

1006 3819 1019 3843 «ι
1033 3798 1119 3861 ceptus
1145 3808 1175 3847 ac
1199 3795 1382 3845 circumventos
1407 3808 1476 3858 esse,
1497 3798 1523 3847 et
1544 3810 1585 3848 ms
1612 3797 1791 3863 multomagis

1008 3911 1021 3935 ι
1034 3904 1110 3955 quam
1122 3903 1182 3951 vos,
1195 3888 1241 3954 qui
1252 3902 1303 3967 non
1316 3890 1397 3939 solum
1411 3890 1527 3941 iniuriam
1539 3890 1634 3956 potior,
1649 3891 1715 3955 quod
1732 3903 1790 3942 cum

1007 4004 1020 4028 «
1033 3984 1125 4038 ceteris
1140 3983 1255 4036 omnibus
1270 3983 1358 4035 luerim
1374 3984 1508 4048 deceptus,
1521 3984 1566 4035 sed
1586 3985 1660 4036 etiam
1674 3986 1790 4050 privatim

1008 4100 1020 4123 ι
1037 4080 1102 4130 male
1119 4078 1211 4141 sudio,
1235 4078 1308 4143 quasi
1325 4077 1478 4142 prenomen
1498 4078 1571 4131 busto
1587 4082 1685 4146 captum
1700 4094 1748 4135 non
1760 4095 1791 4135 ει

1009 4196 1021 4219 α
1036 4172 1160 4226 communi
1182 4176 1283 4224 senatus
1301 4172 1424 4224 sententia
1440 4176 1589 4239 pauperibus
1613 4179 1725 4228 vestrum
1746 4178 1792 4230 de·

1009 4289 1021 4313 n
1037 4268 1134 4330 derim,
1161 4266 1264 4318 studens
1286 4268 1390 4332 privetis
1410 4269 1472 4320 meis
1490 4272 1639 4332 commodis,
1673 4276 1700 4324 et
1719 4274 1792 4339 qussi

1009 4384 1022 4408 ι
1037 4362 1131 4413 civium
1151 4360 1216 4411 bona
1239 4366 1328 4413 senatu
1345 4361 1411 4413 hunc
1432 4362 1515 4427 legum
1534 4363 1693 4416 violationem
1705 4365 1790 4428 probi·

1008 4486 1021 4509 ι
1040 4464 1132 4526 bente,
1152 4465 1236 4513 tamen
1250 4457 1377 4523 publicare
1387 4455 1500 4521 cupium,
1517 4460 1543 4508 et
1555 4458 1622 4522 quod
1641 4459 1792 4522 repugnante

1009 4577 1022 4601 e
1039 4560 1129 4610 senatu
1147 4556 1275 4609 exercitus
1287 4556 1439 4619 dimiserim,
1451 4572 1515 4624 quos
1529 4558 1555 4608 in
1572 4556 1668 4608 hostico
1680 4556 1790 4604 cestren·

1010 4673 1023 4697 ι
1036 4652 1105 4704 sibus
1136 4651 1262 4702 laboribus
1288 4656 1315 4702 et
1347 4655 1483 4705 terroribus
1509 4654 1612 4717 fatigare
1639 4650 1789 4716 oportuerat.

1010 4774 1022 4797 e
1038 4754 1179 4812 Quinetiam
1197 4752 1348 4817 exprobrato
1365 4753 1425 4803 mibi
1445 4755 1484 4803 est
1504 4750 1601 4801 colonis
1611 4761 1626 4797 a
1638 4760 1678 4797 me
1691 4746 1717 4795 in
1729 4743 1790 4795 Vol-

1010 4863 1022 4887 ·
1038 4858 1094 4896 scos
1106 4846 1198 4906 misse,
1211 4842 1279 4906 quod
1293 4855 1380 4905 agrurn
1395 4841 1504 4904 amplum
1517 4853 1547 4889 nc
1561 4839 1667 4888 toracem
1681 4847 1730 4883 non
1745 4845 1790 4896 pa·

1010 4950 1022 4975 r
1036 4932 1117 4985 triciis
1129 4935 1173 4985 tut
1188 4930 1313 4996 equitibus
1326 4930 1429 4993 largitus
1438 4928 1498 4988 strn,
1513 4928 1555 4977 sert
1570 4926 1653 4989 egenis
1667 4922 1698 4973 de
1710 4922 1792 4973 vestro

1010 5041 1023 5064 v
1038 5034 1143 5072 numero
1164 5019 1290 5072 diviserim
1306 5017 1448 5083 :precipue
1470 5029 1528 5067 vero
1547 5014 1616 5079 qnod
1635 5012 1697 5064 mibi
1711 5011 1790 5062 maxi-

1010 5129 1023 5151 α
1036 5123 1105 5161 mum
1119 5109 1276 5161 stomachum
1288 5110 1385 5169 movet,
1401 5104 1464 5156 illud
1474 5107 1527 5165 cst,
1541 5103 1608 5167 quod
1620 5104 1704 5168 plures
1716 5115 1791 5166 quam

1012 5217 1025 5241 ι
1038 5197 1232 5263 quadringentos
1241 5198 1351 5263 plebeios
1368 5195 1454 5248 ordine
1472 5193 1582 5258 equestri
1594 5193 1618 5243 in
1631 5191 1730 5244 delectu
1749 5189 1792 5240 nd-

177 5293 237 5352 ιίιι
257 5293 305 5350 τοῦ
325 5285 410 5365 δήμου
434 5295 490 5358 τοῖς
512 5288 622 5347 ἱππεῦσι
643 5283 893 5367 προσκατελέγησαν
912 5281 956 5343 ret
978 5280 986 5321 ¹
1011 5308 1025 5333 α
1037 5288 1157 5352 diderim,
1175 5290 1219 5355 qui
1239 5288 1328 5355 opibus
1347 5291 1374 5340 et
1389 5300 1417 5340 re
1431 5285 1545 5337 lamdisrl
1567 5284 1696 5338 florebunt.
1720 5285 1792 5337 certe
