<?xml version="1.0" encoding="UTF-8"?>
<!DOCTYPE html PUBLIC "-//W3C//DTD XHTML 1.0 Transitional//EN"
    "http://www.w3.org/TR/xhtml1/DTD/xhtml1-transitional.dtd">
<html xmlns="http://www.w3.org/1999/xhtml" xml:lang="en" lang="en">
 <head>
  <title>
</title>
<meta http-equiv="Content-Type" content="text/html;charset=utf-8" />
  <meta name='ocr-system' content='tesseract 3.04.00' />
  <meta name='ocr-capabilities' content='ocr_page ocr_carea ocr_par ocr_line ocrx_word'/>
</head>
<body>
  <div class='ocr_page' id='page_1' title='image "./dionysiihalicar01prougoog/dionysiihalicar01prougoog_0507.png"; bbox 0 0 4070 5926; ppageno 0'>
   <div class='ocr_carea' id='block_1_1' title="bbox 274 413 1369 478">
    <p class='ocr_par' dir='ltr' id='par_1_1' title="bbox 274 413 1369 478">
     <span class='ocr_line' id='line_1_1' title="bbox 274 413 1369 478; baseline 0 -1"><span class='ocrx_word' id='word_1_1' title='bbox 274 417 335 478; x_wconf 74' lang='lat' dir='ltr'>tun</span> <span class='ocrx_word' id='word_1_2' title='bbox 799 413 969 476; x_wconf 71' lang='lat' dir='ltr'>mouisti</span> <span class='ocrx_word' id='word_1_3' title='bbox 990 413 1369 477; x_wconf 84' lang='lat' dir='ltr'>HALlCAllNASSENSlS</span> 
     </span>
    </p>
   </div>
   <div class='ocr_carea' id='block_1_2' title="bbox 274 545 1899 819">
    <p class='ocr_par' dir='ltr' id='par_1_2' title="bbox 274 545 1899 819">
     <span class='ocr_line' id='line_1_2' title="bbox 274 545 1899 628; baseline 0.001 -20"><span class='ocrx_word' id='word_1_4' title='bbox 274 550 360 608; x_wconf 82' lang='grc' dir='ltr'>ίκανοί</span> <span class='ocrx_word' id='word_1_5' title='bbox 378 546 496 625; x_wconf 76' lang='grc' dir='ltr'>ἐγίνοντο</span> <span class='ocrx_word' id='word_1_6' title='bbox 522 545 640 605; x_wconf 80' lang='grc' dir='ltr'>κωλυταί</span> <span class='ocrx_word' id='word_1_7' title='bbox 664 549 710 617; x_wconf 86' lang='grc' dir='ltr'>τῆς</span> <span class='ocrx_word' id='word_1_8' title='bbox 737 556 887 628; x_wconf 74' lang='grc' dir='ltr'>συμφορᾶς,</span> <span class='ocrx_word' id='word_1_9' title='bbox 912 548 959 613; x_wconf 79' lang='grc' dir='ltr'>τὰς</span> <span class='ocrx_word' id='word_1_10' title='bbox 985 546 1053 626; x_wconf 82' lang='grc' dir='ltr'>μετά</span> <span class='ocrx_word' id='word_1_11' title='bbox 1110 557 1175 607; x_wconf 88' lang='lat' dir='ltr'>banc</span> <span class='ocrx_word' id='word_1_12' title='bbox 1188 556 1355 608; x_wconf 68' lang='lat' dir='ltr'><strong>calamitatem</strong></span> <span class='ocrx_word' id='word_1_13' title='bbox 1375 556 1521 621; x_wconf 86' lang='lat' dir='ltr'>propulsare</span> <span class='ocrx_word' id='word_1_14' title='bbox 1534 570 1582 606; x_wconf 93' lang='lat' dir='ltr'>uon</span> <span class='ocrx_word' id='word_1_15' title='bbox 1605 560 1751 624; x_wconf 86' lang='lat' dir='ltr'>potuerant,</span> <span class='ocrx_word' id='word_1_16' title='bbox 1771 557 1899 610; x_wconf 80' lang='lat' dir='ltr'>defuncto</span> 
     </span>
     <span class='ocr_line' id='line_1_3' title="bbox 276 631 1898 719; baseline 0.004 -18"><span class='ocrx_word' id='word_1_17' title='bbox 276 636 318 695; x_wconf 76' lang='grc' dir='ltr'>τὸν</span> <span class='ocrx_word' id='word_1_18' title='bbox 330 635 439 695; x_wconf 69' lang='grc' dir='ltr'>θάνατον</span> <span class='ocrx_word' id='word_1_19' title='bbox 451 631 622 712; x_wconf 70' lang='grc' dir='ltr'>ὄφῑῑλῠμίθαι</span> <span class='ocrx_word' id='word_1_20' title='bbox 635 633 752 711; x_wconf 61' lang='grc' dir='ltr'>ἔγνωσαν</span> <span class='ocrx_word' id='word_1_21' title='bbox 765 634 918 694; x_wconf 67' lang='grc' dir='ltr'>ἅποδιδύναῑ</span> <span class='ocrx_word' id='word_1_22' title='bbox 931 634 1054 715; x_wconf 58' lang='lat' dir='ltr'>zelemi,</span> <span class='ocrx_word' id='word_1_23' title='bbox 1109 653 1219 706; x_wconf 78' lang='lat' dir='ltr'>debilem</span> <span class='ocrx_word' id='word_1_24' title='bbox 1236 654 1343 719; x_wconf 88' lang='lat' dir='ltr'>gratiam</span> <span class='ocrx_word' id='word_1_25' title='bbox 1369 653 1462 706; x_wconf 80' lang='lat' dir='ltr'>referre</span> <span class='ocrx_word' id='word_1_26' title='bbox 1483 654 1631 716; x_wconf 83' lang='lat' dir='ltr'>voluerunt,</span> <span class='ocrx_word' id='word_1_27' title='bbox 1646 655 1745 705; x_wconf 84' lang='lat' dir='ltr'>collatis</span> <span class='ocrx_word' id='word_1_28' title='bbox 1765 657 1791 707; x_wconf 93' lang='lat' dir='ltr'>in</span> <span class='ocrx_word' id='word_1_29' title='bbox 1807 655 1898 708; x_wconf 84' lang='lat' dir='ltr'>iorum</span> 
     </span>
     <span class='ocr_line' id='line_1_4' title="bbox 274 718 1899 819; baseline 0.003 -17"><span class='ocrx_word' id='word_1_30' title='bbox 274 723 450 804; x_wconf 58' lang='grc' dir='ltr'>συμθίίονῗίί</span> <span class='ocrx_word' id='word_1_31' title='bbox 467 721 566 800; x_wconf 51' lang='grc' dir='ltr'>Είίῗίι*</span> <span class='ocrx_word' id='word_1_32' title='bbox 579 718 700 801; x_wconf 50' lang='lat' dir='ltr'>diffie</span> <span class='ocrx_word' id='word_1_33' title='bbox 714 721 783 782; x_wconf 61' lang='grc' dir='ltr'>ὅσω*</span> <span class='ocrx_word' id='word_1_34' title='bbox 812 725 865 782; x_wconf 65' lang='grc' dir='ltr'>ίδῑί</span> <span class='ocrx_word' id='word_1_35' title='bbox 879 724 933 791; x_wconf 60' lang='grc' dir='ltr'>ίθῖί</span> <span class='ocrx_word' id='word_1_36' title='bbox 950 724 1057 803; x_wconf 69' lang='grc' dir='ltr'>ίΥῦιθοῖς</span> <span class='ocrx_word' id='word_1_37' title='bbox 1110 753 1198 814; x_wconf 84' lang='lat' dir='ltr'>rebus,</span> <span class='ocrx_word' id='word_1_38' title='bbox 1213 752 1405 818; x_wconf 80' lang='lat' dir='ltr'><strong>quibuscunque</strong></span> <span class='ocrx_word' id='word_1_39' title='bbox 1417 766 1481 819; x_wconf 86' lang='lat' dir='ltr'>opus</span> <span class='ocrx_word' id='word_1_40' title='bbox 1500 757 1556 805; x_wconf 90' lang='lat' dir='ltr'>erat</span> <span class='ocrx_word' id='word_1_41' title='bbox 1573 753 1605 805; x_wconf 89' lang='lat' dir='ltr'>ad</span> <span class='ocrx_word' id='word_1_42' title='bbox 1616 754 1735 805; x_wconf 89' lang='lat' dir='ltr'>bonorem</span> <span class='ocrx_word' id='word_1_43' title='bbox 1747 755 1806 806; x_wconf 86' lang='lat' dir='ltr'>viris</span> <span class='ocrx_word' id='word_1_44' title='bbox 1818 755 1899 807; x_wconf 89' lang='lat' dir='ltr'>bonis</span> 
     </span>
    </p>
   </div>
   <div class='ocr_carea' id='block_1_3' title="bbox 234 808 1056 978">
    <p class='ocr_par' dir='ltr' id='par_1_3' title="bbox 234 808 1056 978">
     <span class='ocr_line' id='line_1_5' title="bbox 275 808 1055 893; baseline -0.003 -23"><span class='ocrx_word' id='word_1_45' title='bbox 275 810 400 893; x_wconf 76' lang='grc' dir='ltr'>ἀνδράσιν</span> <span class='ocrx_word' id='word_1_46' title='bbox 414 811 450 877; x_wconf 84' lang='grc' dir='ltr'>είς</span> <span class='ocrx_word' id='word_1_47' title='bbox 467 808 516 884; x_wconf 75' lang='grc' dir='ltr'>τήν</span> <span class='ocrx_word' id='word_1_48' title='bbox 529 810 677 888; x_wconf 75' lang='grc' dir='ltr'><strong>ἀναγκαίαν</strong></span> <span class='ocrx_word' id='word_1_49' title='bbox 692 811 782 886; x_wconf 87' lang='grc' dir='ltr'>τιμήν.</span> <span class='ocrx_word' id='word_1_50' title='bbox 799 808 912 882; x_wconf 83' lang='grc' dir='ltr'>Ἐπειδὴ</span> <span class='ocrx_word' id='word_1_51' title='bbox 925 809 953 870; x_wconf 73' lang='grc' dir='ltr'>δὲ</span> <span class='ocrx_word' id='word_1_52' title='bbox 967 810 1055 870; x_wconf 86' lang='grc' dir='ltr'>πάντα</span> 
     </span>
     <span class='ocr_line' id='line_1_6' title="bbox 234 895 1056 978; baseline -0.002 -21"><span class='ocrx_word' id='word_1_53' title='bbox 234 928 247 967; x_wconf 73' lang='grc' dir='ltr'>ς</span> <span class='ocrx_word' id='word_1_54' title='bbox 273 898 444 978; x_wconf 75' lang='grc' dir='ltr'>εὐτρέπιστο,</span> <span class='ocrx_word' id='word_1_55' title='bbox 457 895 542 964; x_wconf 84' lang='grc' dir='ltr'>θίντες</span> <span class='ocrx_word' id='word_1_56' title='bbox 554 897 599 956; x_wconf 64' lang='lat' dir='ltr'>tet</span> <span class='ocrx_word' id='word_1_57' title='bbox 613 901 752 976; x_wconf 79' lang='grc' dir='ltr'>στρωμνῆς</span> <span class='ocrx_word' id='word_1_58' title='bbox 776 896 980 977; x_wconf 82' lang='grc' dir='ltr'>ίκπρεπεστάτιμ</span> <span class='ocrx_word' id='word_1_59' title='bbox 1002 900 1056 967; x_wconf 85' lang='grc' dir='ltr'>ἠσ-</span> 
     </span>
    </p>
   </div>
   <div class='ocr_carea' id='block_1_4' title="bbox 274 985 1898 1156">
    <p class='ocr_par' dir='ltr' id='par_1_4' title="bbox 274 985 1898 1156">
     <span class='ocr_line' id='line_1_7' title="bbox 274 985 1898 1106; baseline -0.002 -9"><span class='ocrx_word' id='word_1_60' title='bbox 274 987 393 1064; x_wconf 50' lang='grc' dir='ltr'><strong>κημένης</strong></span> <span class='ocrx_word' id='word_1_61' title='bbox 406 985 565 1097; x_wconf 30' lang='lat' dir='ltr'>nimpe&amp;</span> <span class='ocrx_word' id='word_1_62' title='bbox 585 985 808 1094; x_wconf 47' lang='grc' dir='ltr'>αὐτίκρῶτορικὴν</span> <span class='ocrx_word' id='word_1_63' title='bbox 828 985 923 1097; x_wconf 54' lang='grc' dir='ltr'>ἔχονντα</span> <span class='ocrx_word' id='word_1_64' title='bbox 941 989 1055 1096; x_wconf 41' lang='lat' dir='ltr'>affin)</span> <span class='ocrx_word' id='word_1_65' title='bbox 1111 1043 1233 1095; x_wconf 79' lang='lat' dir='ltr'>lomssent</span> <span class='ocrx_word' id='word_1_66' title='bbox 1269 1042 1385 1106; x_wconf 85' lang='lat' dir='ltr'>lentoque</span> <span class='ocrx_word' id='word_1_67' title='bbox 1405 1041 1461 1092; x_wconf 92' lang='lat' dir='ltr'>elus</span> <span class='ocrx_word' id='word_1_68' title='bbox 1479 1040 1592 1105; x_wconf 80' lang='lat' dir='ltr'>proferri</span> <span class='ocrx_word' id='word_1_69' title='bbox 1612 1040 1743 1092; x_wconf 87' lang='lat' dir='ltr'>iussissent</span> <span class='ocrx_word' id='word_1_70' title='bbox 1762 1042 1898 1094; x_wconf 84' lang='lat' dir='ltr'>manubias</span> 
     </span>
     <span class='ocr_line' id='line_1_8' title="bbox 275 1075 1246 1156; baseline -0.005 -20"><span class='ocrx_word' id='word_1_71' title='bbox 275 1078 321 1136; x_wconf 87' lang='grc' dir='ltr'>καλ</span> <span class='ocrx_word' id='word_1_72' title='bbox 342 1075 394 1156; x_wconf 89' lang='grc' dir='ltr'>πρδ</span> <span class='ocrx_word' id='word_1_73' title='bbox 408 1075 560 1148; x_wconf 67' lang='lat' dir='ltr'>mealtune</span> <span class='ocrx_word' id='word_1_74' title='bbox 575 1075 655 1133; x_wconf 79' lang='grc' dir='ltr'>αὐτου</span> <span class='ocrx_word' id='word_1_75' title='bbox 673 1079 797 1156; x_wconf 89' lang='grc' dir='ltr'>φερεσθαι</span> <span class='ocrx_word' id='word_1_76' title='bbox 821 1080 990 1142; x_wconf 79' lang='grc' dir='ltr'>κελεύσαντες</span> <span class='ocrx_word' id='word_1_77' title='bbox 1008 1076 1056 1133; x_wconf 85' lang='grc' dir='ltr'>λα·</span> <span class='ocrx_word' id='word_1_78' title='bbox 1240 1082 1246 1101; x_wconf 82' lang='grc'><em>·</em></span> 
     </span>
    </p>
   </div>
   <div class='ocr_carea' id='block_1_5' title="bbox 1022 1137 1896 1205">
    <p class='ocr_par' dir='ltr' id='par_1_5' title="bbox 1022 1137 1896 1205">
     <span class='ocr_line' id='line_1_9' title="bbox 1022 1137 1896 1205; baseline 0.001 -16"><span class='ocrx_word' id='word_1_79' title='bbox 1022 1154 1039 1189; x_wconf 81' lang='grc' dir='ltr'>ε</span> <span class='ocrx_word' id='word_1_80' title='bbox 1111 1143 1137 1191; x_wconf 93' lang='lat' dir='ltr'>et</span> <span class='ocrx_word' id='word_1_81' title='bbox 1150 1140 1228 1205; x_wconf 89' lang='lat' dir='ltr'>spolia</span> <span class='ocrx_word' id='word_1_82' title='bbox 1241 1143 1266 1192; x_wconf 90' lang='lat' dir='ltr'>et</span> <span class='ocrx_word' id='word_1_83' title='bbox 1276 1152 1379 1190; x_wconf 87' lang='lat' dir='ltr'>coronas</span> <span class='ocrx_word' id='word_1_84' title='bbox 1391 1141 1416 1191; x_wconf 88' lang='lat' dir='ltr'>et</span> <span class='ocrx_word' id='word_1_85' title='bbox 1427 1138 1548 1201; x_wconf 75' lang='lat' dir='ltr'>imagines</span> <span class='ocrx_word' id='word_1_86' title='bbox 1562 1138 1662 1189; x_wconf 91' lang='lat' dir='ltr'>urbium</span> <span class='ocrx_word' id='word_1_87' title='bbox 1672 1138 1703 1189; x_wconf 89' lang='lat' dir='ltr'>ab</span> <span class='ocrx_word' id='word_1_88' title='bbox 1712 1137 1743 1189; x_wconf 80' lang='grc' dir='ltr'>ου’</span> <span class='ocrx_word' id='word_1_89' title='bbox 1753 1143 1896 1204; x_wconf 87' lang='lat' dir='ltr'>captarum,</span> 
     </span>
    </p>
   </div>
   <div class='ocr_carea' id='block_1_6' title="bbox 277 1162 1895 1336">
    <p class='ocr_par' dir='ltr' id='par_1_6' title="bbox 277 1162 1895 1336">
     <span class='ocr_line' id='line_1_10' title="bbox 277 1162 1056 1249; baseline -0.004 -25"><span class='ocrx_word' id='word_1_90' title='bbox 277 1167 346 1249; x_wconf 87' lang='grc' dir='ltr'>φυρά</span> <span class='ocrx_word' id='word_1_91' title='bbox 367 1189 397 1225; x_wconf 91' lang='grc' dir='ltr'>τε</span> <span class='ocrx_word' id='word_1_92' title='bbox 417 1164 463 1225; x_wconf 82' lang='grc' dir='ltr'>καί</span> <span class='ocrx_word' id='word_1_93' title='bbox 479 1166 565 1224; x_wconf 81' lang='grc' dir='ltr'>σκῦλα</span> <span class='ocrx_word' id='word_1_94' title='bbox 590 1163 635 1222; x_wconf 79' lang='grc' dir='ltr'>καὶ</span> <span class='ocrx_word' id='word_1_95' title='bbox 655 1162 798 1244; x_wconf 74' lang='grc' dir='ltr'>στεφάνους</span> <span class='ocrx_word' id='word_1_96' title='bbox 820 1163 865 1223; x_wconf 84' lang='grc' dir='ltr'>καλ</span> <span class='ocrx_word' id='word_1_97' title='bbox 889 1162 994 1242; x_wconf 80' lang='grc' dir='ltr'>μνήμας</span> <span class='ocrx_word' id='word_1_98' title='bbox 1019 1187 1056 1222; x_wconf 90' lang='grc' dir='ltr'>ων</span> 
     </span>
     <span class='ocr_line' id='line_1_11' title="bbox 277 1235 1895 1336; baseline -0.004 -21"><span class='ocrx_word' id='word_1_99' title='bbox 277 1248 331 1316; x_wconf 78' lang='grc' dir='ltr'>εἷλε</span> <span class='ocrx_word' id='word_1_100' title='bbox 349 1254 465 1336; x_wconf 89' lang='grc' dir='ltr'>πόλεων,</span> <span class='ocrx_word' id='word_1_101' title='bbox 478 1254 578 1335; x_wconf 77' lang='grc' dir='ltr'>ἤραντο</span> <span class='ocrx_word' id='word_1_102' title='bbox 597 1252 646 1324; x_wconf 75' lang='grc' dir='ltr'>τήν</span> <span class='ocrx_word' id='word_1_103' title='bbox 659 1255 750 1327; x_wconf 82' lang='grc' dir='ltr'>κλίνην</span> <span class='ocrx_word' id='word_1_104' title='bbox 769 1255 792 1312; x_wconf 86' lang='lat' dir='ltr'>ol</span> <span class='ocrx_word' id='word_1_105' title='bbox 804 1253 990 1335; x_wconf 86' lang='grc' dir='ltr'>λαμπρότατοι</span> <span class='ocrx_word' id='word_1_106' title='bbox 1003 1256 1055 1312; x_wconf 90' lang='grc' dir='ltr'>τῶν</span> <span class='ocrx_word' id='word_1_107' title='bbox 1112 1239 1213 1290; x_wconf 53' lang='lat' dir='ltr'>iuvem</span> <span class='ocrx_word' id='word_1_108' title='bbox 1231 1236 1386 1289; x_wconf 59' lang='lat' dir='ltr'>f⁰¹ffl¹¹ffl¹²i⁸</span> <span class='ocrx_word' id='word_1_109' title='bbox 1406 1236 1432 1286; x_wconf 50' lang='grc' dir='ltr'>δ’</span> <span class='ocrx_word' id='word_1_110' title='bbox 1450 1235 1516 1287; x_wconf 55' lang='grc' dir='ltr'>Μῃθ</span> <span class='ocrx_word' id='word_1_111' title='bbox 1528 1236 1718 1301; x_wconf 51' lang='lat' dir='ltr'>mmmm</span> <span class='ocrx_word' id='word_1_112' title='bbox 1730 1236 1824 1288; x_wconf 54' lang='lat' dir='ltr'>mum</span> <span class='ocrx_word' id='word_1_113' title='bbox 1842 1238 1895 1288; x_wconf 72' lang='lat'>¹¹¹¹·</span> 
     </span>
    </p>
   </div>
   <div class='ocr_carea' id='block_1_7' title="bbox 138 1333 1907 1790">
    <p class='ocr_par' dir='ltr' id='par_1_7' title="bbox 138 1333 1907 1790">
     <span class='ocr_line' id='line_1_12' title="bbox 138 1333 1895 1421; baseline -0.007 -22"><span class='ocrx_word' id='word_1_114' title='bbox 138 1392 142 1403; x_wconf 81' lang='grc'><em>.</em></span> <span class='ocrx_word' id='word_1_115' title='bbox 224 1367 250 1408; x_wconf 86' lang='grc' dir='ltr'>ιο</span> <span class='ocrx_word' id='word_1_116' title='bbox 276 1344 341 1405; x_wconf 75' lang='grc' dir='ltr'>νέων</span> <span class='ocrx_word' id='word_1_117' title='bbox 356 1347 383 1405; x_wconf 78' lang='lat' dir='ltr'>ds</span> <span class='ocrx_word' id='word_1_118' title='bbox 400 1353 453 1411; x_wconf 89' lang='grc' dir='ltr'>ταῖς</span> <span class='ocrx_word' id='word_1_119' title='bbox 467 1340 537 1403; x_wconf 76' lang='grc' dir='ltr'>κατὰ</span> <span class='ocrx_word' id='word_1_120' title='bbox 559 1342 689 1417; x_wconf 76' lang='grc' dir='ltr'>πολέμους</span> <span class='ocrx_word' id='word_1_121' title='bbox 709 1340 812 1421; x_wconf 77' lang='grc' dir='ltr'>ἔργοις·</span> <span class='ocrx_word' id='word_1_122' title='bbox 831 1343 877 1400; x_wconf 69' lang='grc' dir='ltr'>καὶ</span> <span class='ocrx_word' id='word_1_123' title='bbox 902 1342 1058 1419; x_wconf 66' lang='grc' dir='ltr'>κομίσαντος</span> <span class='ocrx_word' id='word_1_124' title='bbox 1111 1335 1187 1386; x_wconf 84' lang='lat' dir='ltr'>meris</span> <span class='ocrx_word' id='word_1_125' title='bbox 1199 1336 1344 1386; x_wconf 83' lang='lat' dir='ltr'>extulerunt</span> <span class='ocrx_word' id='word_1_126' title='bbox 1365 1351 1372 1382; x_wconf 79' lang='grc' dir='ltr'>ε</span> <span class='ocrx_word' id='word_1_127' title='bbox 1396 1336 1421 1383; x_wconf 92' lang='lat' dir='ltr'>et</span> <span class='ocrx_word' id='word_1_128' title='bbox 1440 1347 1499 1383; x_wconf 79' lang='lat' dir='ltr'>cunr</span> <span class='ocrx_word' id='word_1_129' title='bbox 1518 1347 1575 1385; x_wconf 91' lang='lat' dir='ltr'>eum</span> <span class='ocrx_word' id='word_1_130' title='bbox 1591 1333 1739 1385; x_wconf 82' lang='lat' dir='ltr'>detulissent</span> <span class='ocrx_word' id='word_1_131' title='bbox 1753 1334 1785 1385; x_wconf 92' lang='lat' dir='ltr'>ad</span> <span class='ocrx_word' id='word_1_132' title='bbox 1800 1335 1895 1386; x_wconf 89' lang='lat' dir='ltr'>subur·</span> 
     </span>
     <span class='ocr_line' id='line_1_13' title="bbox 277 1422 1899 1514; baseline -0.002 -27"><span class='ocrx_word' id='word_1_133' title='bbox 277 1438 313 1503; x_wconf 73' lang='grc' dir='ltr'>εἰς</span> <span class='ocrx_word' id='word_1_134' title='bbox 337 1433 368 1495; x_wconf 72' lang='grc' dir='ltr'>τὸ</span> <span class='ocrx_word' id='word_1_135' title='bbox 391 1432 565 1514; x_wconf 70' lang='grc' dir='ltr'>προάστειον,</span> <span class='ocrx_word' id='word_1_136' title='bbox 586 1427 734 1508; x_wconf 81' lang='grc' dir='ltr'>δμάλιστα</span> <span class='ocrx_word' id='word_1_137' title='bbox 756 1422 789 1503; x_wconf 83' lang='grc' dir='ltr'>ήν</span> <span class='ocrx_word' id='word_1_138' title='bbox 812 1431 949 1511; x_wconf 79' lang='grc' dir='ltr'>θπιφανίς,</span> <span class='ocrx_word' id='word_1_139' title='bbox 965 1430 1076 1490; x_wconf 80' lang='grc' dir='ltr'>ἔθεσαν.</span> <span class='ocrx_word' id='word_1_140' title='bbox 1112 1432 1197 1491; x_wconf 74' lang='lat' dir='ltr'>bium</span> <span class='ocrx_word' id='word_1_141' title='bbox 1220 1431 1288 1497; x_wconf 90' lang='lat' dir='ltr'>quod</span> <span class='ocrx_word' id='word_1_142' title='bbox 1312 1430 1419 1482; x_wconf 80' lang='lat' dir='ltr'>maxime</span> <span class='ocrx_word' id='word_1_143' title='bbox 1444 1434 1499 1482; x_wconf 89' lang='lat' dir='ltr'>erat</span> <span class='ocrx_word' id='word_1_144' title='bbox 1527 1432 1635 1497; x_wconf 78' lang='lat' dir='ltr'>insigne,</span> <span class='ocrx_word' id='word_1_145' title='bbox 1659 1447 1719 1498; x_wconf 87' lang='lat' dir='ltr'>rogo</span> <span class='ocrx_word' id='word_1_146' title='bbox 1750 1438 1899 1484; x_wconf 75' lang='lat' dir='ltr'>constructo</span> 
     </span>
     <span class='ocr_line' id='line_1_14' title="bbox 277 1517 1897 1602; baseline 0 -18"><span class='ocrx_word' id='word_1_147' title='bbox 277 1525 321 1584; x_wconf 77' lang='grc' dir='ltr'>ἐπὶ</span> <span class='ocrx_word' id='word_1_148' title='bbox 335 1523 383 1596; x_wconf 77' lang='grc' dir='ltr'>τήν</span> <span class='ocrx_word' id='word_1_149' title='bbox 396 1519 650 1602; x_wconf 67' lang='grc' dir='ltr'>παρεσκευασμένην</span> <span class='ocrx_word' id='word_1_150' title='bbox 671 1517 775 1597; x_wconf 74' lang='grc' dir='ltr'>πυράν,</span> <span class='ocrx_word' id='word_1_151' title='bbox 792 1519 1057 1599; x_wconf 78' lang='grc' dir='ltr'>συμπροπεμπούσης</span> <span class='ocrx_word' id='word_1_152' title='bbox 1112 1533 1296 1596; x_wconf 86' lang='lat' dir='ltr'>imposuerunt,</span> <span class='ocrx_word' id='word_1_153' title='bbox 1310 1532 1363 1580; x_wconf 87' lang='lat' dir='ltr'>tolo</span> <span class='ocrx_word' id='word_1_154' title='bbox 1374 1529 1465 1594; x_wconf 89' lang='lat' dir='ltr'>populo</span> <span class='ocrx_word' id='word_1_155' title='bbox 1478 1543 1536 1580; x_wconf 86' lang='lat' dir='ltr'>eum</span> <span class='ocrx_word' id='word_1_156' title='bbox 1547 1531 1643 1594; x_wconf 85' lang='lat' dir='ltr'>gemitu</span> <span class='ocrx_word' id='word_1_157' title='bbox 1654 1533 1681 1583; x_wconf 83' lang='lat' dir='ltr'>et</span> <span class='ocrx_word' id='word_1_158' title='bbox 1695 1531 1805 1582; x_wconf 78' lang='lat' dir='ltr'>lacrimis</span> <span class='ocrx_word' id='word_1_159' title='bbox 1816 1531 1897 1584; x_wconf 82' lang='lat' dir='ltr'>luuus</span> 
     </span>
     <span class='ocr_line' id='line_1_15' title="bbox 278 1604 1907 1695; baseline 0.006 -26"><span class='ocrx_word' id='word_1_160' title='bbox 278 1612 307 1669; x_wconf 80' lang='grc' dir='ltr'>τὸ</span> <span class='ocrx_word' id='word_1_161' title='bbox 318 1613 398 1688; x_wconf 87' lang='grc' dir='ltr'>σῶμα</span> <span class='ocrx_word' id='word_1_162' title='bbox 417 1615 465 1683; x_wconf 77' lang='grc' dir='ltr'>τῆς</span> <span class='ocrx_word' id='word_1_163' title='bbox 488 1607 590 1674; x_wconf 65' lang='grc' dir='ltr'>πόλεως</span> <span class='ocrx_word' id='word_1_164' title='bbox 604 1604 667 1679; x_wconf 67' lang='grc' dir='ltr'>ὅλης</span> <span class='ocrx_word' id='word_1_165' title='bbox 687 1611 744 1683; x_wconf 71' lang='grc' dir='ltr'>μετ’</span> <span class='ocrx_word' id='word_1_166' title='bbox 757 1609 875 1684; x_wconf 70' lang='grc' dir='ltr'>οἰμωγῆς</span> <span class='ocrx_word' id='word_1_167' title='bbox 889 1630 917 1666; x_wconf 68' lang='grc' dir='ltr'>τε</span> <span class='ocrx_word' id='word_1_168' title='bbox 943 1608 988 1665; x_wconf 69' lang='grc' dir='ltr'>καί</span> <span class='ocrx_word' id='word_1_169' title='bbox 1013 1607 1059 1665; x_wconf 68' lang='grc' dir='ltr'>δα·</span> <span class='ocrx_word' id='word_1_170' title='bbox 1113 1630 1287 1695; x_wconf 74' lang='lat' dir='ltr'>prosequente.</span> <span class='ocrx_word' id='word_1_171' title='bbox 1322 1627 1408 1679; x_wconf 84' lang='lat' dir='ltr'>Multis</span> <span class='ocrx_word' id='word_1_172' title='bbox 1426 1626 1517 1678; x_wconf 88' lang='lat' dir='ltr'>deinde</span> <span class='ocrx_word' id='word_1_173' title='bbox 1532 1628 1649 1678; x_wconf 86' lang='lat' dir='ltr'>mactatis</span> <span class='ocrx_word' id='word_1_174' title='bbox 1663 1629 1789 1690; x_wconf 84' lang='lat' dir='ltr'>victimis,</span> <span class='ocrx_word' id='word_1_175' title='bbox 1803 1629 1907 1681; x_wconf 77' lang='lat' dir='ltr'>oblatis</span> 
     </span>
     <span class='ocr_line' id='line_1_16' title="bbox 278 1694 1899 1790; baseline 0.001 -31"><span class='ocrx_word' id='word_1_176' title='bbox 278 1699 376 1780; x_wconf 87' lang='grc' dir='ltr'>κρύων.</span> <span class='ocrx_word' id='word_1_177' title='bbox 430 1697 547 1759; x_wconf 87' lang='grc' dir='ltr'>Ἔπιιτα</span> <span class='ocrx_word' id='word_1_178' title='bbox 573 1694 788 1776; x_wconf 76' lang='grc' dir='ltr'>κατασφάξαντές</span> <span class='ocrx_word' id='word_1_179' title='bbox 813 1720 843 1756; x_wconf 91' lang='grc' dir='ltr'>τε</span> <span class='ocrx_word' id='word_1_180' title='bbox 871 1698 942 1776; x_wconf 79' lang='grc' dir='ltr'>αύτῷ</span> <span class='ocrx_word' id='word_1_181' title='bbox 970 1695 1057 1755; x_wconf 70' lang='grc' dir='ltr'>πολλὰ</span> <span class='ocrx_word' id='word_1_182' title='bbox 1113 1738 1164 1790; x_wconf 57' lang='lat' dir='ltr'>que</span> <span class='ocrx_word' id='word_1_183' title='bbox 1181 1724 1296 1790; x_wconf 50' lang='lat' dir='ltr'><strong>omuibus</strong></span> <span class='ocrx_word' id='word_1_184' title='bbox 1317 1724 1463 1774; x_wconf 56' lang='lat' dir='ltr'><strong>muneribus</strong></span> <span class='ocrx_word' id='word_1_185' title='bbox 1483 1736 1541 1789; x_wconf 59' lang='lat' dir='ltr'>qu„</span> <span class='ocrx_word' id='word_1_186' title='bbox 1561 1725 1674 1776; x_wconf 56' lang='lat' dir='ltr'>homines</span> <span class='ocrx_word' id='word_1_187' title='bbox 1697 1726 1723 1775; x_wconf 68' lang='lat' dir='ltr'>j„</span> <span class='ocrx_word' id='word_1_188' title='bbox 1742 1740 1829 1790; x_wconf 57' lang='lat' dir='ltr'>regum</span> <span class='ocrx_word' id='word_1_189' title='bbox 1854 1726 1899 1777; x_wconf 50' lang='grc' dir='ltr'>,ογ</span> 
     </span>
    </p>
   </div>
   <div class='ocr_carea' id='block_1_8' title="bbox 227 1783 1901 2084">
    <p class='ocr_par' dir='ltr' id='par_1_8' title="bbox 227 1783 1901 2084">
     <span class='ocr_line' id='line_1_17' title="bbox 227 1783 1900 1887; baseline 0.014 -47"><span class='ocrx_word' id='word_1_190' title='bbox 227 1812 251 1851; x_wconf 85' lang='lat' dir='ltr'>ts</span> <span class='ocrx_word' id='word_1_191' title='bbox 280 1786 439 1867; x_wconf 79' lang='grc' dir='ltr'>βοσκήματα</span> <span class='ocrx_word' id='word_1_192' title='bbox 461 1784 582 1845; x_wconf 77' lang='grc' dir='ltr'>καὶτῶν</span> <span class='ocrx_word' id='word_1_193' title='bbox 605 1783 693 1843; x_wconf 75' lang='grc' dir='ltr'>ἄλλων</span> <span class='ocrx_word' id='word_1_194' title='bbox 719 1783 899 1864; x_wconf 78' lang='grc' dir='ltr'>ἀπαρξάμενοι</span> <span class='ocrx_word' id='word_1_195' title='bbox 927 1784 1052 1857; x_wconf 89' lang='grc' dir='ltr'>πάντων,</span> <span class='ocrx_word' id='word_1_196' title='bbox 1115 1823 1293 1887; x_wconf 50' lang='lat' dir='ltr'><strong>imperatorum</strong></span> <span class='ocrx_word' id='word_1_197' title='bbox 1318 1821 1447 1887; x_wconf 52' lang='lat' dir='ltr'>exsequiis</span> <span class='ocrx_word' id='word_1_198' title='bbox 1463 1835 1538 1887; x_wconf 56' lang='lat' dir='ltr'>super</span> <span class='ocrx_word' id='word_1_199' title='bbox 1560 1836 1619 1886; x_wconf 49' lang='grc' dir='ltr'>ως,</span> <span class='ocrx_word' id='word_1_200' title='bbox 1650 1822 1741 1873; x_wconf 62' lang='lat' dir='ltr'>opem</span> <span class='ocrx_word' id='word_1_201' title='bbox 1760 1823 1854 1885; x_wconf 68' lang='grc' dir='ltr'>ωιρηῑ,</span> <span class='ocrx_word' id='word_1_202' title='bbox 1879 1824 1900 1874; x_wconf 75' lang='lat' dir='ltr'>ii</span> 
     </span>
     <span class='ocr_line' id='line_1_18' title="bbox 278 1869 1900 1984; baseline 0.013 -33"><span class='ocrx_word' id='word_1_203' title='bbox 278 1874 347 1936; x_wconf 60' lang='grc' dir='ltr'>ὅσω*</span> <span class='ocrx_word' id='word_1_204' title='bbox 359 1874 490 1955; x_wconf 57' lang='lat' dir='ltr'>dioimm*</span> <span class='ocrx_word' id='word_1_205' title='bbox 505 1869 685 1979; x_wconf 55' lang='grc' dir='ltr'>ῆασῑλῶσινῆ</span> <span class='ocrx_word' id='word_1_206' title='bbox 698 1883 823 1951; x_wconf 55' lang='grc' dir='ltr'>στρατιᾶς</span> <span class='ocrx_word' id='word_1_207' title='bbox 832 1871 960 1949; x_wconf 52' lang='grc' dir='ltr'>ἡγεμόσιν</span> <span class='ocrx_word' id='word_1_208' title='bbox 971 1873 1057 1981; x_wconf 60' lang='grc' dir='ltr'>ἄπάί’</span> <span class='ocrx_word' id='word_1_209' title='bbox 1114 1920 1207 1984; x_wconf 89' lang='lat' dir='ltr'>qnlbus</span> <span class='ocrx_word' id='word_1_210' title='bbox 1218 1923 1272 1971; x_wconf 90' lang='lat' dir='ltr'>erat</span> <span class='ocrx_word' id='word_1_211' title='bbox 1287 1919 1433 1971; x_wconf 87' lang='lat' dir='ltr'>carissimus</span> <span class='ocrx_word' id='word_1_212' title='bbox 1442 1925 1616 1971; x_wconf 84' lang='lat' dir='ltr'>remanserunt</span> <span class='ocrx_word' id='word_1_213' title='bbox 1639 1920 1719 1972; x_wconf 88' lang='lat' dir='ltr'>donec</span> <span class='ocrx_word' id='word_1_214' title='bbox 1731 1921 1831 1972; x_wconf 84' lang='lat' dir='ltr'>llamma</span> <span class='ocrx_word' id='word_1_215' title='bbox 1843 1922 1900 1971; x_wconf 88' lang='lat' dir='ltr'>lan·</span> 
     </span>
     <span class='ocr_line' id='line_1_19' title="bbox 279 1960 1901 2084; baseline 0.017 -44"><span class='ocrx_word' id='word_1_216' title='bbox 279 1986 390 2043; x_wconf 58' lang='lat' dir='ltr'>limis</span> <span class='ocrx_word' id='word_1_217' title='bbox 412 1960 575 2043; x_wconf 58' lang='grc' dir='ltr'>παίίμωαν</span> <span class='ocrx_word' id='word_1_218' title='bbox 594 1961 619 2018; x_wconf 58' lang='grc' dir='ltr'>Οἱ</span> <span class='ocrx_word' id='word_1_219' title='bbox 641 1960 757 2037; x_wconf 53' lang='grc' dir='ltr'>μάλιστα</span> <span class='ocrx_word' id='word_1_220' title='bbox 776 1960 821 2019; x_wconf 60' lang='grc' dir='ltr'>τὸν</span> <span class='ocrx_word' id='word_1_221' title='bbox 841 1960 923 2042; x_wconf 61' lang='grc' dir='ltr'>ἄνδρα</span> <span class='ocrx_word' id='word_1_222' title='bbox 937 1964 1057 2031; x_wconf 41' lang='grc' dir='ltr'>ἀπίῳ</span> <span class='ocrx_word' id='word_1_223' title='bbox 1115 2029 1233 2080; x_wconf 87' lang='lat' dir='ltr'>guescens</span> <span class='ocrx_word' id='word_1_224' title='bbox 1247 2015 1414 2068; x_wconf 81' lang='lat' dir='ltr'>subsideret:</span> <span class='ocrx_word' id='word_1_225' title='bbox 1438 2020 1464 2067; x_wconf 90' lang='lat' dir='ltr'>et</span> <span class='ocrx_word' id='word_1_226' title='bbox 1485 2017 1574 2069; x_wconf 88' lang='lat' dir='ltr'>deinde</span> <span class='ocrx_word' id='word_1_227' title='bbox 1594 1960 1712 2069; x_wconf 73' lang='lat' dir='ltr'>collectas</span> <span class='ocrx_word' id='word_1_228' title='bbox 1731 2019 1850 2084; x_wconf 74' lang='lat' dir='ltr'>reliquias</span> <span class='ocrx_word' id='word_1_229' title='bbox 1871 2018 1901 2068; x_wconf 87' lang='lat' dir='ltr'>in</span> 
     </span>
    </p>
   </div>
   <div class='ocr_carea' id='block_1_9' title="bbox 280 2046 1901 2221">
    <p class='ocr_par' dir='ltr' id='par_1_9' title="bbox 280 2046 1901 2221">
     <span class='ocr_line' id='line_1_20' title="bbox 281 2046 1057 2132; baseline -0.013 -20"><span class='ocrx_word' id='word_1_230' title='bbox 281 2075 354 2129; x_wconf 83' lang='grc' dir='ltr'>μενοι</span> <span class='ocrx_word' id='word_1_231' title='bbox 380 2050 461 2132; x_wconf 82' lang='grc' dir='ltr'>μάχρι</span> <span class='ocrx_word' id='word_1_232' title='bbox 481 2053 528 2109; x_wconf 79' lang='grc' dir='ltr'>τοῦ</span> <span class='ocrx_word' id='word_1_233' title='bbox 554 2050 720 2127; x_wconf 76' lang='grc' dir='ltr'>μαρανθῆναι</span> <span class='ocrx_word' id='word_1_234' title='bbox 749 2046 797 2117; x_wconf 80' lang='grc' dir='ltr'>τὴν</span> <span class='ocrx_word' id='word_1_235' title='bbox 820 2048 921 2128; x_wconf 88' lang='grc' dir='ltr'>φλόγα·</span> <span class='ocrx_word' id='word_1_236' title='bbox 942 2048 1057 2108; x_wconf 76' lang='grc' dir='ltr'>κᾶπειτα</span> 
     </span>
     <span class='ocr_line' id='line_1_21' title="bbox 280 2117 1901 2221; baseline -0.014 -31"><span class='ocrx_word' id='word_1_237' title='bbox 280 2141 469 2221; x_wconf 61' lang='grc' dir='ltr'>οσοαραφόοτςς</span> <span class='ocrx_word' id='word_1_238' title='bbox 479 2138 513 2198; x_wconf 63' lang='grc' dir='ltr'>τὰ</span> <span class='ocrx_word' id='word_1_239' title='bbox 527 2134 640 2217; x_wconf 61' lang='grc' dir='ltr'>λοιφαοα</span> <span class='ocrx_word' id='word_1_240' title='bbox 655 2133 756 2216; x_wconf 57' lang='grc' dir='ltr'>ῖθαψαο</span> <span class='ocrx_word' id='word_1_241' title='bbox 771 2138 798 2195; x_wconf 71' lang='grc' dir='ltr'>γ,</span> <span class='ocrx_word' id='word_1_242' title='bbox 813 2140 850 2214; x_wconf 65' lang='grc' dir='ltr'>,ᾧ</span> <span class='ocrx_word' id='word_1_243' title='bbox 866 2138 936 2216; x_wconf 49' lang='grc' dir='ltr'>,φηγ</span> <span class='ocrx_word' id='word_1_244' title='bbox 949 2136 1056 2217; x_wconf 47' lang='grc' dir='ltr'>χωργῳ,</span> <span class='ocrx_word' id='word_1_245' title='bbox 1111 2117 1197 2170; x_wconf 89' lang='lat' dir='ltr'>eodem</span> <span class='ocrx_word' id='word_1_246' title='bbox 1211 2117 1265 2168; x_wconf 82' lang='lat' dir='ltr'>lom</span> <span class='ocrx_word' id='word_1_247' title='bbox 1282 2117 1419 2167; x_wconf 89' lang='lat' dir='ltr'>bumarunt</span> <span class='ocrx_word' id='word_1_248' title='bbox 1432 2153 1438 2176; x_wconf 90' lang='lat'>,</span> <span class='ocrx_word' id='word_1_249' title='bbox 1452 2117 1561 2167; x_wconf 84' lang='lat' dir='ltr'>tumulto</span> <span class='ocrx_word' id='word_1_250' title='bbox 1572 2117 1671 2168; x_wconf 84' lang='lat' dir='ltr'>excelso</span> <span class='ocrx_word' id='word_1_251' title='bbox 1681 2131 1754 2183; x_wconf 88' lang='lat' dir='ltr'>supra</span> <span class='ocrx_word' id='word_1_252' title='bbox 1767 2131 1808 2168; x_wconf 84' lang='lat' dir='ltr'>eas</span> <span class='ocrx_word' id='word_1_253' title='bbox 1824 2120 1901 2169; x_wconf 91' lang='lat' dir='ltr'>mul-</span> 
     </span>
    </p>
   </div>
   <div class='ocr_carea' id='block_1_10' title="bbox 226 2214 1776 2396">
    <p class='ocr_par' dir='ltr' id='par_1_10' title="bbox 226 2214 1776 2396">
     <span class='ocr_line' id='line_1_22' title="bbox 226 2214 1776 2309; baseline -0.006 -21"><span class='ocrx_word' id='word_1_254' title='bbox 226 2261 253 2299; x_wconf 68' lang='grc' dir='ltr'>σο</span> <span class='ocrx_word' id='word_1_255' title='bbox 279 2227 387 2307; x_wconf 82' lang='grc' dir='ltr'>χώματι</span> <span class='ocrx_word' id='word_1_256' title='bbox 410 2226 504 2309; x_wconf 77' lang='grc' dir='ltr'>ὑψηλῷ</span> <span class='ocrx_word' id='word_1_257' title='bbox 528 2222 571 2283; x_wconf 77' lang='grc' dir='ltr'>διὰ</span> <span class='ocrx_word' id='word_1_258' title='bbox 592 2221 764 2304; x_wconf 79' lang='grc' dir='ltr'>πολυχειρίας</span> <span class='ocrx_word' id='word_1_259' title='bbox 788 2223 940 2303; x_wconf 73' lang='grc' dir='ltr'>ἐργασθέντι</span> <span class='ocrx_word' id='word_1_260' title='bbox 965 2229 1058 2301; x_wconf 90' lang='grc' dir='ltr'>μνῆμα</span> <span class='ocrx_word' id='word_1_261' title='bbox 1114 2217 1199 2265; x_wconf 60' lang='grc' dir='ltr'>(ΜΝ</span> <span class='ocrx_word' id='word_1_262' title='bbox 1216 2228 1292 2266; x_wconf 68' lang='lat' dir='ltr'>minu</span> <span class='ocrx_word' id='word_1_263' title='bbox 1308 2227 1353 2279; x_wconf 71' lang='lat' dir='ltr'>Pf⁰</span> <span class='ocrx_word' id='word_1_264' title='bbox 1367 2219 1528 2266; x_wconf 69' lang='lat'>¹¹¹⁰¹¹¹¹¹¹¹0¹¹¹⁰</span> <span class='ocrx_word' id='word_1_265' title='bbox 1540 2214 1629 2281; x_wconf 62' lang='grc' dir='ltr'>ίθθῑθῑῑῑ</span> <span class='ocrx_word' id='word_1_266' title='bbox 1642 2219 1776 2267; x_wconf 61' lang='grc' dir='ltr'>θδῦῑῐΰθῑῡ·</span> 
     </span>
     <span class='ocr_line' id='line_1_23' title="bbox 281 2312 615 2396; baseline 0 -22"><span class='ocrx_word' id='word_1_267' title='bbox 281 2317 410 2394; x_wconf 84' lang='grc' dir='ltr'>ίπίσημον</span> <span class='ocrx_word' id='word_1_268' title='bbox 427 2312 615 2396; x_wconf 76' lang='grc' dir='ltr'>ἐργασάμενοι.</span> 
     </span>
    </p>
   </div>
   <div class='ocr_carea' id='block_1_11' title="bbox 1108 853 1897 1011">
    <p class='ocr_par' dir='ltr' id='par_1_11' title="bbox 1108 853 1897 1011">
     <span class='ocr_line' id='line_1_24' title="bbox 1108 853 1895 920; baseline 0.003 -15"><span class='ocrx_word' id='word_1_269' title='bbox 1108 855 1280 906; x_wconf 77' lang='lat' dir='ltr'>necessarium.</span> <span class='ocrx_word' id='word_1_270' title='bbox 1314 857 1416 920; x_wconf 89' lang='lat' dir='ltr'>lamque</span> <span class='ocrx_word' id='word_1_271' title='bbox 1428 853 1504 905; x_wconf 86' lang='lat' dir='ltr'>rebus</span> <span class='ocrx_word' id='word_1_272' title='bbox 1514 853 1629 905; x_wconf 89' lang='lat' dir='ltr'>omnibus</span> <span class='ocrx_word' id='word_1_273' title='bbox 1642 853 1746 919; x_wconf 89' lang='lat' dir='ltr'>paratis,</span> <span class='ocrx_word' id='word_1_274' title='bbox 1759 868 1814 903; x_wconf 85' lang='lat' dir='ltr'>cum</span> <span class='ocrx_word' id='word_1_275' title='bbox 1827 870 1895 907; x_wconf 86' lang='lat' dir='ltr'>eum</span> 
     </span>
     <span class='ocr_line' id='line_1_25' title="bbox 1108 945 1897 1011; baseline 0.004 -16"><span class='ocrx_word' id='word_1_276' title='bbox 1108 945 1133 995; x_wconf 93' lang='lat' dir='ltr'>in</span> <span class='ocrx_word' id='word_1_277' title='bbox 1143 947 1207 997; x_wconf 89' lang='lat' dir='ltr'>leeto</span> <span class='ocrx_word' id='word_1_278' title='bbox 1217 946 1415 1011; x_wconf 84' lang='lat' dir='ltr'>splendidissime</span> <span class='ocrx_word' id='word_1_279' title='bbox 1424 950 1515 996; x_wconf 90' lang='lat' dir='ltr'>ornato</span> <span class='ocrx_word' id='word_1_280' title='bbox 1525 958 1583 997; x_wconf 90' lang='lat' dir='ltr'>cum</span> <span class='ocrx_word' id='word_1_281' title='bbox 1592 945 1751 1011; x_wconf 88' lang='lat' dir='ltr'>imperatoria</span> <span class='ocrx_word' id='word_1_282' title='bbox 1760 952 1830 997; x_wconf 82' lang='lat' dir='ltr'>roste</span> <span class='ocrx_word' id='word_1_283' title='bbox 1839 949 1897 998; x_wconf 84' lang='lat' dir='ltr'>col·</span> 
     </span>
    </p>
   </div>
   <div class='ocr_carea' id='block_1_12' title="bbox 227 2398 1903 5319">
    <p class='ocr_par' dir='ltr' id='par_1_12' title="bbox 280 2398 1901 2663">
     <span class='ocr_line' id='line_1_26' title="bbox 322 2398 1901 2486; baseline -0.003 -18"><span class='ocrx_word' id='word_1_284' title='bbox 322 2407 380 2468; x_wconf 84' lang='lat' dir='ltr'>LX.</span> <span class='ocrx_word' id='word_1_285' title='bbox 393 2405 513 2486; x_wconf 85' lang='grc' dir='ltr'>Μάρκιος</span> <span class='ocrx_word' id='word_1_286' title='bbox 522 2400 612 2480; x_wconf 74' lang='grc' dir='ltr'>μὲνδὴ</span> <span class='ocrx_word' id='word_1_287' title='bbox 626 2398 749 2473; x_wconf 77' lang='grc' dir='ltr'>τοιαύτης</span> <span class='ocrx_word' id='word_1_288' title='bbox 762 2407 945 2484; x_wconf 76' lang='grc' dir='ltr'>καταστροφῆς</span> <span class='ocrx_word' id='word_1_289' title='bbox 957 2402 1057 2483; x_wconf 74' lang='grc' dir='ltr'>ἔτυχεν,</span> <span class='ocrx_word' id='word_1_290' title='bbox 1150 2416 1199 2465; x_wconf 79' lang='lat' dir='ltr'>bx.</span> <span class='ocrx_word' id='word_1_291' title='bbox 1218 2414 1327 2465; x_wconf 89' lang='lat' dir='ltr'>blareius</span> <span class='ocrx_word' id='word_1_292' title='bbox 1347 2413 1424 2478; x_wconf 86' lang='lat' dir='ltr'>igitur</span> <span class='ocrx_word' id='word_1_293' title='bbox 1438 2413 1506 2463; x_wconf 84' lang='lat' dir='ltr'>buno</span> <span class='ocrx_word' id='word_1_294' title='bbox 1527 2410 1616 2463; x_wconf 80' lang='lat' dir='ltr'>hebuit</span> <span class='ocrx_word' id='word_1_295' title='bbox 1641 2411 1702 2463; x_wconf 80' lang='lat' dir='ltr'>vitas</span> <span class='ocrx_word' id='word_1_296' title='bbox 1719 2412 1825 2475; x_wconf 80' lang='lat' dir='ltr'>exitum,</span> <span class='ocrx_word' id='word_1_297' title='bbox 1846 2414 1901 2475; x_wconf 83' lang='lat' dir='ltr'>vir,</span> 
     </span>
     <span class='ocr_line' id='line_1_27' title="bbox 282 2490 1900 2574; baseline 0.001 -23"><span class='ocrx_word' id='word_1_298' title='bbox 282 2496 349 2574; x_wconf 79' lang='grc' dir='ltr'>ἀνήρ</span> <span class='ocrx_word' id='word_1_299' title='bbox 362 2494 409 2556; x_wconf 85' lang='grc' dir='ltr'>καλ</span> <span class='ocrx_word' id='word_1_300' title='bbox 424 2493 457 2553; x_wconf 77' lang='lat' dir='ltr'>cd</span> <span class='ocrx_word' id='word_1_301' title='bbox 479 2490 593 2567; x_wconf 72' lang='grc' dir='ltr'>πολέμια</span> <span class='ocrx_word' id='word_1_302' title='bbox 610 2490 714 2571; x_wconf 80' lang='grc' dir='ltr'>ἄριστος</span> <span class='ocrx_word' id='word_1_303' title='bbox 731 2492 783 2550; x_wconf 88' lang='grc' dir='ltr'>τῶν</span> <span class='ocrx_word' id='word_1_304' title='bbox 803 2495 862 2551; x_wconf 81' lang='grc' dir='ltr'>καθ’</span> <span class='ocrx_word' id='word_1_305' title='bbox 878 2493 999 2566; x_wconf 75' lang='grc' dir='ltr'>ἡλικίαν,</span> <span class='ocrx_word' id='word_1_306' title='bbox 1011 2491 1057 2553; x_wconf 77' lang='grc' dir='ltr'>καί</span> <span class='ocrx_word' id='word_1_307' title='bbox 1115 2505 1160 2570; x_wconf 90' lang='lat' dir='ltr'>qui</span> <span class='ocrx_word' id='word_1_308' title='bbox 1175 2517 1261 2554; x_wconf 90' lang='lat' dir='ltr'>omnes</span> <span class='ocrx_word' id='word_1_309' title='bbox 1273 2501 1356 2553; x_wconf 75' lang='lat' dir='ltr'>estatis</span> <span class='ocrx_word' id='word_1_310' title='bbox 1377 2515 1429 2553; x_wconf 76' lang='lat' dir='ltr'>sune</span> <span class='ocrx_word' id='word_1_311' title='bbox 1450 2500 1562 2552; x_wconf 89' lang='lat' dir='ltr'>homines</span> <span class='ocrx_word' id='word_1_312' title='bbox 1576 2500 1672 2552; x_wconf 67' lang='lat' dir='ltr'>vidula</span> <span class='ocrx_word' id='word_1_313' title='bbox 1689 2501 1778 2552; x_wconf 85' lang='lat' dir='ltr'>bellica</span> <span class='ocrx_word' id='word_1_314' title='bbox 1791 2516 1900 2567; x_wconf 83' lang='lat' dir='ltr'>supera·</span> 
     </span>
     <span class='ocr_line' id='line_1_28' title="bbox 280 2578 1898 2663; baseline 0.002 -25"><span class='ocrx_word' id='word_1_315' title='bbox 280 2584 345 2663; x_wconf 80' lang='grc' dir='ltr'>πρδς</span> <span class='ocrx_word' id='word_1_316' title='bbox 359 2578 464 2651; x_wconf 72' lang='grc' dir='ltr'>ἁπάσας</span> <span class='ocrx_word' id='word_1_317' title='bbox 475 2581 523 2649; x_wconf 74' lang='grc' dir='ltr'>τὰς</span> <span class='ocrx_word' id='word_1_318' title='bbox 534 2579 628 2652; x_wconf 74' lang='grc' dir='ltr'>ἡδονὰς</span> <span class='ocrx_word' id='word_1_319' title='bbox 643 2578 703 2639; x_wconf 81' lang='grc' dir='ltr'>ὅσοι</span> <span class='ocrx_word' id='word_1_320' title='bbox 713 2579 824 2661; x_wconf 80' lang='grc' dir='ltr'>ἄρχουσι</span> <span class='ocrx_word' id='word_1_321' title='bbox 840 2581 904 2642; x_wconf 81' lang='grc' dir='ltr'>νέων</span> <span class='ocrx_word' id='word_1_322' title='bbox 918 2582 1058 2662; x_wconf 80' lang='grc' dir='ltr'>ίγκρατής,</span> <span class='ocrx_word' id='word_1_323' title='bbox 1116 2593 1170 2654; x_wconf 77' lang='lat' dir='ltr'>eit,</span> <span class='ocrx_word' id='word_1_324' title='bbox 1182 2590 1263 2656; x_wconf 89' lang='lat' dir='ltr'>etqui</span> <span class='ocrx_word' id='word_1_325' title='bbox 1274 2590 1390 2641; x_wconf 87' lang='lat' dir='ltr'>omnibus</span> <span class='ocrx_word' id='word_1_326' title='bbox 1411 2589 1592 2654; x_wconf 82' lang='lat' dir='ltr'>voluptatibus,</span> <span class='ocrx_word' id='word_1_327' title='bbox 1610 2602 1668 2653; x_wconf 85' lang='lat' dir='ltr'>quae</span> <span class='ocrx_word' id='word_1_328' title='bbox 1679 2590 1805 2642; x_wconf 77' lang='lat' dir='ltr'>iuuentuti</span> <span class='ocrx_word' id='word_1_329' title='bbox 1816 2592 1898 2657; x_wconf 88' lang='lat' dir='ltr'>impe-</span> 
     </span>
    </p>

    <p class='ocr_par' dir='ltr' id='par_1_13' title="bbox 227 2668 1901 4074">
     <span class='ocr_line' id='line_1_29' title="bbox 227 2668 1901 2749; baseline -0.007 -16"><span class='ocrx_word' id='word_1_330' title='bbox 227 2704 254 2745; x_wconf 69' lang='grc' dir='ltr'>ος</span> <span class='ocrx_word' id='word_1_331' title='bbox 280 2674 314 2733; x_wconf 88' lang='grc' dir='ltr'>τά</span> <span class='ocrx_word' id='word_1_332' title='bbox 329 2699 359 2734; x_wconf 91' lang='grc' dir='ltr'>τε</span> <span class='ocrx_word' id='word_1_333' title='bbox 371 2673 460 2733; x_wconf 84' lang='grc' dir='ltr'>δίκαια</span> <span class='ocrx_word' id='word_1_334' title='bbox 473 2674 521 2730; x_wconf 78' lang='grc' dir='ltr'>οὐκ</span> <span class='ocrx_word' id='word_1_335' title='bbox 540 2668 593 2731; x_wconf 80' lang='grc' dir='ltr'>ἀπδ</span> <span class='ocrx_word' id='word_1_336' title='bbox 609 2669 692 2746; x_wconf 86' lang='grc' dir='ltr'>νόμου</span> <span class='ocrx_word' id='word_1_337' title='bbox 715 2672 815 2745; x_wconf 76' lang='grc' dir='ltr'>μᾶλλον</span> <span class='ocrx_word' id='word_1_338' title='bbox 829 2669 944 2749; x_wconf 79' lang='grc' dir='ltr'>ἀνάγκης</span> <span class='ocrx_word' id='word_1_339' title='bbox 957 2672 1001 2729; x_wconf 82' lang='grc' dir='ltr'>διὰ</span> <span class='ocrx_word' id='word_1_340' title='bbox 1015 2694 1058 2728; x_wconf 88' lang='grc' dir='ltr'>τι·</span> <span class='ocrx_word' id='word_1_341' title='bbox 1116 2684 1188 2740; x_wconf 83' lang='lat' dir='ltr'>rant,</span> <span class='ocrx_word' id='word_1_342' title='bbox 1204 2676 1385 2744; x_wconf 78' lang='lat' dir='ltr'>superiorfuit</span> <span class='ocrx_word' id='word_1_343' title='bbox 1399 2677 1571 2742; x_wconf 89' lang='lat' dir='ltr'>iustitiamque</span> <span class='ocrx_word' id='word_1_344' title='bbox 1585 2677 1676 2739; x_wconf 90' lang='lat' dir='ltr'>coluit,</span> <span class='ocrx_word' id='word_1_345' title='bbox 1690 2691 1741 2728; x_wconf 89' lang='lat' dir='ltr'>non</span> <span class='ocrx_word' id='word_1_346' title='bbox 1758 2678 1841 2744; x_wconf 88' lang='lat' dir='ltr'>legum</span> <span class='ocrx_word' id='word_1_347' title='bbox 1852 2694 1901 2745; x_wconf 84' lang='grc' dir='ltr'>ρο.</span> 
     </span>
     <span class='ocr_line' id='line_1_30' title="bbox 282 2755 1898 2841; baseline -0.001 -21"><span class='ocrx_word' id='word_1_348' title='bbox 282 2766 387 2841; x_wconf 88' lang='grc' dir='ltr'>μωριῶν</span> <span class='ocrx_word' id='word_1_349' title='bbox 403 2761 459 2827; x_wconf 78' lang='grc' dir='ltr'>δέος</span> <span class='ocrx_word' id='word_1_350' title='bbox 480 2757 602 2825; x_wconf 81' lang='grc' dir='ltr'>ἀκούσιος</span> <span class='ocrx_word' id='word_1_351' title='bbox 621 2755 779 2832; x_wconf 81' lang='grc' dir='ltr'>ἀποδιδούς,</span> <span class='ocrx_word' id='word_1_352' title='bbox 799 2759 858 2818; x_wconf 77' lang='grc' dir='ltr'>ἀλλ’</span> <span class='ocrx_word' id='word_1_353' title='bbox 875 2758 942 2817; x_wconf 84' lang='grc' dir='ltr'>ίκών</span> <span class='ocrx_word' id='word_1_354' title='bbox 962 2783 991 2817; x_wconf 92' lang='grc' dir='ltr'>τε</span> <span class='ocrx_word' id='word_1_355' title='bbox 1012 2758 1058 2817; x_wconf 83' lang='grc' dir='ltr'>καὶ</span> <span class='ocrx_word' id='word_1_356' title='bbox 1116 2770 1168 2820; x_wconf 89' lang='lat' dir='ltr'>tius</span> <span class='ocrx_word' id='word_1_357' title='bbox 1178 2766 1325 2819; x_wconf 88' lang='lat' dir='ltr'>necessitate</span> <span class='ocrx_word' id='word_1_358' title='bbox 1334 2765 1636 2831; x_wconf 76' lang='lat' dir='ltr'>obpaenaelormidlnem,</span> <span class='ocrx_word' id='word_1_359' title='bbox 1651 2780 1730 2831; x_wconf 77' lang='grc' dir='ltr'>σαιω</span> <span class='ocrx_word' id='word_1_360' title='bbox 1741 2773 1830 2832; x_wconf 89' lang='lat' dir='ltr'>sponte</span> <span class='ocrx_word' id='word_1_361' title='bbox 1841 2783 1898 2828; x_wconf 82' lang='lat' dir='ltr'>sua,</span> 
     </span>
     <span class='ocr_line' id='line_1_31' title="bbox 280 2836 1900 2929; baseline 0.001 -21"><span class='ocrx_word' id='word_1_362' title='bbox 280 2850 403 2929; x_wconf 85' lang='grc' dir='ltr'>πεφυκὼς</span> <span class='ocrx_word' id='word_1_363' title='bbox 415 2846 480 2926; x_wconf 88' lang='grc' dir='ltr'>πρδς</span> <span class='ocrx_word' id='word_1_364' title='bbox 494 2847 562 2906; x_wconf 84' lang='grc' dir='ltr'>αθτδι</span> <span class='ocrx_word' id='word_1_365' title='bbox 581 2836 611 2905; x_wconf 79' lang='grc' dir='ltr'>σύ</span> <span class='ocrx_word' id='word_1_366' title='bbox 627 2845 673 2905; x_wconf 78' lang='grc' dir='ltr'>καί</span> <span class='ocrx_word' id='word_1_367' title='bbox 697 2848 750 2906; x_wconf 80' lang='grc' dir='ltr'>οὐδ’</span> <span class='ocrx_word' id='word_1_368' title='bbox 768 2849 793 2906; x_wconf 80' lang='grc' dir='ltr'>ἐν</span> <span class='ocrx_word' id='word_1_369' title='bbox 811 2850 904 2925; x_wconf 72' lang='grc' dir='ltr'>ἀρετῆς</span> <span class='ocrx_word' id='word_1_370' title='bbox 928 2846 1006 2929; x_wconf 70' lang='grc' dir='ltr'>μοίρᾳ</span> <span class='ocrx_word' id='word_1_371' title='bbox 1027 2847 1058 2905; x_wconf 86' lang='grc' dir='ltr'>τὸ</span> <span class='ocrx_word' id='word_1_372' title='bbox 1116 2855 1218 2923; x_wconf 87' lang='lat' dir='ltr'>quiaad</span> <span class='ocrx_word' id='word_1_373' title='bbox 1231 2868 1286 2906; x_wconf 89' lang='lat' dir='ltr'>eam</span> <span class='ocrx_word' id='word_1_374' title='bbox 1301 2858 1375 2919; x_wconf 91' lang='lat' dir='ltr'>aptus</span> <span class='ocrx_word' id='word_1_375' title='bbox 1387 2857 1461 2904; x_wconf 84' lang='lat' dir='ltr'>natus</span> <span class='ocrx_word' id='word_1_376' title='bbox 1481 2857 1545 2916; x_wconf 91' lang='lat' dir='ltr'>erat,</span> <span class='ocrx_word' id='word_1_377' title='bbox 1563 2857 1589 2904; x_wconf 95' lang='lat' dir='ltr'>et</span> <span class='ocrx_word' id='word_1_378' title='bbox 1608 2853 1733 2905; x_wconf 90' lang='lat' dir='ltr'>neminem</span> <span class='ocrx_word' id='word_1_379' title='bbox 1754 2855 1846 2908; x_wconf 77' lang='lat' dir='ltr'>laedere</span> <span class='ocrx_word' id='word_1_380' title='bbox 1865 2872 1900 2908; x_wconf 90' lang='lat' dir='ltr'>ne</span> 
     </span>
     <span class='ocr_line' id='line_1_32' title="bbox 281 2933 1900 3018; baseline 0.002 -24"><span class='ocrx_word' id='word_1_381' title='bbox 281 2936 364 3015; x_wconf 81' lang='grc' dir='ltr'>μηδὲν</span> <span class='ocrx_word' id='word_1_382' title='bbox 381 2934 485 2993; x_wconf 74' lang='grc' dir='ltr'>ἀδικεῖν</span> <span class='ocrx_word' id='word_1_383' title='bbox 500 2934 650 3011; x_wconf 80' lang='grc' dir='ltr'>τιθέμενος,</span> <span class='ocrx_word' id='word_1_384' title='bbox 669 2934 699 2991; x_wconf 83' lang='grc' dir='ltr'>ού</span> <span class='ocrx_word' id='word_1_385' title='bbox 714 2935 792 3007; x_wconf 87' lang='grc' dir='ltr'>μόνον</span> <span class='ocrx_word' id='word_1_386' title='bbox 806 2937 831 3018; x_wconf 74' lang='grc' dir='ltr'>τ’</span> <span class='ocrx_word' id='word_1_387' title='bbox 851 2935 927 3002; x_wconf 81' lang='grc' dir='ltr'>αὐτὸς</span> <span class='ocrx_word' id='word_1_388' title='bbox 940 2933 1058 3010; x_wconf 74' lang='grc' dir='ltr'>ἁγνεύειν</span> <span class='ocrx_word' id='word_1_389' title='bbox 1116 2945 1182 2995; x_wconf 89' lang='lat' dir='ltr'>iuter</span> <span class='ocrx_word' id='word_1_390' title='bbox 1195 2944 1261 3009; x_wconf 87' lang='lat' dir='ltr'>ipsas</span> <span class='ocrx_word' id='word_1_391' title='bbox 1283 2941 1385 3008; x_wconf 90' lang='lat' dir='ltr'>quidem</span> <span class='ocrx_word' id='word_1_392' title='bbox 1410 2942 1513 2993; x_wconf 87' lang='lat' dir='ltr'>virtutis</span> <span class='ocrx_word' id='word_1_393' title='bbox 1535 2945 1619 3007; x_wconf 86' lang='lat' dir='ltr'>partes</span> <span class='ocrx_word' id='word_1_394' title='bbox 1640 2945 1821 2996; x_wconf 79' lang='lat' dir='ltr'>recensendum</span> <span class='ocrx_word' id='word_1_395' title='bbox 1843 2960 1900 2997; x_wconf 85' lang='lat' dir='ltr'>esse</span> 
     </span>
     <span class='ocr_line' id='line_1_33' title="bbox 282 3020 1900 3101; baseline 0.002 -17"><span class='ocrx_word' id='word_1_396' title='bbox 282 3023 335 3086; x_wconf 80' lang='grc' dir='ltr'>άπδ</span> <span class='ocrx_word' id='word_1_397' title='bbox 353 3024 441 3095; x_wconf 83' lang='grc' dir='ltr'>πάσης</span> <span class='ocrx_word' id='word_1_398' title='bbox 466 3021 561 3088; x_wconf 86' lang='grc' dir='ltr'>κακίας</span> <span class='ocrx_word' id='word_1_399' title='bbox 587 3020 817 3101; x_wconf 81' lang='grc' dir='ltr'>προθυμούμενος,</span> <span class='ocrx_word' id='word_1_400' title='bbox 841 3023 911 3082; x_wconf 73' lang='grc' dir='ltr'>ἀλλὰ</span> <span class='ocrx_word' id='word_1_401' title='bbox 931 3023 976 3081; x_wconf 84' lang='grc' dir='ltr'>καί</span> <span class='ocrx_word' id='word_1_402' title='bbox 1000 3021 1059 3091; x_wconf 82' lang='grc' dir='ltr'>τοὺς</span> <span class='ocrx_word' id='word_1_403' title='bbox 1115 3033 1246 3095; x_wconf 84' lang='lat' dir='ltr'>censebat;</span> <span class='ocrx_word' id='word_1_404' title='bbox 1261 3046 1307 3084; x_wconf 90' lang='lat' dir='ltr'>nec</span> <span class='ocrx_word' id='word_1_405' title='bbox 1328 3032 1409 3083; x_wconf 90' lang='lat' dir='ltr'>solum</span> <span class='ocrx_word' id='word_1_406' title='bbox 1436 3032 1489 3096; x_wconf 86' lang='lat' dir='ltr'>ipse</span> <span class='ocrx_word' id='word_1_407' title='bbox 1503 3032 1535 3081; x_wconf 93' lang='lat' dir='ltr'>ab</span> <span class='ocrx_word' id='word_1_408' title='bbox 1549 3031 1617 3082; x_wconf 90' lang='lat' dir='ltr'>omni</span> <span class='ocrx_word' id='word_1_409' title='bbox 1638 3032 1800 3098; x_wconf 84' lang='lat' dir='ltr'>improbitate</span> <span class='ocrx_word' id='word_1_410' title='bbox 1820 3036 1900 3087; x_wconf 76' lang='lat' dir='ltr'>cebe-</span> 
     </span>
     <span class='ocr_line' id='line_1_34' title="bbox 227 3110 1898 3193; baseline 0 -19"><span class='ocrx_word' id='word_1_411' title='bbox 227 3145 254 3185; x_wconf 66' lang='lat'>30</span> <span class='ocrx_word' id='word_1_412' title='bbox 282 3114 376 3180; x_wconf 77' lang='grc' dir='ltr'>ἄλλους</span> <span class='ocrx_word' id='word_1_413' title='bbox 394 3110 622 3192; x_wconf 80' lang='grc' dir='ltr'>προσαναγκάζειν</span> <span class='ocrx_word' id='word_1_414' title='bbox 637 3110 760 3183; x_wconf 89' lang='grc' dir='ltr'>δικαιῶν,</span> <span class='ocrx_word' id='word_1_415' title='bbox 776 3111 949 3193; x_wconf 85' lang='grc' dir='ltr'>μεγαλόφρων</span> <span class='ocrx_word' id='word_1_416' title='bbox 970 3113 1057 3172; x_wconf 81' lang='grc' dir='ltr'>τεκαὶ</span> <span class='ocrx_word' id='word_1_417' title='bbox 1115 3125 1212 3173; x_wconf 82' lang='lat' dir='ltr'>menter</span> <span class='ocrx_word' id='word_1_418' title='bbox 1231 3121 1327 3171; x_wconf 77' lang='lat' dir='ltr'>aliems</span> <span class='ocrx_word' id='word_1_419' title='bbox 1347 3122 1418 3182; x_wconf 90' lang='lat' dir='ltr'>erat,</span> <span class='ocrx_word' id='word_1_420' title='bbox 1432 3134 1522 3171; x_wconf 81' lang='lat' dir='ltr'>verum</span> <span class='ocrx_word' id='word_1_421' title='bbox 1540 3120 1616 3171; x_wconf 88' lang='lat' dir='ltr'>etlam</span> <span class='ocrx_word' id='word_1_422' title='bbox 1633 3121 1744 3173; x_wconf 78' lang='lat' dir='ltr'>adosud</span> <span class='ocrx_word' id='word_1_423' title='bbox 1761 3124 1834 3174; x_wconf 68' lang='lat' dir='ltr'>wem</span> <span class='ocrx_word' id='word_1_424' title='bbox 1851 3127 1898 3188; x_wconf 74' lang='lat' dir='ltr'>tu-</span> 
     </span>
     <span class='ocr_line' id='line_1_35' title="bbox 283 3189 1899 3282; baseline 0 -20"><span class='ocrx_word' id='word_1_425' title='bbox 283 3200 468 3282; x_wconf 77' lang='grc' dir='ltr'>δωρηματικὸς</span> <span class='ocrx_word' id='word_1_426' title='bbox 478 3198 524 3257; x_wconf 80' lang='grc' dir='ltr'>καί</span> <span class='ocrx_word' id='word_1_427' title='bbox 532 3199 566 3265; x_wconf 84' lang='grc' dir='ltr'>τίς</span> <span class='ocrx_word' id='word_1_428' title='bbox 576 3196 766 3278; x_wconf 76' lang='grc' dir='ltr'>ἐπανόρθωσιν,</span> <span class='ocrx_word' id='word_1_429' title='bbox 777 3189 813 3258; x_wconf 83' lang='grc' dir='ltr'>ῶν</span> <span class='ocrx_word' id='word_1_430' title='bbox 826 3198 930 3280; x_wconf 79' lang='grc' dir='ltr'>ἑκάστῳ</span> <span class='ocrx_word' id='word_1_431' title='bbox 940 3200 994 3259; x_wconf 86' lang='grc' dir='ltr'>δέοι</span> <span class='ocrx_word' id='word_1_432' title='bbox 1007 3205 1058 3260; x_wconf 89' lang='grc' dir='ltr'>τῶν</span> <span class='ocrx_word' id='word_1_433' title='bbox 1116 3209 1239 3261; x_wconf 84' lang='lat' dir='ltr'>cteudum</span> <span class='ocrx_word' id='word_1_434' title='bbox 1252 3209 1306 3274; x_wconf 86' lang='lat' dir='ltr'>cogi</span> <span class='ocrx_word' id='word_1_435' title='bbox 1317 3223 1418 3274; x_wconf 72' lang='lat' dir='ltr'>equum</span> <span class='ocrx_word' id='word_1_436' title='bbox 1437 3222 1492 3260; x_wconf 87' lang='lat' dir='ltr'>esse</span> <span class='ocrx_word' id='word_1_437' title='bbox 1508 3208 1655 3260; x_wconf 84' lang='lat' dir='ltr'>iudicabat:</span> <span class='ocrx_word' id='word_1_438' title='bbox 1670 3214 1775 3276; x_wconf 85' lang='lat' dir='ltr'>eratque</span> <span class='ocrx_word' id='word_1_439' title='bbox 1793 3226 1899 3275; x_wconf 86' lang='lat' dir='ltr'>magna·</span> 
     </span>
     <span class='ocr_line' id='line_1_36' title="bbox 282 3286 1899 3371; baseline 0.001 -21"><span class='ocrx_word' id='word_1_440' title='bbox 282 3290 383 3371; x_wconf 82' lang='grc' dir='ltr'>φίλων,</span> <span class='ocrx_word' id='word_1_441' title='bbox 405 3289 484 3350; x_wconf 84' lang='grc' dir='ltr'>ύπότε</span> <span class='ocrx_word' id='word_1_442' title='bbox 502 3286 575 3365; x_wconf 90' lang='grc' dir='ltr'>γνοίη</span> <span class='ocrx_word' id='word_1_443' title='bbox 598 3287 813 3368; x_wconf 86' lang='grc' dir='ltr'>προχειρότατος,</span> <span class='ocrx_word' id='word_1_444' title='bbox 826 3288 859 3347; x_wconf 88' lang='grc' dir='ltr'>τά</span> <span class='ocrx_word' id='word_1_445' title='bbox 884 3311 912 3347; x_wconf 86' lang='grc' dir='ltr'>τε</span> <span class='ocrx_word' id='word_1_446' title='bbox 935 3289 1060 3349; x_wconf 76' lang='grc' dir='ltr'>πολιτικὰ</span> <span class='ocrx_word' id='word_1_447' title='bbox 1115 3300 1240 3351; x_wconf 87' lang='lat' dir='ltr'>nimusae</span> <span class='ocrx_word' id='word_1_448' title='bbox 1255 3298 1387 3348; x_wconf 87' lang='lat' dir='ltr'>munitieus</span> <span class='ocrx_word' id='word_1_449' title='bbox 1410 3300 1436 3348; x_wconf 91' lang='lat' dir='ltr'>et</span> <span class='ocrx_word' id='word_1_450' title='bbox 1460 3297 1493 3349; x_wconf 87' lang='lat' dir='ltr'>ad</span> <span class='ocrx_word' id='word_1_451' title='bbox 1506 3298 1644 3349; x_wconf 86' lang='lat' dir='ltr'>amicorum</span> <span class='ocrx_word' id='word_1_452' title='bbox 1665 3298 1785 3363; x_wconf 87' lang='lat' dir='ltr'>inopiam,</span> <span class='ocrx_word' id='word_1_453' title='bbox 1811 3300 1899 3352; x_wconf 88' lang='lat' dir='ltr'>sieubi</span> 
     </span>
     <span class='ocr_line' id='line_1_37' title="bbox 282 3375 1899 3460; baseline 0.001 -22"><span class='ocrx_word' id='word_1_454' title='bbox 282 3380 407 3460; x_wconf 86' lang='grc' dir='ltr'>πράττειν</span> <span class='ocrx_word' id='word_1_455' title='bbox 424 3375 524 3442; x_wconf 83' lang='grc' dir='ltr'>οθδενδς</span> <span class='ocrx_word' id='word_1_456' title='bbox 541 3377 637 3455; x_wconf 86' lang='grc' dir='ltr'>χείρων</span> <span class='ocrx_word' id='word_1_457' title='bbox 651 3378 704 3435; x_wconf 89' lang='grc' dir='ltr'>τῶν</span> <span class='ocrx_word' id='word_1_458' title='bbox 720 3380 960 3459; x_wconf 73' lang='grc' dir='ltr'>ἀριστοκρατικῶν·</span> <span class='ocrx_word' id='word_1_459' title='bbox 976 3378 1022 3437; x_wconf 86' lang='grc' dir='ltr'>καὶ</span> <span class='ocrx_word' id='word_1_460' title='bbox 1034 3382 1056 3439; x_wconf 86' lang='grc' dir='ltr'>εἰ</span> <span class='ocrx_word' id='word_1_461' title='bbox 1117 3402 1173 3441; x_wconf 89' lang='lat' dir='ltr'>eam</span> <span class='ocrx_word' id='word_1_462' title='bbox 1192 3387 1360 3453; x_wconf 80' lang='lat' dir='ltr'>cognovisset,</span> <span class='ocrx_word' id='word_1_463' title='bbox 1377 3386 1556 3439; x_wconf 79' lang='lat' dir='ltr'>sublevandam</span> <span class='ocrx_word' id='word_1_464' title='bbox 1570 3386 1632 3438; x_wconf 88' lang='lat' dir='ltr'>nulli</span> <span class='ocrx_word' id='word_1_465' title='bbox 1645 3387 1792 3452; x_wconf 85' lang='lat' dir='ltr'>optimatum</span> <span class='ocrx_word' id='word_1_466' title='bbox 1805 3401 1899 3440; x_wconf 84' lang='lat' dir='ltr'>secun·</span> 
     </span>
     <span class='ocr_line' id='line_1_38' title="bbox 283 3461 1896 3543; baseline 0.007 -25"><span class='ocrx_word' id='word_1_467' title='bbox 283 3463 518 3543; x_wconf 61' lang='lat' dir='ltr'>plebeiscito</span> <span class='ocrx_word' id='word_1_468' title='bbox 535 3467 581 3534; x_wconf 79' lang='grc' dir='ltr'>τῆς</span> <span class='ocrx_word' id='word_1_469' title='bbox 597 3461 697 3535; x_wconf 78' lang='grc' dir='ltr'>πόλεως</span> <span class='ocrx_word' id='word_1_470' title='bbox 711 3464 833 3539; x_wconf 65' lang='grc' dir='ltr'>ἐμποδὼν</span> <span class='ocrx_word' id='word_1_471' title='bbox 848 3468 926 3526; x_wconf 81' lang='grc' dir='ltr'>αὐτοῦ</span> <span class='ocrx_word' id='word_1_472' title='bbox 942 3474 995 3533; x_wconf 84' lang='grc' dir='ltr'>τοῖς</span> <span class='ocrx_word' id='word_1_473' title='bbox 1009 3490 1058 3528; x_wconf 91' lang='grc' dir='ltr'>πο-</span> <span class='ocrx_word' id='word_1_474' title='bbox 1113 3472 1176 3530; x_wconf 80' lang='grc' dir='ltr'>ιίιιες</span> <span class='ocrx_word' id='word_1_475' title='bbox 1196 3478 1221 3524; x_wconf 88' lang='lat' dir='ltr'>et</span> <span class='ocrx_word' id='word_1_476' title='bbox 1237 3474 1283 3524; x_wconf 80' lang='lat' dir='ltr'>nisi</span> <span class='ocrx_word' id='word_1_477' title='bbox 1304 3474 1385 3525; x_wconf 80' lang='lat' dir='ltr'>civilis</span> <span class='ocrx_word' id='word_1_478' title='bbox 1405 3478 1495 3528; x_wconf 87' lang='lat' dir='ltr'>seditio</span> <span class='ocrx_word' id='word_1_479' title='bbox 1516 3478 1571 3529; x_wconf 79' lang='lat' dir='ltr'>elus</span> <span class='ocrx_word' id='word_1_480' title='bbox 1588 3477 1679 3528; x_wconf 80' lang='lat' dir='ltr'>studiis</span> <span class='ocrx_word' id='word_1_481' title='bbox 1699 3478 1896 3542; x_wconf 70' lang='lat' dir='ltr'>promptissima</span> 
     </span>
     <span class='ocr_line' id='line_1_39' title="bbox 229 3550 1897 3632; baseline -0.003 -18"><span class='ocrx_word' id='word_1_482' title='bbox 229 3585 256 3625; x_wconf 73' lang='grc' dir='ltr'>ος</span> <span class='ocrx_word' id='word_1_483' title='bbox 282 3554 437 3631; x_wconf 87' lang='grc' dir='ltr'>λιτεύμαοιν</span> <span class='ocrx_word' id='word_1_484' title='bbox 451 3553 573 3632; x_wconf 77' lang='grc' dir='ltr'>ἐγένετο,</span> <span class='ocrx_word' id='word_1_485' title='bbox 592 3550 718 3629; x_wconf 87' lang='grc' dir='ltr'>μεγίστην</span> <span class='ocrx_word' id='word_1_486' title='bbox 734 3550 766 3612; x_wconf 80' lang='grc' dir='ltr'>διν</span> <span class='ocrx_word' id='word_1_487' title='bbox 787 3559 805 3627; x_wconf 77' lang='grc' dir='ltr'>ἡ</span> <span class='ocrx_word' id='word_1_488' title='bbox 820 3551 964 3631; x_wconf 81' lang='grc' dir='ltr'>Ῥωμαίων</span> <span class='ocrx_word' id='word_1_489' title='bbox 985 3554 1060 3627; x_wconf 89' lang='grc' dir='ltr'>πόλις</span> <span class='ocrx_word' id='word_1_490' title='bbox 1115 3564 1142 3613; x_wconf 91' lang='lat' dir='ltr'>ln</span> <span class='ocrx_word' id='word_1_491' title='bbox 1155 3574 1241 3614; x_wconf 87' lang='lat' dir='ltr'>rernm</span> <span class='ocrx_word' id='word_1_492' title='bbox 1251 3559 1409 3626; x_wconf 85' lang='lat' dir='ltr'>publicarum</span> <span class='ocrx_word' id='word_1_493' title='bbox 1421 3558 1637 3610; x_wconf 86' lang='lat' dir='ltr'>administratione</span> <span class='ocrx_word' id='word_1_494' title='bbox 1646 3558 1824 3624; x_wconf 84' lang='lat' dir='ltr'>impedimento</span> <span class='ocrx_word' id='word_1_495' title='bbox 1836 3560 1897 3609; x_wconf 84' lang='lat' dir='ltr'>luis·</span> 
     </span>
     <span class='ocr_line' id='line_1_40' title="bbox 282 3640 1897 3722; baseline -0.005 -17"><span class='ocrx_word' id='word_1_496' title='bbox 282 3643 398 3705; x_wconf 78' lang='grc' dir='ltr'>ίπίδοσιν</span> <span class='ocrx_word' id='word_1_497' title='bbox 416 3645 452 3709; x_wconf 78' lang='grc' dir='ltr'>εἰς</span> <span class='ocrx_word' id='word_1_498' title='bbox 467 3640 609 3718; x_wconf 72' lang='grc' dir='ltr'>ἡγεμονίαν</span> <span class='ocrx_word' id='word_1_499' title='bbox 624 3643 654 3700; x_wconf 77' lang='lat' dir='ltr'>lu</span> <span class='ocrx_word' id='word_1_500' title='bbox 667 3644 720 3701; x_wconf 89' lang='grc' dir='ltr'>τῶν</span> <span class='ocrx_word' id='word_1_501' title='bbox 743 3641 842 3702; x_wconf 74' lang='grc' dir='ltr'>ἐκείνου</span> <span class='ocrx_word' id='word_1_502' title='bbox 857 3643 1058 3722; x_wconf 85' lang='grc' dir='ltr'>πολιτευμάτων</span> <span class='ocrx_word' id='word_1_503' title='bbox 1115 3654 1168 3711; x_wconf 89' lang='lat' dir='ltr'>set,</span> <span class='ocrx_word' id='word_1_504' title='bbox 1194 3649 1334 3715; x_wconf 81' lang='lat' dir='ltr'>respublica</span> <span class='ocrx_word' id='word_1_505' title='bbox 1356 3652 1466 3700; x_wconf 80' lang='lat' dir='ltr'>Romana</span> <span class='ocrx_word' id='word_1_506' title='bbox 1494 3647 1553 3699; x_wconf 91' lang='lat' dir='ltr'>iude</span> <span class='ocrx_word' id='word_1_507' title='bbox 1579 3648 1686 3698; x_wconf 79' lang='lat' dir='ltr'>maxima</span> <span class='ocrx_word' id='word_1_508' title='bbox 1707 3647 1740 3698; x_wconf 92' lang='lat' dir='ltr'>ad</span> <span class='ocrx_word' id='word_1_509' title='bbox 1763 3648 1897 3712; x_wconf 89' lang='lat' dir='ltr'>imperium</span> 
     </span>
     <span class='ocr_line' id='line_1_41' title="bbox 282 3723 1899 3811; baseline -0.001 -21"><span class='ocrx_word' id='word_1_510' title='bbox 282 3732 390 3794; x_wconf 80' lang='grc' dir='ltr'>ἔλαάεν.</span> <span class='ocrx_word' id='word_1_511' title='bbox 433 3728 503 3791; x_wconf 77' lang='grc' dir='ltr'>Ἀλλ’</span> <span class='ocrx_word' id='word_1_512' title='bbox 527 3731 557 3789; x_wconf 84' lang='grc' dir='ltr'>οὗ</span> <span class='ocrx_word' id='word_1_513' title='bbox 571 3727 622 3810; x_wconf 86' lang='grc' dir='ltr'>γδρ</span> <span class='ocrx_word' id='word_1_514' title='bbox 636 3730 663 3787; x_wconf 79' lang='lat' dir='ltr'>le</span> <span class='ocrx_word' id='word_1_515' title='bbox 678 3730 780 3811; x_wconf 81' lang='grc' dir='ltr'>δυνατῷ</span> <span class='ocrx_word' id='word_1_516' title='bbox 797 3723 897 3810; x_wconf 82' lang='grc' dir='ltr'>ήνάμα</span> <span class='ocrx_word' id='word_1_517' title='bbox 914 3733 1001 3800; x_wconf 88' lang='grc' dir='ltr'>πάσας</span> <span class='ocrx_word' id='word_1_518' title='bbox 1015 3736 1061 3802; x_wconf 84' lang='grc' dir='ltr'>τδις</span> <span class='ocrx_word' id='word_1_519' title='bbox 1116 3741 1267 3790; x_wconf 89' lang='lat' dir='ltr'>incrementa</span> <span class='ocrx_word' id='word_1_520' title='bbox 1280 3738 1394 3803; x_wconf 87' lang='lat' dir='ltr'>cepisset.</span> <span class='ocrx_word' id='word_1_521' title='bbox 1430 3736 1479 3787; x_wconf 88' lang='lat' dir='ltr'>sed</span> <span class='ocrx_word' id='word_1_522' title='bbox 1494 3736 1549 3787; x_wconf 88' lang='lat' dir='ltr'>lieri</span> <span class='ocrx_word' id='word_1_523' title='bbox 1565 3750 1614 3786; x_wconf 93' lang='lat' dir='ltr'>non</span> <span class='ocrx_word' id='word_1_524' title='bbox 1632 3739 1744 3801; x_wconf 79' lang='lat' dir='ltr'>poterat,</span> <span class='ocrx_word' id='word_1_525' title='bbox 1765 3740 1795 3787; x_wconf 93' lang='lat' dir='ltr'>ut</span> <span class='ocrx_word' id='word_1_526' title='bbox 1811 3750 1899 3788; x_wconf 86' lang='lat' dir='ltr'>ornnes</span> 
     </span>
     <span class='ocr_line' id='line_1_42' title="bbox 284 3816 1897 3901; baseline -0.003 -21"><span class='ocrx_word' id='word_1_527' title='bbox 284 3820 378 3901; x_wconf 80' lang='grc' dir='ltr'>ἀρετὰς</span> <span class='ocrx_word' id='word_1_528' title='bbox 391 3821 418 3879; x_wconf 75' lang='grc' dir='ltr'>ἐν</span> <span class='ocrx_word' id='word_1_529' title='bbox 437 3818 576 3897; x_wconf 77' lang='grc' dir='ltr'>ἀνθρώπου</span> <span class='ocrx_word' id='word_1_530' title='bbox 589 3816 710 3895; x_wconf 85' lang='grc' dir='ltr'>γενίσθαι</span> <span class='ocrx_word' id='word_1_531' title='bbox 727 3817 820 3899; x_wconf 91' lang='grc' dir='ltr'>φύσει·</span> <span class='ocrx_word' id='word_1_532' title='bbox 836 3817 896 3879; x_wconf 70' lang='grc' dir='ltr'>οὐδὲ</span> <span class='ocrx_word' id='word_1_533' title='bbox 909 3819 1003 3895; x_wconf 86' lang='grc' dir='ltr'>φύεταί</span> <span class='ocrx_word' id='word_1_534' title='bbox 1021 3847 1060 3892; x_wconf 87' lang='grc' dir='ltr'>τις</span> <span class='ocrx_word' id='word_1_535' title='bbox 1116 3827 1190 3880; x_wconf 84' lang='lat' dir='ltr'>slmtd</span> <span class='ocrx_word' id='word_1_536' title='bbox 1201 3828 1312 3878; x_wconf 86' lang='lat' dir='ltr'>virtutes</span> <span class='ocrx_word' id='word_1_537' title='bbox 1324 3827 1350 3877; x_wconf 89' lang='lat' dir='ltr'>in</span> <span class='ocrx_word' id='word_1_538' title='bbox 1361 3827 1471 3877; x_wconf 87' lang='lat' dir='ltr'>bumana</span> <span class='ocrx_word' id='word_1_539' title='bbox 1487 3828 1578 3876; x_wconf 87' lang='lat' dir='ltr'>natura</span> <span class='ocrx_word' id='word_1_540' title='bbox 1592 3828 1694 3876; x_wconf 67' lang='lat' dir='ltr'>meent:</span> <span class='ocrx_word' id='word_1_541' title='bbox 1710 3838 1756 3875; x_wconf 89' lang='lat' dir='ltr'>nec</span> <span class='ocrx_word' id='word_1_542' title='bbox 1768 3824 1837 3876; x_wconf 89' lang='lat' dir='ltr'>ullus</span> <span class='ocrx_word' id='word_1_543' title='bbox 1847 3840 1897 3875; x_wconf 90' lang='lat' dir='ltr'>un·</span> 
     </span>
     <span class='ocr_line' id='line_1_43' title="bbox 284 3903 1899 3987; baseline 0.001 -21"><span class='ocrx_word' id='word_1_544' title='bbox 284 3908 336 3967; x_wconf 85' lang='grc' dir='ltr'>ἀπὸ</span> <span class='ocrx_word' id='word_1_545' title='bbox 358 3909 458 3981; x_wconf 80' lang='grc' dir='ltr'>θνητῶν</span> <span class='ocrx_word' id='word_1_546' title='bbox 479 3905 524 3965; x_wconf 80' lang='grc' dir='ltr'>καὶ</span> <span class='ocrx_word' id='word_1_547' title='bbox 546 3903 679 3986; x_wconf 73' lang='grc' dir='ltr'>ἐπικήρων</span> <span class='ocrx_word' id='word_1_548' title='bbox 700 3906 860 3986; x_wconf 88' lang='grc' dir='ltr'>σπερμάτων</span> <span class='ocrx_word' id='word_1_549' title='bbox 886 3909 946 3987; x_wconf 84' lang='grc' dir='ltr'>περὶ</span> <span class='ocrx_word' id='word_1_550' title='bbox 972 3909 1059 3971; x_wconf 91' lang='grc' dir='ltr'>πάντα</span> <span class='ocrx_word' id='word_1_551' title='bbox 1115 3930 1191 3981; x_wconf 88' lang='lat' dir='ltr'>quam</span> <span class='ocrx_word' id='word_1_552' title='bbox 1213 3930 1227 3967; x_wconf 91' lang='lat' dir='ltr'>e</span> <span class='ocrx_word' id='word_1_553' title='bbox 1245 3916 1345 3967; x_wconf 89' lang='lat' dir='ltr'>mortali</span> <span class='ocrx_word' id='word_1_554' title='bbox 1368 3920 1394 3967; x_wconf 93' lang='lat' dir='ltr'>et</span> <span class='ocrx_word' id='word_1_555' title='bbox 1411 3915 1506 3966; x_wconf 89' lang='lat' dir='ltr'>caduco</span> <span class='ocrx_word' id='word_1_556' title='bbox 1520 3915 1613 3967; x_wconf 91' lang='lat' dir='ltr'>semine</span> <span class='ocrx_word' id='word_1_557' title='bbox 1628 3914 1669 3966; x_wconf 81' lang='lat' dir='ltr'>uir</span> <span class='ocrx_word' id='word_1_558' title='bbox 1684 3914 1799 3968; x_wconf 83' lang='lat' dir='ltr'>absolute</span> <span class='ocrx_word' id='word_1_559' title='bbox 1815 3915 1899 3968; x_wconf 81' lang='lat' dir='ltr'>bonus</span> 
     </span>
     <span class='ocr_line' id='line_1_44' title="bbox 230 3996 1234 4074; baseline 0.004 -21"><span class='ocrx_word' id='word_1_560' title='bbox 230 4022 258 4061; x_wconf 84' lang='lat' dir='ltr'>to</span> <span class='ocrx_word' id='word_1_561' title='bbox 284 3996 391 4074; x_wconf 83' lang='grc' dir='ltr'>ἀγαθάς.</span> <span class='ocrx_word' id='word_1_562' title='bbox 1115 4007 1234 4057; x_wconf 84' lang='lat' dir='ltr'>nascitur.</span> 
     </span>
    </p>

    <p class='ocr_par' dir='ltr' id='par_1_14' title="bbox 283 4078 1900 4428">
     <span class='ocr_line' id='line_1_45' title="bbox 325 4078 1898 4165; baseline 0.001 -22"><span class='ocrx_word' id='word_1_563' title='bbox 325 4084 397 4143; x_wconf 82' lang='lat' dir='ltr'>LXl.</span> <span class='ocrx_word' id='word_1_564' title='bbox 421 4080 534 4164; x_wconf 85' lang='grc' dir='ltr'>Ἐκτίνῳ</span> <span class='ocrx_word' id='word_1_565' title='bbox 547 4087 610 4163; x_wconf 78' lang='grc' dir='ltr'>γοῦν</span> <span class='ocrx_word' id='word_1_566' title='bbox 626 4078 724 4150; x_wconf 90' lang='grc' dir='ltr'>ταύτας</span> <span class='ocrx_word' id='word_1_567' title='bbox 744 4087 759 4142; x_wconf 85' lang='grc' dir='ltr'>θ</span> <span class='ocrx_word' id='word_1_568' title='bbox 773 4082 874 4160; x_wconf 83' lang='grc' dir='ltr'>δαίμων</span> <span class='ocrx_word' id='word_1_569' title='bbox 894 4082 942 4151; x_wconf 73' lang='grc' dir='ltr'>τάς</span> <span class='ocrx_word' id='word_1_570' title='bbox 965 4084 1061 4165; x_wconf 61' lang='lat' dir='ltr'>iperi&lt;</span> <span class='ocrx_word' id='word_1_571' title='bbox 1145 4097 1208 4147; x_wconf 83' lang='lat' dir='ltr'>bill.</span> <span class='ocrx_word' id='word_1_572' title='bbox 1224 4098 1292 4147; x_wconf 84' lang='lat' dir='ltr'>Deus</span> <span class='ocrx_word' id='word_1_573' title='bbox 1307 4095 1393 4160; x_wconf 84' lang='lat' dir='ltr'>igitur,</span> <span class='ocrx_word' id='word_1_574' title='bbox 1410 4094 1514 4160; x_wconf 91' lang='lat' dir='ltr'>quibas</span> <span class='ocrx_word' id='word_1_575' title='bbox 1526 4094 1635 4145; x_wconf 82' lang='lat' dir='ltr'>virtutes</span> <span class='ocrx_word' id='word_1_576' title='bbox 1651 4094 1688 4145; x_wconf 90' lang='lat' dir='ltr'>illi</span> <span class='ocrx_word' id='word_1_577' title='bbox 1700 4094 1807 4159; x_wconf 89' lang='lat' dir='ltr'>largitus</span> <span class='ocrx_word' id='word_1_578' title='bbox 1826 4100 1898 4155; x_wconf 89' lang='lat' dir='ltr'>erat,</span> 
     </span>
     <span class='ocr_line' id='line_1_46' title="bbox 283 4170 1899 4251; baseline 0.003 -22"><span class='ocrx_word' id='word_1_579' title='bbox 283 4170 473 4251; x_wconf 82' lang='grc' dir='ltr'>χαρισάμενος,</span> <span class='ocrx_word' id='word_1_580' title='bbox 490 4172 580 4250; x_wconf 73' lang='grc' dir='ltr'>ἑτέρας</span> <span class='ocrx_word' id='word_1_581' title='bbox 592 4174 639 4231; x_wconf 78' lang='grc' dir='ltr'>οὐκ</span> <span class='ocrx_word' id='word_1_582' title='bbox 651 4171 768 4251; x_wconf 79' lang='grc' dir='ltr'>ιύτυχείς</span> <span class='ocrx_word' id='word_1_583' title='bbox 782 4170 863 4251; x_wconf 89' lang='grc' dir='ltr'>κῆράς</span> <span class='ocrx_word' id='word_1_584' title='bbox 884 4195 913 4231; x_wconf 85' lang='grc' dir='ltr'>τε</span> <span class='ocrx_word' id='word_1_585' title='bbox 935 4173 981 4233; x_wconf 79' lang='grc' dir='ltr'>καί</span> <span class='ocrx_word' id='word_1_586' title='bbox 998 4176 1062 4241; x_wconf 83' lang='grc' dir='ltr'>ἄτας</span> <span class='ocrx_word' id='word_1_587' title='bbox 1116 4183 1196 4236; x_wconf 81' lang='lat' dir='ltr'>abael</span> <span class='ocrx_word' id='word_1_588' title='bbox 1208 4184 1271 4236; x_wconf 87' lang='lat' dir='ltr'>vitia</span> <span class='ocrx_word' id='word_1_589' title='bbox 1278 4182 1388 4236; x_wconf 85' lang='lat' dir='ltr'>inlausta</span> <span class='ocrx_word' id='word_1_590' title='bbox 1397 4186 1423 4235; x_wconf 91' lang='lat' dir='ltr'>et</span> <span class='ocrx_word' id='word_1_591' title='bbox 1431 4182 1533 4234; x_wconf 89' lang='lat' dir='ltr'>morbos</span> <span class='ocrx_word' id='word_1_592' title='bbox 1542 4182 1695 4247; x_wconf 84' lang='lat' dir='ltr'>perniciosos</span> <span class='ocrx_word' id='word_1_593' title='bbox 1703 4181 1827 4233; x_wconf 82' lang='lat' dir='ltr'>adiunxit.</span> <span class='ocrx_word' id='word_1_594' title='bbox 1843 4185 1899 4234; x_wconf 87' lang='lat' dir='ltr'>Non</span> 
     </span>
     <span class='ocr_line' id='line_1_47' title="bbox 284 4256 1900 4341; baseline 0.001 -22"><span class='ocrx_word' id='word_1_595' title='bbox 284 4261 417 4341; x_wconf 66' lang='grc' dir='ltr'>προσῆψε.</span> <span class='ocrx_word' id='word_1_596' title='bbox 459 4259 500 4319; x_wconf 82' lang='grc' dir='ltr'>Τὸ</span> <span class='ocrx_word' id='word_1_597' title='bbox 514 4258 567 4341; x_wconf 75' lang='grc' dir='ltr'>γάρ</span> <span class='ocrx_word' id='word_1_598' title='bbox 577 4256 650 4338; x_wconf 76' lang='grc' dir='ltr'>πραῢ</span> <span class='ocrx_word' id='word_1_599' title='bbox 662 4258 708 4319; x_wconf 82' lang='grc' dir='ltr'>καί</span> <span class='ocrx_word' id='word_1_600' title='bbox 721 4259 830 4341; x_wconf 78' lang='grc' dir='ltr'>φαιδρὸν</span> <span class='ocrx_word' id='word_1_601' title='bbox 844 4260 892 4321; x_wconf 90' lang='grc' dir='ltr'>ούκ</span> <span class='ocrx_word' id='word_1_602' title='bbox 908 4262 969 4335; x_wconf 80' lang='grc' dir='ltr'>ίνῆν</span> <span class='ocrx_word' id='word_1_603' title='bbox 981 4265 1061 4325; x_wconf 78' lang='grc' dir='ltr'>αὐτοῦ</span> <span class='ocrx_word' id='word_1_604' title='bbox 1115 4273 1196 4324; x_wconf 88' lang='lat' dir='ltr'>inerat</span> <span class='ocrx_word' id='word_1_605' title='bbox 1209 4273 1275 4324; x_wconf 89' lang='lat' dir='ltr'>enim</span> <span class='ocrx_word' id='word_1_606' title='bbox 1284 4273 1338 4324; x_wconf 90' lang='lat' dir='ltr'>eius</span> <span class='ocrx_word' id='word_1_607' title='bbox 1355 4271 1469 4323; x_wconf 88' lang='lat' dir='ltr'>moribus</span> <span class='ocrx_word' id='word_1_608' title='bbox 1487 4269 1653 4323; x_wconf 84' lang='lat' dir='ltr'>mansuetudo</span> <span class='ocrx_word' id='word_1_609' title='bbox 1672 4274 1698 4321; x_wconf 86' lang='lat' dir='ltr'>et</span> <span class='ocrx_word' id='word_1_610' title='bbox 1714 4271 1838 4332; x_wconf 87' lang='lat' dir='ltr'>hilaritas,</span> <span class='ocrx_word' id='word_1_611' title='bbox 1851 4284 1900 4321; x_wconf 87' lang='lat' dir='ltr'>nee</span> 
     </span>
     <span class='ocr_line' id='line_1_48' title="bbox 284 4348 1900 4428; baseline -0.001 -18"><span class='ocrx_word' id='word_1_612' title='bbox 284 4349 338 4416; x_wconf 83' lang='grc' dir='ltr'>τοῖς</span> <span class='ocrx_word' id='word_1_613' title='bbox 351 4349 469 4428; x_wconf 86' lang='grc' dir='ltr'>τρόποις,</span> <span class='ocrx_word' id='word_1_614' title='bbox 494 4349 552 4409; x_wconf 75' lang='lat' dir='ltr'>otti</span> <span class='ocrx_word' id='word_1_615' title='bbox 569 4348 600 4408; x_wconf 80' lang='grc' dir='ltr'>τὸ</span> <span class='ocrx_word' id='word_1_616' title='bbox 622 4349 808 4426; x_wconf 85' lang='grc' dir='ltr'>θιραπτυτικδν</span> <span class='ocrx_word' id='word_1_617' title='bbox 828 4353 881 4410; x_wconf 88' lang='grc' dir='ltr'>τῶν</span> <span class='ocrx_word' id='word_1_618' title='bbox 896 4351 980 4419; x_wconf 81' lang='grc' dir='ltr'>πέλας</span> <span class='ocrx_word' id='word_1_619' title='bbox 994 4353 1021 4411; x_wconf 70' lang='lat' dir='ltr'>iu</span> <span class='ocrx_word' id='word_1_620' title='bbox 1035 4358 1061 4414; x_wconf 86' lang='grc' dir='ltr'>τ’</span> <span class='ocrx_word' id='word_1_621' title='bbox 1116 4362 1142 4412; x_wconf 88' lang='lat' dir='ltr'>ln</span> <span class='ocrx_word' id='word_1_622' title='bbox 1153 4361 1345 4413; x_wconf 82' lang='lat' dir='ltr'>salutationibus</span> <span class='ocrx_word' id='word_1_623' title='bbox 1356 4364 1382 4412; x_wconf 89' lang='lat' dir='ltr'>et</span> <span class='ocrx_word' id='word_1_624' title='bbox 1399 4359 1529 4425; x_wconf 81' lang='lat' dir='ltr'>colloquiis</span> <span class='ocrx_word' id='word_1_625' title='bbox 1547 4357 1655 4409; x_wconf 89' lang='lat' dir='ltr'>allorum</span> <span class='ocrx_word' id='word_1_626' title='bbox 1668 4357 1789 4420; x_wconf 85' lang='lat' dir='ltr'>comitas,</span> <span class='ocrx_word' id='word_1_627' title='bbox 1800 4372 1846 4410; x_wconf 83' lang='lat' dir='ltr'>nec</span> <span class='ocrx_word' id='word_1_628' title='bbox 1857 4358 1900 4409; x_wconf 88' lang='lat' dir='ltr'>in·</span> 
     </span>
    </p>

    <p class='ocr_par' dir='ltr' id='par_1_15' title="bbox 227 4434 1903 5319">
     <span class='ocr_line' id='line_1_49' title="bbox 227 4434 1901 4518; baseline 0.002 -21"><span class='ocrx_word' id='word_1_629' title='bbox 227 4474 255 4515; x_wconf 79' lang='lat' dir='ltr'>tt</span> <span class='ocrx_word' id='word_1_630' title='bbox 283 4441 434 4518; x_wconf 71' lang='grc' dir='ltr'>άσπρσμοίς</span> <span class='ocrx_word' id='word_1_631' title='bbox 445 4436 490 4494; x_wconf 84' lang='grc' dir='ltr'>καὶ</span> <span class='ocrx_word' id='word_1_632' title='bbox 500 4434 738 4515; x_wconf 88' lang='grc' dir='ltr'>πρασαγοριύσεσι,</span> <span class='ocrx_word' id='word_1_633' title='bbox 750 4438 808 4498; x_wconf 80' lang='grc' dir='ltr'>οὐδὲ</span> <span class='ocrx_word' id='word_1_634' title='bbox 817 4437 848 4510; x_wconf 79' lang='grc' dir='ltr'>δὴ</span> <span class='ocrx_word' id='word_1_635' title='bbox 861 4438 891 4499; x_wconf 87' lang='grc' dir='ltr'>τδ</span> <span class='ocrx_word' id='word_1_636' title='bbox 904 4440 1061 4501; x_wconf 84' lang='grc' dir='ltr'>εύδιάλλακ-</span> <span class='ocrx_word' id='word_1_637' title='bbox 1115 4452 1215 4516; x_wconf 89' lang='lat' dir='ltr'>genium</span> <span class='ocrx_word' id='word_1_638' title='bbox 1227 4450 1361 4515; x_wconf 81' lang='lat' dir='ltr'>placabile,</span> <span class='ocrx_word' id='word_1_639' title='bbox 1373 4454 1418 4500; x_wconf 90' lang='lat' dir='ltr'>aut</span> <span class='ocrx_word' id='word_1_640' title='bbox 1432 4449 1458 4500; x_wconf 91' lang='lat' dir='ltr'>iu</span> <span class='ocrx_word' id='word_1_641' title='bbox 1475 4446 1610 4500; x_wconf 78' lang='lat' dir='ltr'>aflectibus</span> <span class='ocrx_word' id='word_1_642' title='bbox 1624 4445 1782 4509; x_wconf 87' lang='lat' dir='ltr'>moderatio,</span> <span class='ocrx_word' id='word_1_643' title='bbox 1795 4448 1901 4512; x_wconf 87' lang='lat' dir='ltr'>quoties</span> 
     </span>
     <span class='ocr_line' id='line_1_50' title="bbox 282 4525 1900 4609; baseline 0.001 -22"><span class='ocrx_word' id='word_1_644' title='bbox 282 4551 327 4587; x_wconf 91' lang='grc' dir='ltr'>τον</span> <span class='ocrx_word' id='word_1_645' title='bbox 341 4525 388 4587; x_wconf 85' lang='grc' dir='ltr'>καλ</span> <span class='ocrx_word' id='word_1_646' title='bbox 409 4526 601 4605; x_wconf 69' lang='grc' dir='ltr'>μετριοπαθές,</span> <span class='ocrx_word' id='word_1_647' title='bbox 626 4525 705 4587; x_wconf 76' lang='grc' dir='ltr'>ὁπότε</span> <span class='ocrx_word' id='word_1_648' title='bbox 725 4526 759 4586; x_wconf 88' lang='grc' dir='ltr'>δι’</span> <span class='ocrx_word' id='word_1_649' title='bbox 781 4529 859 4609; x_wconf 75' lang='grc' dir='ltr'>ὀργῆς</span> <span class='ocrx_word' id='word_1_650' title='bbox 880 4552 920 4608; x_wconf 81' lang='grc' dir='ltr'>τῳ</span> <span class='ocrx_word' id='word_1_651' title='bbox 942 4529 1060 4608; x_wconf 89' lang='grc' dir='ltr'>γίνοιτο,</span> <span class='ocrx_word' id='word_1_652' title='bbox 1115 4539 1190 4591; x_wconf 86' lang='lat' dir='ltr'>alicui</span> <span class='ocrx_word' id='word_1_653' title='bbox 1206 4539 1286 4590; x_wconf 88' lang='lat' dir='ltr'>iratus</span> <span class='ocrx_word' id='word_1_654' title='bbox 1301 4541 1382 4600; x_wconf 88' lang='lat' dir='ltr'>esset,</span> <span class='ocrx_word' id='word_1_655' title='bbox 1398 4551 1444 4589; x_wconf 87' lang='lat' dir='ltr'>nco</span> <span class='ocrx_word' id='word_1_656' title='bbox 1462 4537 1520 4600; x_wconf 89' lang='lat' dir='ltr'>illa,</span> <span class='ocrx_word' id='word_1_657' title='bbox 1539 4549 1599 4603; x_wconf 83' lang='lat' dir='ltr'>quac</span> <span class='ocrx_word' id='word_1_658' title='bbox 1618 4549 1705 4587; x_wconf 88' lang='lat' dir='ltr'>omnes</span> <span class='ocrx_word' id='word_1_659' title='bbox 1720 4535 1832 4588; x_wconf 87' lang='lat' dir='ltr'>actiones</span> <span class='ocrx_word' id='word_1_660' title='bbox 1846 4537 1900 4588; x_wconf 93' lang='lat' dir='ltr'>bn-</span> 
     </span>
     <span class='ocr_line' id='line_1_51' title="bbox 280 4612 1900 4698; baseline -0.001 -21"><span class='ocrx_word' id='word_1_661' title='bbox 280 4615 335 4677; x_wconf 78' lang='lat' dir='ltr'>odt‘</span> <span class='ocrx_word' id='word_1_662' title='bbox 349 4621 367 4688; x_wconf 79' lang='grc' dir='ltr'>ἡ</span> <span class='ocrx_word' id='word_1_663' title='bbox 381 4615 467 4675; x_wconf 87' lang='grc' dir='ltr'>πάντα</span> <span class='ocrx_word' id='word_1_664' title='bbox 478 4612 511 4673; x_wconf 87' lang='grc' dir='ltr'>τδι</span> <span class='ocrx_word' id='word_1_665' title='bbox 527 4613 679 4696; x_wconf 79' lang='grc' dir='ltr'>ἀνθρώπινα</span> <span class='ocrx_word' id='word_1_666' title='bbox 694 4617 873 4693; x_wconf 79' lang='grc' dir='ltr'>ίπικασμοῦσα</span> <span class='ocrx_word' id='word_1_667' title='bbox 887 4621 978 4698; x_wconf 85' lang='grc' dir='ltr'>χάρις·</span> <span class='ocrx_word' id='word_1_668' title='bbox 993 4621 1062 4681; x_wconf 76' lang='grc' dir='ltr'>ἀλλὰ</span> <span class='ocrx_word' id='word_1_669' title='bbox 1115 4642 1202 4679; x_wconf 90' lang='lat' dir='ltr'>manas</span> <span class='ocrx_word' id='word_1_670' title='bbox 1220 4631 1309 4689; x_wconf 89' lang='lat' dir='ltr'>omat,</span> <span class='ocrx_word' id='word_1_671' title='bbox 1324 4626 1429 4692; x_wconf 88' lang='lat' dir='ltr'>gratia:</span> <span class='ocrx_word' id='word_1_672' title='bbox 1456 4626 1501 4678; x_wconf 93' lang='lat' dir='ltr'>sed</span> <span class='ocrx_word' id='word_1_673' title='bbox 1524 4625 1630 4677; x_wconf 88' lang='lat' dir='ltr'>acerbus</span> <span class='ocrx_word' id='word_1_674' title='bbox 1650 4639 1749 4691; x_wconf 87' lang='lat' dir='ltr'>semper</span> <span class='ocrx_word' id='word_1_675' title='bbox 1768 4628 1796 4676; x_wconf 87' lang='lat' dir='ltr'>et</span> <span class='ocrx_word' id='word_1_676' title='bbox 1823 4638 1900 4690; x_wconf 88' lang='lat' dir='ltr'>asper</span> 
     </span>
     <span class='ocr_line' id='line_1_52' title="bbox 282 4696 1899 4787; baseline 0.001 -22"><span class='ocrx_word' id='word_1_677' title='bbox 282 4705 428 4787; x_wconf 82' lang='grc' dir='ltr'>άελπικρδς</span> <span class='ocrx_word' id='word_1_678' title='bbox 442 4707 488 4766; x_wconf 85' lang='grc' dir='ltr'>καί</span> <span class='ocrx_word' id='word_1_679' title='bbox 503 4705 621 4787; x_wconf 81' lang='grc' dir='ltr'>χαλεπὸς</span> <span class='ocrx_word' id='word_1_680' title='bbox 635 4696 680 4778; x_wconf 80' lang='grc' dir='ltr'>ήν.</span> <span class='ocrx_word' id='word_1_681' title='bbox 736 4705 828 4767; x_wconf 81' lang='grc' dir='ltr'>Ταῦτά</span> <span class='ocrx_word' id='word_1_682' title='bbox 847 4729 877 4766; x_wconf 88' lang='grc' dir='ltr'>τε</span> <span class='ocrx_word' id='word_1_683' title='bbox 892 4704 924 4778; x_wconf 76' lang='grc' dir='ltr'>δή</span> <span class='ocrx_word' id='word_1_684' title='bbox 942 4709 1019 4768; x_wconf 82' lang='grc' dir='ltr'>αὗτδν</span> <span class='ocrx_word' id='word_1_685' title='bbox 1035 4712 1061 4770; x_wconf 75' lang='grc' dir='ltr'>ἐν</span> <span class='ocrx_word' id='word_1_686' title='bbox 1116 4722 1178 4771; x_wconf 88' lang='lat' dir='ltr'>erat.</span> <span class='ocrx_word' id='word_1_687' title='bbox 1212 4722 1293 4782; x_wconf 76' lang='lat' dir='ltr'>Atque</span> <span class='ocrx_word' id='word_1_688' title='bbox 1313 4716 1368 4767; x_wconf 81' lang='lat' dir='ltr'>buc</span> <span class='ocrx_word' id='word_1_689' title='bbox 1389 4717 1411 4768; x_wconf 94' lang='lat' dir='ltr'>ei</span> <span class='ocrx_word' id='word_1_690' title='bbox 1436 4729 1503 4781; x_wconf 79' lang='lat' dir='ltr'>sepe</span> <span class='ocrx_word' id='word_1_691' title='bbox 1521 4703 1670 4776; x_wconf 81' lang='lat' dir='ltr'>obfuerunt,</span> <span class='ocrx_word' id='word_1_692' title='bbox 1687 4714 1813 4780; x_wconf 71' lang='lat' dir='ltr'>praecipue</span> <span class='ocrx_word' id='word_1_693' title='bbox 1836 4728 1899 4766; x_wconf 80' lang='lat' dir='ltr'>seru</span> 
     </span>
     <span class='ocr_line' id='line_1_53' title="bbox 282 4793 1898 4876; baseline 0.001 -23"><span class='ocrx_word' id='word_1_694' title='bbox 282 4795 389 4863; x_wconf 85' lang='grc' dir='ltr'>πολλοῖς</span> <span class='ocrx_word' id='word_1_695' title='bbox 406 4793 520 4876; x_wconf 63' lang='lat' dir='ltr'>turpe,</span> <span class='ocrx_word' id='word_1_696' title='bbox 539 4793 585 4853; x_wconf 85' lang='grc' dir='ltr'>καί</span> <span class='ocrx_word' id='word_1_697' title='bbox 601 4794 707 4854; x_wconf 88' lang='grc' dir='ltr'>πάντων</span> <span class='ocrx_word' id='word_1_698' title='bbox 728 4795 846 4874; x_wconf 89' lang='grc' dir='ltr'>μάλιστα</span> <span class='ocrx_word' id='word_1_699' title='bbox 860 4800 878 4867; x_wconf 79' lang='grc' dir='ltr'>ἡ</span> <span class='ocrx_word' id='word_1_700' title='bbox 898 4795 1005 4876; x_wconf 73' lang='grc' dir='ltr'>περὶτὰ</span> <span class='ocrx_word' id='word_1_701' title='bbox 1019 4799 1060 4859; x_wconf 86' lang='grc' dir='ltr'>δί-</span> <span class='ocrx_word' id='word_1_702' title='bbox 1115 4808 1158 4859; x_wconf 90' lang='lat' dir='ltr'>illa</span> <span class='ocrx_word' id='word_1_703' title='bbox 1171 4805 1301 4858; x_wconf 88' lang='lat' dir='ltr'>immodica</span> <span class='ocrx_word' id='word_1_704' title='bbox 1312 4811 1337 4857; x_wconf 89' lang='lat' dir='ltr'>et</span> <span class='ocrx_word' id='word_1_705' title='bbox 1349 4805 1452 4856; x_wconf 89' lang='lat' dir='ltr'>nimium</span> <span class='ocrx_word' id='word_1_706' title='bbox 1467 4804 1546 4869; x_wconf 83' lang='lat' dir='ltr'>rigida</span> <span class='ocrx_word' id='word_1_707' title='bbox 1557 4816 1637 4868; x_wconf 87' lang='lat' dir='ltr'>neque</span> <span class='ocrx_word' id='word_1_708' title='bbox 1651 4804 1704 4853; x_wconf 90' lang='lat' dir='ltr'>ulla</span> <span class='ocrx_word' id='word_1_709' title='bbox 1716 4802 1818 4855; x_wconf 74' lang='lat' dir='ltr'>unium</span> <span class='ocrx_word' id='word_1_710' title='bbox 1831 4807 1898 4854; x_wconf 79' lang='lat' dir='ltr'>um·</span> 
     </span>
     <span class='ocr_line' id='line_1_54' title="bbox 229 4880 1900 4965; baseline 0.002 -25"><span class='ocrx_word' id='word_1_711' title='bbox 229 4914 256 4953; x_wconf 63' lang='lat'>00</span> <span class='ocrx_word' id='word_1_712' title='bbox 282 4905 346 4942; x_wconf 90' lang='grc' dir='ltr'>καια</span> <span class='ocrx_word' id='word_1_713' title='bbox 362 4882 408 4945; x_wconf 79' lang='grc' dir='ltr'>καί</span> <span class='ocrx_word' id='word_1_714' title='bbox 430 4880 477 4956; x_wconf 76' lang='grc' dir='ltr'>τήν</span> <span class='ocrx_word' id='word_1_715' title='bbox 503 4883 623 4964; x_wconf 80' lang='grc' dir='ltr'>φυλακήν</span> <span class='ocrx_word' id='word_1_716' title='bbox 645 4886 698 4943; x_wconf 88' lang='grc' dir='ltr'>τῶν</span> <span class='ocrx_word' id='word_1_717' title='bbox 716 4882 803 4962; x_wconf 90' lang='grc' dir='ltr'>νόμων</span> <span class='ocrx_word' id='word_1_718' title='bbox 830 4885 945 4965; x_wconf 72' lang='grc' dir='ltr'>ἄκρατός</span> <span class='ocrx_word' id='word_1_719' title='bbox 966 4910 996 4947; x_wconf 91' lang='grc' dir='ltr'>τι</span> <span class='ocrx_word' id='word_1_720' title='bbox 1015 4890 1061 4949; x_wconf 85' lang='grc' dir='ltr'>καί</span> <span class='ocrx_word' id='word_1_721' title='bbox 1116 4900 1201 4961; x_wconf 78' lang='lat' dir='ltr'>perata</span> <span class='ocrx_word' id='word_1_722' title='bbox 1211 4896 1238 4947; x_wconf 91' lang='lat' dir='ltr'>iu</span> <span class='ocrx_word' id='word_1_723' title='bbox 1252 4895 1306 4947; x_wconf 91' lang='lat' dir='ltr'>iure</span> <span class='ocrx_word' id='word_1_724' title='bbox 1318 4894 1462 4959; x_wconf 87' lang='lat' dir='ltr'>legibusque</span> <span class='ocrx_word' id='word_1_725' title='bbox 1474 4892 1572 4943; x_wconf 83' lang='lat' dir='ltr'>tuendis</span> <span class='ocrx_word' id='word_1_726' title='bbox 1584 4891 1715 4944; x_wconf 81' lang='lat' dir='ltr'>severitas.</span> <span class='ocrx_word' id='word_1_727' title='bbox 1740 4891 1900 4954; x_wconf 82' lang='lat' dir='ltr'>videturque</span> 
     </span>
     <span class='ocr_line' id='line_1_55' title="bbox 282 4972 1898 5052; baseline 0.002 -23"><span class='ocrx_word' id='word_1_728' title='bbox 282 4972 492 5052; x_wconf 81' lang='grc' dir='ltr'>ἀπαράπειστος,</span> <span class='ocrx_word' id='word_1_729' title='bbox 507 4972 554 5031; x_wconf 85' lang='grc' dir='ltr'>καὶ</span> <span class='ocrx_word' id='word_1_730' title='bbox 570 4973 644 5032; x_wconf 70' lang='grc' dir='ltr'>οῦδὲν</span> <span class='ocrx_word' id='word_1_731' title='bbox 659 4975 697 5052; x_wconf 78' lang='grc' dir='ltr'>τῷ</span> <span class='ocrx_word' id='word_1_732' title='bbox 719 4973 831 5033; x_wconf 81' lang='grc' dir='ltr'>ίπιεικτῖ</span> <span class='ocrx_word' id='word_1_733' title='bbox 842 4976 950 5037; x_wconf 81' lang='grc' dir='ltr'>διδοῦσα</span> <span class='ocrx_word' id='word_1_734' title='bbox 964 4977 1062 5036; x_wconf 67' lang='grc' dir='ltr'>ἀποτο-</span> <span class='ocrx_word' id='word_1_735' title='bbox 1116 4984 1142 5035; x_wconf 90' lang='lat' dir='ltr'>ld</span> <span class='ocrx_word' id='word_1_736' title='bbox 1153 4999 1239 5036; x_wconf 86' lang='lat' dir='ltr'>verum</span> <span class='ocrx_word' id='word_1_737' title='bbox 1250 4998 1321 5044; x_wconf 87' lang='lat' dir='ltr'>esse,</span> <span class='ocrx_word' id='word_1_738' title='bbox 1332 4983 1401 5048; x_wconf 85' lang='lat' dir='ltr'>quod</span> <span class='ocrx_word' id='word_1_739' title='bbox 1410 4982 1443 5034; x_wconf 91' lang='lat' dir='ltr'>ab</span> <span class='ocrx_word' id='word_1_740' title='bbox 1452 4981 1563 5046; x_wconf 83' lang='lat' dir='ltr'>antiquis</span> <span class='ocrx_word' id='word_1_741' title='bbox 1571 4981 1725 5048; x_wconf 86' lang='lat' dir='ltr'>pbilosophis</span> <span class='ocrx_word' id='word_1_742' title='bbox 1738 4980 1836 5032; x_wconf 89' lang='lat' dir='ltr'>dietum</span> <span class='ocrx_word' id='word_1_743' title='bbox 1847 4984 1898 5041; x_wconf 80' lang='lat' dir='ltr'>est,</span> 
     </span>
     <span class='ocr_line' id='line_1_56' title="bbox 283 5050 1899 5144; baseline 0.004 -29"><span class='ocrx_word' id='word_1_744' title='bbox 283 5058 348 5134; x_wconf 88' lang='grc' dir='ltr'>μία·</span> <span class='ocrx_word' id='word_1_745' title='bbox 364 5057 433 5120; x_wconf 84' lang='grc' dir='ltr'>ίαικί</span> <span class='ocrx_word' id='word_1_746' title='bbox 445 5062 471 5119; x_wconf 86' lang='grc' dir='ltr'>τ’</span> <span class='ocrx_word' id='word_1_747' title='bbox 481 5059 577 5134; x_wconf 75' lang='grc' dir='ltr'>ἀληθὲς</span> <span class='ocrx_word' id='word_1_748' title='bbox 593 5050 705 5121; x_wconf 78' lang='grc' dir='ltr'>εἶναιτὸ</span> <span class='ocrx_word' id='word_1_749' title='bbox 722 5060 772 5121; x_wconf 68' lang='lat' dir='ltr'>tat</span> <span class='ocrx_word' id='word_1_750' title='bbox 786 5065 839 5123; x_wconf 88' lang='grc' dir='ltr'>τῶν</span> <span class='ocrx_word' id='word_1_751' title='bbox 850 5064 968 5144; x_wconf 84' lang='grc' dir='ltr'>άρχαίων</span> <span class='ocrx_word' id='word_1_752' title='bbox 984 5064 1061 5143; x_wconf 89' lang='grc' dir='ltr'>λεγά·</span> <span class='ocrx_word' id='word_1_753' title='bbox 1116 5073 1309 5138; x_wconf 85' lang='lat' dir='ltr'>mediocritates,</span> <span class='ocrx_word' id='word_1_754' title='bbox 1319 5086 1368 5123; x_wconf 90' lang='lat' dir='ltr'>non</span> <span class='ocrx_word' id='word_1_755' title='bbox 1378 5071 1555 5132; x_wconf 76' lang='lat' dir='ltr'>extremitates,</span> <span class='ocrx_word' id='word_1_756' title='bbox 1566 5083 1622 5121; x_wconf 88' lang='lat' dir='ltr'>esse</span> <span class='ocrx_word' id='word_1_757' title='bbox 1634 5070 1757 5133; x_wconf 75' lang='lat' dir='ltr'>rirtmes,</span> <span class='ocrx_word' id='word_1_758' title='bbox 1770 5069 1899 5134; x_wconf 72' lang='lat' dir='ltr'>prasinus</span> 
     </span>
     <span class='ocr_line' id='line_1_57' title="bbox 283 5146 1900 5235; baseline 0.004 -33"><span class='ocrx_word' id='word_1_759' title='bbox 283 5166 362 5218; x_wconf 86' lang='grc' dir='ltr'>μενον</span> <span class='ocrx_word' id='word_1_760' title='bbox 375 5147 533 5230; x_wconf 90' lang='grc' dir='ltr'>φιλοσόφων,</span> <span class='ocrx_word' id='word_1_761' title='bbox 544 5146 585 5207; x_wconf 84' lang='grc' dir='ltr'>ότι</span> <span class='ocrx_word' id='word_1_762' title='bbox 598 5147 741 5225; x_wconf 77' lang='grc' dir='ltr'>μεσότητάς</span> <span class='ocrx_word' id='word_1_763' title='bbox 755 5155 835 5226; x_wconf 78' lang='grc' dir='ltr'>εἰσιν,</span> <span class='ocrx_word' id='word_1_764' title='bbox 850 5152 909 5212; x_wconf 78' lang='grc' dir='ltr'>ἀλλ’</span> <span class='ocrx_word' id='word_1_765' title='bbox 924 5155 971 5212; x_wconf 71' lang='lat' dir='ltr'>nix</span> <span class='ocrx_word' id='word_1_766' title='bbox 984 5151 1062 5235; x_wconf 76' lang='grc' dir='ltr'>ἀκρό-</span> <span class='ocrx_word' id='word_1_767' title='bbox 1116 5176 1177 5214; x_wconf 77' lang='lat' dir='ltr'>vero</span> <span class='ocrx_word' id='word_1_768' title='bbox 1190 5162 1321 5214; x_wconf 87' lang='lat' dir='ltr'>iustitiam.</span> <span class='ocrx_word' id='word_1_769' title='bbox 1332 5164 1395 5212; x_wconf 83' lang='lat' dir='ltr'>llam</span> <span class='ocrx_word' id='word_1_770' title='bbox 1408 5174 1456 5211; x_wconf 89' lang='lat' dir='ltr'>non</span> <span class='ocrx_word' id='word_1_771' title='bbox 1468 5160 1557 5221; x_wconf 86' lang='lat' dir='ltr'>solum,</span> <span class='ocrx_word' id='word_1_772' title='bbox 1573 5159 1597 5210; x_wconf 91' lang='lat' dir='ltr'>si</span> <span class='ocrx_word' id='word_1_773' title='bbox 1608 5159 1673 5210; x_wconf 83' lang='lat' dir='ltr'>inira</span> <span class='ocrx_word' id='word_1_774' title='bbox 1683 5160 1787 5210; x_wconf 86' lang='lat' dir='ltr'>modum</span> <span class='ocrx_word' id='word_1_775' title='bbox 1798 5159 1841 5219; x_wconf 85' lang='lat' dir='ltr'>sit,</span> <span class='ocrx_word' id='word_1_776' title='bbox 1850 5169 1900 5209; x_wconf 80' lang='grc' dir='ltr'>νο-</span> 
     </span>
     <span class='ocr_line' id='line_1_58' title="bbox 283 5238 1903 5319; baseline 0.004 -26"><span class='ocrx_word' id='word_1_777' title='bbox 283 5254 360 5308; x_wconf 84' lang='grc' dir='ltr'>τηττς</span> <span class='ocrx_word' id='word_1_778' title='bbox 374 5238 402 5295; x_wconf 79' lang='grc' dir='ltr'>αἱ</span> <span class='ocrx_word' id='word_1_779' title='bbox 416 5238 468 5295; x_wconf 84' lang='grc' dir='ltr'>τῶν</span> <span class='ocrx_word' id='word_1_780' title='bbox 481 5239 554 5310; x_wconf 81' lang='grc' dir='ltr'>ἠθῶν</span> <span class='ocrx_word' id='word_1_781' title='bbox 569 5239 678 5319; x_wconf 77' lang='grc' dir='ltr'>ἀρεταὶ,</span> <span class='ocrx_word' id='word_1_782' title='bbox 690 5238 809 5316; x_wconf 88' lang='grc' dir='ltr'>μάλιστα</span> <span class='ocrx_word' id='word_1_783' title='bbox 824 5242 847 5300; x_wconf 85' lang='grc' dir='ltr'>δ’</span> <span class='ocrx_word' id='word_1_784' title='bbox 865 5246 882 5314; x_wconf 82' lang='grc' dir='ltr'>ἡ</span> <span class='ocrx_word' id='word_1_785' title='bbox 898 5243 1059 5317; x_wconf 83' lang='grc' dir='ltr'>δικαιοσύνη.</span> <span class='ocrx_word' id='word_1_786' title='bbox 1116 5265 1175 5304; x_wconf 88' lang='lat' dir='ltr'>rum</span> <span class='ocrx_word' id='word_1_787' title='bbox 1186 5252 1262 5304; x_wconf 88' lang='lat' dir='ltr'>etiam</span> <span class='ocrx_word' id='word_1_788' title='bbox 1272 5251 1293 5305; x_wconf 92' lang='lat' dir='ltr'>si</span> <span class='ocrx_word' id='word_1_789' title='bbox 1302 5248 1404 5302; x_wconf 90' lang='lat' dir='ltr'>modum</span> <span class='ocrx_word' id='word_1_790' title='bbox 1413 5248 1527 5311; x_wconf 83' lang='lat' dir='ltr'>excedat,</span> <span class='ocrx_word' id='word_1_791' title='bbox 1539 5247 1599 5315; x_wconf 88' lang='lat' dir='ltr'>ipsis</span> <span class='ocrx_word' id='word_1_792' title='bbox 1606 5246 1748 5300; x_wconf 87' lang='lat' dir='ltr'>bominibus</span> <span class='ocrx_word' id='word_1_793' title='bbox 1758 5246 1903 5300; x_wconf 84' lang='lat' dir='ltr'>conducere</span> 
     </span>
    </p>
   </div>
   <div class='ocr_carea' id='block_1_13' title="bbox 0 0 2045 5926">
    <p class='ocr_par' dir='ltr' id='par_1_16' title="bbox 0 0 2045 5926">
     <span class='ocr_line' id='line_1_59' title="bbox 0 0 2045 5926; baseline 0 0"><span class='ocrx_word' id='word_1_794' title='bbox 0 0 2045 5926; x_wconf 95' lang='lat' dir='ltr'> </span> 
     </span>
    </p>
   </div>
  </div>
 </body>
</html>
