3980 5936
597 467 602 477 .
645 412 954 488 extremuerunt
975 415 1121 478 ROMAN.
1145 417 1217 478 LlB.
1240 418 1278 479 X.
1715 420 1775 481 589

165 546 331 625 δμπεσούσης
343 544 494 625 φιλοτιμίας
508 545 553 603 καὶ
567 544 700 617 ζητήσεως
716 545 782 626 ὑπὲρ
793 551 839 606 τοῦ
850 546 942 626 σώμαι
1000 556 1053 607 siue
1066 570 1153 621 magna
1169 557 1339 618 contentione,
1357 557 1406 609 illis
1423 556 1613 618 dubitantibus,
1630 560 1716 611 utrum
1735 560 1775 611 in·

164 657 224 710 τος,
252 632 299 693 εἴτ’
328 636 355 691 ἐν
382 632 487 710 δεσμοῖς
515 633 578 692 αὗτδ
600 634 639 693 δεῖ
664 635 841 715 φυλάττεσθαι
862 634 942 709 τέως,
999 650 1072 701 terim
1084 663 1141 701 rens
1162 650 1267 701 vinculis
1279 653 1345 701 esset
1358 651 1531 714 asservandus,
1544 665 1575 701 en
1590 650 1656 702 detis
1670 654 1777 705 vadibus

165 720 213 781 εἴτ’
238 720 367 801 ίγγυητθς
390 722 479 782 δοῦναι
499 726 546 794 τῆς
566 721 690 797 ἀφίξεως,
705 722 831 799 &vulpi
853 721 943 802 πατὴρ
999 740 1066 789 esset
1079 738 1257 800 dimittendus,
1281 744 1310 789 ut
1324 741 1395 803 pater
1409 738 1558 804 postulabat.
1590 741 1660 790 Tunc
1677 748 1777 794 senatus

166 809 252 883 ἠξίου·
275 810 352 884 καλή
369 809 452 890 βουλὴ
467 812 628 872 συνελθοῦσα
654 810 802 893 ίψηφίσατο
823 811 945 892 χρήμασι
999 826 1109 877 δυσνοεῖν
1121 831 1149 878 ut
1161 828 1266 892 pneuma
1276 840 1292 877 a
1304 826 1411 877 vadibus
1423 840 1468 891 pro
1478 827 1776 892 ipsopromissadimitte·

125 920 138 959 ε
168 898 319 976 διεγγυηθὶν
334 898 468 979 ἐλεύθερον
483 887 551 958 εἶναι
563 899 594 958 rb
606 903 686 972 σῶμα
703 898 782 979 μέχρι
795 897 877 973 δίκης.
902 903 944 981 Γ
999 919 1075 976 retur,
1092 917 1209 980 eiusque
1222 915 1254 966 ed
1269 914 1357 979 judieii
1373 914 1439 967 diem
1458 915 1521 966 liber
1545 921 1620 968 esset.
1654 919 1777 971 Postridie

167 987 191 1046 δ’
208 985 267 1059 liin<
281 985 369 1069 ἡνίας
388 986 578 1066 σνννγαγόντνς
594 992 619 1048 οῖ
637 988 773 1068 ὅθμνρχνν
789 989 819 1047 τὸ
830 990 945 1062 πλῆθος,
999 1003 1101 1068 tribuni,
1113 1003 1204 1069 populo
1218 1005 1250 1055 ad
1267 1005 1413 1055 concionem
1424 1010 1568 1067 convocato,
1583 1019 1663 1070 quum
1677 1008 1777 1072 juvenis

167 1073 316 1144 ίκλιπόντος
330 1080 376 1134 τοῦ
400 1075 537 1155 μειρακίου
549 1075 597 1146 τὴν
623 1075 714 1152 δίκην,
739 1076 874 1154 ἐκύρωσαν
896 1074 944 1148 τὴν
998 1092 1164 1144 vadimonium
1182 1093 1343 1156 deseruisset,
1362 1107 1422 1144 enm
1433 1093 1560 1146 absentem
1574 1095 1738 1158 damnarunt;
1752 1103 1777 1149 et

167 1163 226 1222 κατ’
249 1165 327 1223 αὐτοῦ
352 1166 438 1245 ψῆφον
466 1164 510 1223 καὶ
536 1166 596 1233 τοὺς
619 1163 750 1243 ‘ilintate
776 1164 840 1223 δέκα
868 1164 945 1233 ὄντας
998 1180 1142 1243 aradibus,
1167 1182 1212 1245 qui
1225 1184 1297 1232 erant
1310 1181 1552 1247 decem,pecunias,
1574 1184 1776 1250 quasprorsdi·

168 1250 312 1331 ἐπράξαντο
326 1251 360 1311 ris
374 1255 434 1332 περὶ
446 1257 491 1313 τοῦ
508 1251 631 1330 σώματος
646 1257 692 1325 τῆς
702 1252 944 1322 ἀποκαταστάσεως
997 1268 1080 1319 monio
1098 1269 1294 1333 spoponderant,
1316 1273 1460 1335 exegerunt.
1473 1260 1479 1271 '
1493 1271 1567 1321 creso
1579 1271 1664 1337 igitur,
1677 1273 1702 1323 in
1714 1273 1778 1324 tales

116 1369 140 1407 nn
167 1339 359 1418 θμολογηθόντα
383 1340 522 1419 χρήματα.
567 1341 675 1402 Καίσων
700 1339 747 1416 μίν
772 1330 817 1399 ούν
833 1341 942 1421 τοιαύτη
997 1356 1461 1423 insidieslepsue,operatribunomm,
1474 1360 1581 1426 quibtec
1594 1362 1776 1414 omniaineum

166 1426 314 1510 περιπεσὼν
326 1428 465 1510 inrisere,
478 1429 757 1502 κατοοκουαοαινίνννν
773 1431 879 1491 inem
891 1434 943 1498 τῶν
996 1447 1078 1498 moliti
1102 1447 1208 1510 tuerent,
1241 1450 1267 1499 et
1286 1447 1392 1509 Volsci,
1414 1448 1457 1512 qui
1489 1449 1580 1500 leison
1608 1452 1777 1502 tetimonium

166 1518 327 1599 δημάρχων,
338 1519 385 1579 καί
394 1517 575 1581 oecumenico
599 1522 683 1601 ίνννδῆ
705 1520 940 1600 μαρτυρήσαντος,
997 1536 1102 1598 dixerat,
1115 1541 1241 1603 utpostes
1259 1537 1358 1588 laudem
1372 1540 1526 1602 compertum
1539 1542 1584 1598 est,
1599 1539 1739 1591 exsulatum
1751 1541 1777 1592 in

164 1607 200 1672 ὣς
214 1604 318 1685 litters
331 1606 442 1694 φανερόν
463 1605 510 1665 σὺν
530 1611 635 1688 χρόνῳ,
657 1606 760 1687 φεύγων
779 1611 819 1675 νίς
836 1609 941 1686 toppe-
997 1625 1122 1676 Etruriam
1131 1624 1202 1677 ebiit.
1233 1627 1308 1677 Peter
1324 1626 1389 1690 ejus,
1404 1627 1514 1677 maxima
1535 1639 1638 1677 suorum
1653 1626 1775 1681 bonorum

163 1692 220 1752 νίαν
232 1691 340 1773 ᾤχετο.ι
350 1698 376 1756 Ο
386 1693 414 1754 it
425 1693 515 1775 πατὴρ
528 1699 607 1755 αὐτοῦ
617 1694 652 1753 τὰ
664 1695 779 1754 oblim
791 1698 839 1765 τῆς
853 1693 943 1761 νῦοἷνς
998 1715 1069 1776 perte
1080 1713 1192 1774 vendita,
1207 1728 1285 1778 quum
1294 1714 1400 1766 vadibus
1413 1715 1563 1766 restituisset
1572 1716 1697 1780 pecunias,
1714 1731 1777 1782 quas

112 1813 137 1853 rs
164 1781 358 1859 ίνννμνννλνίννς
372 1781 417 1842 καί
440 1783 476 1841 τὰ
491 1780 685 1861 ὗμνλνγηθίννν
708 1782 760 1841 ὕπὸ
778 1785 831 1842 τῶν
846 1784 943 1862 ippon-
997 1814 1043 1865 pro
1058 1806 1277 1866 reonumerarant,
1297 1803 1350 1854 nuri
1367 1806 1443 1876 (unus
1454 1804 1623 1867 enimegellus
1636 1806 1777 1859 Transtibe-

163 1873 218 1930 τῶν
232 1870 501 1952 χρήμυτυᾶπνδοῡς,
520 1873 607 1951 θουτῷ
619 1869 755 1951 popinis
769 1870 861 1952 μικρὸν
878 1874 942 1932 bno·
998 1889 1099 1940 ninusei
1123 1890 1234 1954 reliquus
1252 1894 1323 1951 erat,
1351 1892 1393 1942 ubi
1419 1892 1538 1944 humilem
1550 1893 1674 1956 quandam
1694 1908 1776 1945 casam

163 1958 302 2036 λουόμενος
318 1958 402 2039 elpes
416 1965 462 2019 τοῦ
485 1959 618 2039 Τιόίροοκ
641 1965 781 2039 ποταμοῦ,
800 1961 827 2018 ἓν
848 1951 870 2039 ᾧ
891 1982 942 2019 τοι·
998 1977 1114 2041 timebat)
1132 1980 1189 2028 cun
1203 1979 1289 2044 mucis
1305 1980 1384 2031 serni
1401 1993 1474 2031 suun
1484 1995 1572 2046 egnum
1584 1982 1682 2038 colens.
1701 1984 1776 2035 vitem

163 2047 241 2119 πῑνννί
255 2071 295 2114 τνς
310 2038 343 2121 {is
364 2047 485 2122 καλνίὸη,
509 2050 633 2129 Υῑωργῶν
649 2048 737 2107 νῦῖόθῑ
752 2047 820 2124 μννὰ
842 2045 941 2106 δνῦλννν
997 2064 1147 2118 ίείνοεὶοωιιι
1166 2072 1192 2118 et
1208 2081 1372 2119 erumnossrn
1386 2069 1522 2131 tolerabat,
1539 2074 1565 2121 et
1578 2085 1630 2136 pree
1648 2072 1734 2123 dolore
1747 2088 1777 2124 ac

163 2134 259 2214 ὀλίγων
274 2137 397 2195 ἐπίπονον
414 2137 459 2197 καὶ
476 2137 645 2218 ταλαίπωρον
659 2135 705 2209 ἔζη
722 2137 778 2215 βίον
792 2134 842 2194 ίνπδ
855 2136 940 2210 λύπης
997 2153 1079 2219 impin
1105 2168 1153 2207 nee
1163 2155 1251 2206 urbem
1265 2155 1403 2217 invisebat,
1416 2170 1462 2207 nec
1473 2158 1568 2208 amieos
1579 2158 1719 2223 salutabat,
1731 2173 1777 2212 nec

110 2249 138 2289 at>
163 2248 192 2284 τν
211 2224 256 2284 καὶ
271 2225 375 2298 πενίας,
390 2224 450 2285 νῦτν
471 2226 548 2286 πόλνν
563 2229 630 2305 δρῶν
646 2224 706 2285 οὔτί
721 2223 808 2304 φίλους
819 2224 943 2295 &timit-
996 2241 1085 2295 diebus
1104 2244 1174 2295 iestis
1186 2244 1344 2296 celebritates
1359 2244 1456 2307 adibat,
1471 2260 1518 2297 neo
1531 2246 1588 2298 ullis
1598 2247 1704 2311 publicis
1712 2248 1775 2300 hila·

164 2336 239 2391 μενος
267 2312 325 2374 ούτε
350 2314 480 2395 ίορτάζωυ
505 2313 558 2376 οὔτ’
584 2313 667 2386 ἄλλης
688 2315 846 2395 εὖφρνσῦνης
869 2316 942 2374 νίνδν·
997 2331 1111 2383 ritstibus
1135 2346 1163 2383 se
1184 2331 1347 2383 immiscebat.
1380 2335 1505 2384 ceterum
1527 2334 1640 2385 tribunos
1660 2350 1705 2386 sua
1720 2349 1777 2400 spes

163 2414 226 2481 μνᾶς
240 2406 326 2482 §surb
342 2401 505 2479 μεταδιδούς.
525 2406 590 2470 Τοῖς
603 2402 693 2478 μίντον
707 2402 857 2484 δημάρχοις
874 2402 940 2463 πολὺ
996 2420 1172 2472 ualdeietellit.
1206 2424 1261 2472 lton
1275 2422 1357 2473 solum
1372 2421 1438 2473 enim
1450 2423 1561 2473 cesonis
1574 2423 1703 2474 calamitas
1715 2425 1777 2476 nibil

163 2490 193 2551 εδ
207 2490 357 2571 παράλογον
380 2489 482 2571 ίγόνετο
505 2496 551 2564 τῆς
572 2491 687 2560 ἐλπίδος.
730 2496 772 2554 Οὐ
796 2493 848 2571 γὰρ
871 2491 942 2561 ὅπως
997 2509 1145 2574 proiecitad
1161 2509 1383 2561 moderandarum
1401 2509 1582 2575 reprimendam
1601 2512 1720 2575 juvenum
1736 2514 1775 2564 in·

164 2580 301 2640 ίτεαύσατο
321 2581 405 2651 ἡτῶν
431 2581 496 2642 νέων
510 2581 648 2662 φιλοτιμία
670 2584 877 2662 σωφρονισθεῖοοι
906 2586 940 2661 τῇ
996 2598 1201 2650 εοίοιιςίεαιιεοιί
1214 2601 1289 2650 etiam
1298 2599 1330 2650 ob
1342 2593 1396 2650 earn
1413 2600 1448 2650 illi
1468 2599 1540 2665 longe
1564 2600 1735 2653 insolentiores
1746 2617 1776 2655 ac

109 2699 137 2739 ns
167 2667 302 2735 Καίσωνος
312 2677 451 2749 συμφορᾷ,
468 2667 537 2728 πολὺ
550 2669 577 2728 δί
591 2670 768 2748 χαλεπωτέρα
780 2670 826 2728 καί
841 2667 940 2729 πλείων
999 2685 1103 2737 seriores
1117 2691 1174 2737 sunt
1187 2686 1287 2746 redditi,
1308 2687 1380 2738 lactis
1394 2686 1516 2751 dictisque
1536 2688 1616 2752 legem
1632 2702 1774 2754 oppugnan-

164 2755 284 2837 ἐγίνετο,
299 2758 383 2838 ίργοις
397 2757 484 2817 τεκαὶ
498 2760 584 2836 λόγοις
599 2757 830 2839 καταγωνιζομίνη
843 2757 888 2815 τθν
901 2756 942 2816 νύ·
995 2777 1151 2840 lentiaque,
1171 2788 1202 2826 eo
1214 2775 1342 2826 consulatu
1356 2776 1392 2827 ita
1406 2780 1546 2838 consumto,
1562 2776 1603 2828 lex
1623 2779 1691 2829 nullo
1701 2781 1774 2842 paeto

163 2868 230 2923 μον,
252 2843 317 2904 ὥστ’
332 2843 406 2905 οθθίν
425 2844 466 2905 trs
483 2847 570 2913 αὐτοῖς
586 2843 715 2922 ἐξεγένετο
733 2844 941 2926 διαπράξασθαι,
995 2862 1086 2914 abillis
1101 2864 1205 2929 perferri
1222 2864 1312 2930 potuit,
1344 2865 1420 2917 Plebs
1432 2866 1555 2916 antemio
1570 2880 1776 2931 annumsequeu·

163 2933 357 3004 δαπανηθέντος
380 2934 416 3000 είς
431 2938 513 2993 ταῦτα
533 2938 578 2992 τοῦ
593 2934 690 3014 χρόνου
707 2937 753 3006 τῆς
768 2937 864 3014 ἀρχῆς.
907 2933 942 2996 Ὁ
995 2959 1047 3008 tem
1062 2957 1162 3010 mem
1177 2958 1549 3025 pfipunmipemmqspgmp,

165 3020 253 3099 μέντοι
270 3023 352 3096 δῆμος
373 3021 410 3089 είς
424 3022 468 3083 τὸν
484 3021 589 3084 ἐπιόντα
603 3022 684 3080 πάλιν
710 3022 826 3082 ἐνιαυτὸν
843 3023 940 3105 ἄρχον·

111 3136 138 3176 ευ
164 3134 210 3176 τας
226 3107 360 3177 ἀπέδειξεν
377 3111 481 3178 αὐτούς.
1392 3182 1398 3191 ⁸

204 3197 255 3260 IX·
280 3198 402 3259 Ποπλίου
419 3198 447 3257 dl
461 3198 609 3276 Οὐαλερίου
626 3199 784 3260 Ποπλικολα
797 3200 843 3259 καὶ
858 3198 941 3262 Γαίου
1027 3219 1069 3268 ill.
1083 3218 1172 3269 Publio
1184 3222 1268 3270 autem
1279 3218 1380 3270 Valerio
1391 3218 1517 3286 l'oplieola
1530 3221 1558 3270 et
1568 3219 1596 3269 c.
1615 3217 1717 3269 Claudio
1728 3221 1773 3270 Sa-

166 3286 299 3348 Κλαυδίου
316 3285 432 3347 aesino
446 3285 495 3358 τὴν
522 3287 655 3360 ὑπατικὴν
673 3286 793 3356 ἐξουσίαν
814 3294 941 3371 παραλα-
996 3305 1054 3358 bino
1074 3306 1218 3358 oonsulibus
1241 3307 1394 3372 periculum,
1418 3308 1491 3370 quale
1511 3320 1638 3370 nunquam
1663 3309 1721 3359 ante
1742 3308 1777 3362 ab

165 3376 283 3448 θόντυνν,
310 3376 427 3443 κίνδυνος
446 3376 506 3444 όοος
528 3375 601 3437 οὔπω
615 3379 665 3448 τὴν
677 3375 788 3453 Ῥώμην
812 3375 941 3460 κατέσχεν
997 3393 1112 3445 hostibus
1133 3394 1242 3445 externis
1265 3394 1362 3445 illatum
1380 3393 1467 3444 urbem
1483 3393 1582 3454 invasit,
1605 3395 1637 3445 ab
1660 3396 1775 3447 intestina

165 3465 191 3535 ίξ
214 3468 368 3535 ἀλλοεθνοῦς
383 3465 517 3543 πολέμου,
533 3464 562 3524 δν
579 3468 734 3544 παρήγαγεν
756 3467 943 3547 treberenses
997 3482 1116 3534 εοιίίίίυιιο
1131 3482 1269 3543 adscitum,
1289 3484 1318 3533 ut
1342 3481 1460 3545 Sibyllina
1475 3482 1576 3532 oracula
1590 3483 1774 3546 prendixerant,

112 3578 139 3620 τε
165 3559 183 3627 ἡ
204 3554 327 3628 πολιτικὴ
355 3554 459 3628 οτάοιι,
483 3558 520 3619 ὡς
545 3552 571 3613 oi
595 3577 623 3613 τε
649 3552 802 3615 Σιὸύλλοιοι
825 3559 942 3635 χρησμοὶ
997 3573 1023 3621 et
1039 3570 1173 3635 superioris
1190 3568 1367 3634 onniprodigte
1382 3568 1504 3621 dinmitus
1526 3569 1603 3620 misse
1624 3584 1775 3635 praemonue-

165 3642 309 3724 προύλεγον
323 3643 368 3702 καὶ
383 3642 417 3702 τδι
435 3645 465 3702 ἐκ
479 3649 526 3703 τοῦ
541 3641 678 3720 δαιμονίου
691 3642 805 3721 φανίντα
821 3646 943 3722 προεθέσ·
996 3660 1060 3710 rant
1093 3659 1171 3724 0qu
1183 3659 1240 3710 beili
1254 3658 1386 3721 originem,
1406 3661 1555 3710 ernestum
1571 3660 1596 3710 jn
1614 3675 1645 3712 ρο
1658 3675 1673 3710 a
1688 3674 1775 3711 ponsa.

164 3754 226 3791 πισε
243 3733 281 3809 τῷ
300 3731 457 3813 παρελθόντι
478 3732 597 3811 ίνιαυτῷ.
654 3731 825 3809 Διηγησομαε
849 3730 877 3791 δὲ
894 3730 942 3804 τήν
996 3747 1156 3810 libusgestas
1175 3745 1288 3796 sanabo.
1322 3745 1442 3807 Tribuni,
1456 3747 1499 3810 qui
1522 3747 1613 3797 iterum
1632 3748 1707 3799 creati
1718 3748 1774 3800 ίιιο·

163 3844 193 3881 τε
208 3819 314 3895 αἰτίαν,
330 3822 376 3903 ἂρ’
391 3812 422 3892 ἧς
435 3822 451 3879 θ
465 3819 581 3899 πόλεμος
597 3821 773 3895 είοῆλθε,κα“ι
789 3820 823 3879 rb
854 3844 941 3901 πραγ·
996 3834 1068 3893 naut,
1091 3844 1135 3896 spe
1158 3828 1310 3895 perferendo
1330 3830 1402 3893 legis,
1430 3844 1508 3896 quurn
1534 3830 1646 3882 riderent
1669 3831 1775 3883 alterurn

164 3908 242 3968 θάντα
258 3918 312 3976 τοῖς
330 3908 438 3976 ὑπάτοις
463 3909 530 3970 κατδι
552 3908 598 3969 rba
614 3910 674 3969 τότε
692 3912 793 3987 ἀγῶνα.
837 3912 872 3971 0t
887 3933 942 3969 πα·
996 3922 1138 3983 consulem,
1153 3921 1182 3972 0.
1194 3919 1326 3971 Claudium
1351 3919 1444 3976 ,odium
1457 3920 1591 3984 inpiebem
1609 3935 1625 3970 a
1640 3922 1775 3975 maioribus

110 4027 138 4064 ιιι
166 3998 319 4077 ρειληφότες
334 3998 365 4058 τὸ
385 3996 505 4078 δεύτερον
519 3995 569 4070 riv
584 3996 736 4079 δημαρχίαν
750 3997 794 4058 tel
809 3999 942 4080 τῇίλπίδι
997 4013 1099 4063 insitum
1116 4010 1220 4072 babere,
1237 4013 1264 4061 et
1280 4012 1394 4075 peretum
1408 4008 1440 4059 ad
1467 4009 1546 4072 legem
1564 4010 1655 4074 quavis
1681 4012 1775 4065 ratione

164 4091 210 4145 τοῦ
223 4086 349 4165 κυρώσειν
364 4085 407 4144 τὸν
423 4085 522 4164 νόμον,
537 4088 648 4166 ὁρῶντες
663 4090 715 4146 τῶν
729 4109 758 4146 τε
774 4087 882 4148 ὑπάτων
898 4087 941 4146 τὸν
997 4102 1196 4167 impediendam,
1228 4104 1253 4152 et
1268 4100 1453 4166 potentissimos
1478 4112 1593 4165 quosque
1619 4101 1724 4165 iuuenes
1743 4103 1775 4155 ad

165 4176 263 4256 ίτερον,
280 4176 359 4237 Γάϊον
372 4176 506 4236 Κλαύδιον
516 4221 526 4252 ,
538 4178 653 4257 ἔμφυτον
663 4176 694 4235 τὸ
708 4176 772 4253 πρὸς
782 4176 841 4244 τοὺς
855 4182 940 4253 δημο-
996 4191 1149 4242 manifestam
1172 4189 1368 4255 desperationem
1389 4201 1543 4253 progressos,
1567 4188 1604 4239 ite
1624 4192 1653 4242 nt
1667 4191 1733 4242 nulla
1750 4193 1775 4242 ni

164 4266 250 4333 τικοὺς
271 4266 366 4345 ἔχοντα
382 4273 456 4343 μῖσος
471 4266 514 4325 διδ
537 4266 673 4346 προγόνων
689 4269 734 4324 καί
757 4288 941 4347 παρεσκευασ-
996 4280 1101 4344 amplius
1115 4279 1179 4330 rinei
1197 4280 1310 4343 possent,
1326 4278 1450 4343 precipue
1471 4290 1533 4329 sero
1556 4277 1636 4342 piebis
1658 4281 1776 4332 maiorem

166 4352 242 4431 μόνον
260 4353 352 4432 inuios,
374 4356 484 4434 μηχανῇ
508 4354 619 4415 κωλύειν
634 4354 668 4413 τδι
683 4353 826 4432 γινόμενα,
841 4357 894 4412 τῶν
913 4377 943 4414 τε
997 4370 1094 4435 partem
1114 4367 1241 4431 obsequiis
1275 4366 1433 4432 patriciorum
1451 4364 1579 4417 delinitam
1597 4367 1699 4429 cedere,
1729 4381 1775 4419 nec

110 4465 137 4505 es
164 4443 229 4501 νέων
245 4442 305 4507 τοὺς
319 4445 442 4502 πλεῖστον
460 4443 618 4520 δυναμένους
633 4445 669 4512 είς
685 4444 810 4504 ἀπόνοιαν
826 4442 941 4525 φανερὰν
997 4455 1101 4521 amplius
1110 4455 1196 4507 eadam
1214 4454 1343 4506 alacritate
1354 4453 1405 4519 legi
1420 4453 1685 4520 perierendseoperam
1698 4455 1774 4519 dare,

164 4530 390 4612 προεληλυθότες,
407 4530 451 4599 οθς
472 4534 520 4593 οὐκ
540 4535 601 4607 ίνῆν
623 4536 662 4614 τῷ
685 4532 765 4614 βιαίῳ
791 4531 941 4611 καταγωνί-
997 4543 1179 4610 impudentiore
1189 4541 1230 4593 via
1250 4555 1304 4593 rem
1324 4539 1424 4607 aggredi
1442 4544 1593 4601 statuerunt,
1614 4555 1664 4606 qua
1685 4542 1777 4608 populo

165 4627 276 4681 σαεθαι,
294 4619 411 4699 μάλιστα
426 4619 454 4681 δὲ
468 4628 515 4682 τοῦ
540 4621 625 4701 δήμου
648 4621 678 4681 τὸ
692 4622 783 4681 πλεῖον
807 4625 941 4683 ύποκατα·
996 4638 1117 4687 terrorem
1148 4624 1304 4693 incuterent,
1334 4635 1362 4682 et
1397 4629 1525 4682 οοαειιίοια
1553 4630 1707 4694 repellerent.
1741 4634 1777 4683 Ac

165 4709 317 4784 κλινόμενον
331 4718 389 4776 ταῖς
411 4708 561 4791 θεραπείαις
580 4713 633 4770 τῶν
647 4711 795 4790 πατρικίων
811 4710 857 4768 καὶ
874 4730 942 4787 προ-
996 4724 1105 4790 primum
1117 4720 1218 4786 quidem
1242 4731 1355 4771 rumores
1368 4717 1450 4770 varios
1461 4731 1505 4784 per
1520 4717 1610 4769 urbem
1626 4719 1778 4784 spargendos

166 4798 261 4875 θυμίαν
270 4798 358 4859 οὐκέτι
371 4800 432 4880 περί
446 4805 492 4860 τοῦ
501 4798 584 4876 νόμου
596 4797 644 4872 τὴν
657 4799 739 4870 αύτλν
751 4798 943 4879 παρεχόμενον,
996 4808 1116 4863 puniunt
1132 4827 1138 4862 :
1153 4808 1269 4861 deindee
1283 4821 1355 4859 mane
1366 4820 1447 4872 usque
1466 4806 1499 4857 ed
1512 4819 1643 4872 vesperam
1660 4807 1777 4861 sedentes

110 4908 138 4945 eo
167 4887 331 4965 ίταμωτίραν
347 4888 406 4949 όδδν
422 4888 540 4968 ίγνωσαν
558 4887 603 4947 ieri
617 4888 654 4948 τά
672 4888 819 4966 πράγματα
842 4888 939 4963 πορεύ-
995 4901 1021 4951 in
1034 4899 1164 4966 propatulo
1175 4896 1362 4958 consultabant,
1378 4909 1425 4947 nec
1436 4909 1587 4960 quemquam
1599 4894 1776 4948 nisiexoolle·

165 4980 255 5051 εσθαι,
266 4978 299 5036 δι’
321 4969 353 5049 ἧς
373 4978 553 5059 άναλήψσνταε
568 4975 616 5055 μίν
634 4976 679 5037 τδν
697 4976 783 5052 δῆμον
800 4975 942 5047 ,καταόα-
995 4986 1036 5050 gio
1049 4985 1075 5036 in
1089 4998 1161 5039 suum
1170 4983 1301 5035 conubium
1313 4987 1338 5035 et
1356 4983 1507 5047 colloquium
1521 4983 1695 5037 udmittebeut.
1711 4988 1774 5038 Pos-

164 5067 240 5125 λοῦσι
251 5066 278 5125 δὲ
290 5066 335 5126 τδν
353 5066 464 5128 ύπατον.
481 5068 592 5147 Πρῶτον
607 5065 655 5142 μίν
676 5063 876 5124 κατεσκεύασαν
894 5065 942 5147 φή·
995 5076 1088 5134 tremo,
1106 5073 1147 5123 ubl
1166 5072 1309 5137 judicarunt
1321 5076 1420 5137 tempus
1431 5086 1485 5123 esse
1496 5075 1663 5138 opportunum
1674 5074 1776 5128 oonsdia

164 5177 217 5229 μσς
231 5154 354 5235 λέγεσθαι
367 5154 438 5216 κατὰ
451 5153 500 5227 τὴν
514 5154 592 5215 πολιν
610 5152 791 5222 παντοδαπάς·
807 5156 901 5215 ίπειτα
914 5154 941 5224 ἐξ
995 5160 1155 5228 οιεοηαοιιιίί,
1168 5161 1253 5213 literas
1277 5161 1416 5223 tinxerunt,
1429 5174 1521 5226 eosque
1534 5162 1567 5214 ab
1582 5163 1666 5228 ignoto
1675 5162 1775 5217 bomine

163 5243 268 5303 ίωθινοῦ
279 5242 446 5321 καθεζόμενοι
458 5244 491 5301 δι’
501 5242 563 5315 ύλης
576 5241 677 5325 ἡμάρας
690 5241 847 5325 συνήδρευον
863 5244 891 5303 ἐν
901 5247 940 5326 τῷ
967 5292 971 5307 .
995 5252 1042 5305 sibi
1063 5252 1089 5303 in
1102 5252 1154 5305 toro
1170 5252 1315 5305 sedentibus
1333 5249 1471 5304 reddendos
1486 5256 1618 5316 cumrunt3
1636 5252 1727 5319 quibus
1738 5268 1776 5310 ac.
