4070 5926
262 408 322 469 nte
785 412 957 474 DlONYSll
979 411 1359 476 HALICARNASSENSIS

261 564 265 575 ⁴
304 541 364 603 CX.
388 540 438 610 Ὧς
454 541 481 602 δέ
501 548 616 613 καθῆκεν
633 548 715 604 θτύῖν
733 548 912 625 ἀρχαιρεσιῶν
938 545 1039 626 χρόνος,
1065 576 1069 640 γ
1127 556 1180 605 XO.
1196 558 1279 614 Quum
1291 532 1651 625 autemcomitiorunrtetnpus
1663 556 1880 625 venisset,etipsi

264 630 390 692 ἐλθόντων
404 635 456 691 τῶν
473 632 599 707 ὑπάτων,
617 634 704 707 πολλή
719 635 822 706 σπουδή
835 636 881 694 καὶ
893 633 1040 716 παράταξις
1094 656 1209 706 compes
1218 655 1251 706 ao
1261 656 1416 718 petivissent,
1431 655 1616 720 tngonootudto
1625 660 1652 707 et
1666 660 1824 711 contentione
1838 661 1878 710 in-

260 719 365 798 ἐγένετο
385 725 432 780 τοῦ
458 719 544 799 δήμου
563 721 628 801 πρὸς
647 723 708 790 τοὺς
722 723 880 803 '‘mim'‘
904 724 965 801 περί
987 726 1040 782 τῶν
1095 761 1133 808 ter
1141 758 1241 822 plebem
1252 762 1279 810 et
1290 758 1406 824 patricios
1414 761 1539 808 certatum
1551 762 1590 808 est
1602 757 1720 819 desinis,
1733 761 1823 823 quibus
1840 776 1880 812 re-

263 807 494 942 πῗέαληίομίνξίί
516 811 572 922 τίν,
588 811 733 921 ἡίίίωίέαν
758 813 871 892 emm*
928 811 1041 873 Ἐκεῖνοι
1096 862 1152 899 τοττι
1168 848 1541 901 summaesseteornmitteuda.
1570 850 1608 901 llli
1623 851 1690 902 euim
1707 852 1879 918 ejuuicribus

223 918 235 955 ο
264 921 311 971 pst-v
324 900 374 979 γάρ
385 901 415 958 ἐκ
430 923 482 959 των
492 923 625 979 νεωτερων
642 901 782 1010 ἐόογιλοντυ
797 902 857 968 τοὺς
869 900 1042 983 δραστηρίους
1096 951 1602 1018 mpigmanqumtmimmepopulm
1611 953 1809 1008 mmmm
1837 969 1880 1007 m·

261 1007 291 1043 τε
305 988 351 1045 καί
367 988 465 1059 ἥκιστα
480 989 636 1065 δημοτικούς
657 992 701 1049 ἐπι
714 989 764 1064 τήν
778 990 906 1050 ὑπατείαν
918 1012 1041 1068 προαγα·
1819 970 1837 1021 p

264 1084 332 1150 γεῖν·
348 1076 393 1136 καί
409 1076 500 1157 μετῄει
515 1077 563 1147 τὴν
582 1075 667 1157 ἀρχὴν
691 1078 837 1145 κελευσθείς
857 1081 903 1135 ὑπ’
924 1080 1011 1135 αὐτῶν
1027 1082 1042 1137 ὑ
1095 1067 1195 1104 mmm
1206 1053 1356 1117 mmmm*
1372 1057 1399 1105 ὑί
1413 1067 1502 1105 mm
1514 1054 1585 1106 Μ
1597 1055 1663 1107 finus
1679 1057 1752 1122 ΑΡΡῙῙ
1763 1058 1880 1121 chu‘ffi’

262 1163 316 1232 υἷος
331 1166 442 1225 Ἀππίου
456 1165 592 1227 Κλουδίου
617 1172 664 1225 ,ου
684 1167 884 1242 ,ουχουυοουοου
907 1171 947 1246 ,ᾧ
963 1168 1041 1247 οήυυ,
1095 1155 1140 1218 oui
1150 1155 1286 1206 acerrimus
1294 1154 1373 1220 piebis
1382 1155 1463 1208 hostis
1472 1155 1669 1219 existimabatur,
1676 1158 1717 1208 vir
1728 1161 1880 1223 nongenties

262 1256 396 1321 δοκοῦντος
410 1245 494 1334 εἶναι,
510 1253 605 1330 μεστὸς
620 1254 761 1320 αὐθαδείας
784 1252 851 1333 ἀνὴρ
866 1253 913 1312 καὶ
929 1253 1041 1332 θράσους
1096 1260 1122 1306 et
1133 1255 1245 1307 eudociae
1256 1255 1344 1321 plenus
1359 1260 1385 1307 et
1395 1257 1515 1309 sodalitiis
1525 1258 1698 1323 clientulisque
1709 1260 1882 1312 omniumsure

212 1364 236 1403 to
262 1341 369 1422 ἑταίροις
383 1366 411 1401 τε
426 1344 470 1402 καί
487 1341 753 1410 retrocedentem
770 1344 894 1401 πλεῖστον
910 1345 962 1400 τῶν
980 1345 1040 1401 καθ’

206 2692 233 2731 25

262 1431 368 1503 ἠλικίαν
383 1432 536 1509 δυνάμενος.
579 1431 614 1494 ‘O
629 1432 657 1491 δέ
672 1433 754 1507 δῆμος
775 1433 805 1490 ἐκ
818 1435 872 1489 τῶν
887 1429 1039 1508 πρεσόυτί-

264 1545 315 1601 ρων
327 1522 412 1581 τεκαὶ
425 1524 478 1580 τῶν
492 1529 586 1602 πεῖραν
600 1520 652 1593 ἤδη
666 1520 817 1580 δεδωκότων
837 1525 886 1591 τῆς
900 1520 1040 1586 ἐπιεικείας

263 1610 322 1679 τοὺς
334 1608 559 1691 προνοησομίνους
572 1618 619 1671 τοῦ
632 1615 706 1688 κοινῇ
719 1608 895 1690 συμφέροντος
906 1608 1040 1685 ὀνομάζων

263 1700 337 1771 ἠξίου
349 1700 433 1759 ποιεῖν
448 1698 574 1767 ὑπάτους.
617 1697 656 1759 Al
664 1721 693 1758 τε
707 1697 789 1780 ἀρχαί
801 1698 983 1769 διειστήκεσαν
995 1696 1041 1757 καί

262 1790 309 1856 τὰς
325 1787 446 1860 ἀλλήλοιν
463 1786 569 1848 ἀνελυαν
589 1786 716 1856 ἐξουσίας.
766 1786 863 1848 Ὁπότε
883 1786 931 1863 μὲν
950 1785 1040 1868 γάροί

262 1876 357 1936 ύπατοι
384 1878 489 1936 καλοῖεν
512 1876 543 1936 τδ
567 1878 685 1950 πλῆθος,
708 1880 745 1944 ὡς
772 1875 951 1944 ἀποδείξοντες
980 1872 1041 1943 τοῖς

262 1967 399 2039 μετιόντας
414 1965 463 2038 τὴν
482 1963 568 2046 ἀρχήν
583 1964 712 2036 ὑπάτους,
730 1967 755 2024 ol
770 1964 904 2044 δήμαρχοι
920 1969 966 2023 τοὺ
985 1988 1039 2024 κω·

261 2055 331 2114 λύειν
358 2055 429 2122 όντες
449 2053 533 2135 κύριοι
552 2053 652 2113 διέλυον
666 2050 700 2112 τὰ
720 2051 896 2131 ἀρχαιρέσια·
911 2052 989 2112 ὑπότε
1011 2051 1039 2112 δέ

261 2135 295 2202 ού
324 2143 405 2202 πάλιν
432 2144 526 2202 ἰκτῖνοι
550 2140 655 2198 καλοῖεν
666 2142 701 2207 όις
727 2139 969 2219 ἀρχαιρεσιάσοντα
992 2138 1037 2198 τόν

261 2235 344 2309 δῆμον
355 2276 363 2304 ,
374 2234 423 2291 ούκ
437 2230 579 2309 ἐπέτρεπον
595 2231 619 2289 οῖ
633 2227 730 2288 ὑπατυι
741 2229 789 2301 τήν
802 2227 920 2296 ἐξουσίαν
936 2230 1040 2309 ἐχοντες

261 2328 307 2382 τοὺ
319 2322 460 2400 συγκαλεῖν
480 2318 540 2387 τοὺς
563 2317 657 2398 λόχους
671 2316 718 2376 καί
732 2317 779 2385 τίς
799 2320 902 2399 ψήφους
918 2318 1038 2377 ἀναδιδό·

260 2435 313 2474 ναι.
359 2408 528 2488 Κατηγορίαι
541 2409 565 2466 τ’
579 2405 703 2479 ἀλλήλων
717 2405 843 2484 ἐγίνοντο,
859 2404 906 2464 καί
919 2414 1039 2487 συνεχεῖς

261 2498 409 2581 ἁψιμαχίαι
435 2498 496 2558 καθ’
516 2494 633 2575 ἑταιρίας
660 2493 876 2570 συνισταμένων,
898 2491 968 2553 ὥστε
993 2494 1039 2553 καί

257 2582 365 2667 ’πληγάς
381 2585 506 2659 ἀλλήλοις
523 2583 621 2645 διδόναι
641 2581 715 2650 τινδς
727 2586 772 2642 ὑπ’
786 2586 865 2664 ἀργῆς
879 2580 925 2641 καί
941 2585 970 2642 ού
985 2607 1037 2661 μα·

260 2676 325 2757 κρδιν
340 2682 469 2755 ἀποσχεῖν
484 2674 533 2746 τήν
548 2673 642 2734 στάσιν
656 2677 709 2732 τῶν
728 2672 829 2732 toton.
873 2673 968 2732 Ταῦτα
983 2695 1039 2749 μα·

260 2767 372 2835 θοῧσαή
390 2761 472 2842 βουλή
487 2762 571 2821 πολὺυ
586 2761 694 2821 ἐσκόπει
708 2761 820 2841 χρόνον,
837 2759 853 2818 ό
862 2784 889 2819 τι
907 2758 1039 2838 χρήσεται

259 2853 313 2919 τοῖς
328 2851 500 2929 πράγμασιν,
514 2850 573 2911 οὔτε
590 2849 734 2930 βιάσασθαι
746 2848 880 2927 δυναμένη
891 2846 935 2907 τὸν
952 2848 1038 2925 δῆμον

259 2939 314 2999 οὔτ’
336 2931 403 3009 εἶξαι
423 2936 581 3017 βουλομένη.
623 2928 680 2997 Ἦν
704 2935 728 2996 δ’
751 2942 768 3008 ἡ
791 2935 839 3013 μέν
860 2933 1038 3014 αὐθαδεστέρα

259 3027 352 3108 γνώμη
379 3029 521 3108 δικτάτορα
542 3024 648 3085 ὑλέσθαι
663 3029 716 3084 τῶν
737 3027 915 3106 ἀρχαιρεσιῶν
939 3022 1036 3096 ἕνεκα,

259 3120 287 3179 ὃν
303 3117 336 3178 ἀν
349 3120 468 3196 ἡγῶνται
488 3113 630 3195 κράτιστον
644 3106 724 3174 εἶναι·
740 3114 785 3173 τόν
809 3111 838 3172 δέ
859 3110 976 3172 λαθόντα
989 3110 1038 3183 τήν

259 3206 377 3277 ἐξουσίαν
397 3204 456 3271 τούς
469 3226 498 3262 τε
513 3200 664 3271 νοσοποιοὺς
678 3204 708 3261 ἐκ
732 3206 780 3275 τῆς
802 3200 905 3268 πόλεως
920 3198 1036 3275 ἐξελεῖν,

259 3297 303 3355 καί
317 3295 342 3355 εἴ
353 3318 380 3353 τι
394 3295 548 3374 ἡμάρτηται
560 3299 619 3358 ταῖς
630 3290 758 3373 πρότερον
774 3292 870 3371 ἀρχαῖς
884 3286 1039 3368 ἐπανορθώ-

259 3386 356 3442 σασθαι
367 3429 375 3453 ,
388 3379 432 3441 τόν
446 3404 475 3441 τε
488 3378 588 3457 κόσμον
602 3386 648 3439 τοὺ
662 3378 855 3454 πολιτεύματος
869 3376 897 3436 δν
915 3375 1038 3454 βούλεται

259 3468 495 3546 καταστησάμενον
520 3466 631 3548 ἀνδράσι
653 3470 707 3534 τοῖς
721 3464 872 3549 κρατίστοις
896 3466 1039 3525 ἀποδοῦναι

259 3558 306 3627 τάς
320 3558 420 3638 ἀρχάς·
461 3564 479 3631 ἡ
522 3558 545 3616 δ’
569 3554 959 3636 ἐπιεικεστέρα,μεσοόασιλεῖς
980 3551 1039 3611 tit-

259 3653 319 3708 σθαι
339 3646 398 3714 τοὺς
412 3642 609 3727 πρεοόυτάτους
621 3667 650 3704 τε
665 3642 711 3702 καί
725 3642 903 3720 τιμιωτάτους
918 3640 1035 3721 ἀνδρας,

258 3728 297 3805 οἷς
309 3734 432 3815 ἐπιμελὲς
448 3734 523 3794 ἐσται
536 3734 572 3793 τί
588 3737 649 3813 περί
662 3732 709 3802 τὰς
721 3733 825 3813 ἀρχάς,
845 3729 916 3799 ὅπως
928 3730 1038 3809 κράτισ·

258 3849 301 3884 ται
315 3823 487 3905 γενήσονται,
504 3826 696 3902 προνοηθῆναι,
715 3819 761 3880 τόν
777 3818 855 3878 αὑτὸν
877 3818 974 3899 τρόπον
996 3817 1039 3877 όν·

258 3936 309 3991 περ
334 3912 378 3971 ἐπί
401 3914 454 3971 τῶν
480 3908 611 3993 βασιλέων
643 3912 696 3969 τῶν
720 3910 881 3968 ἐκλιπόντων
910 3906 1036 3984 ἐγίνοντο.

259 4001 353 4079 Ταύτῃ
368 3999 554 4081 προσθεμένων
570 4001 603 4077 τῆ
625 3996 719 4079 γνώμη
741 3999 793 4055 τῶν
816 3996 955 4068 πλειόνων,
972 3998 1039 4056 ἀπο·

259 4089 391 4148 δείκνυναι
405 4088 469 4169 πρδς
484 4090 575 4148 αὐτῶν
589 4086 789 4163 μεσοὺασιλεῖς,
804 4088 908 4166 πρῶτος
923 4085 971 4161 μὲν
984 4077 1040 4146 Ab·

258 4181 303 4244 λος
317 4177 489 4258 Σεμπρώνιος
504 4178 662 4258 Ἀτρατῖνος,
677 4177 705 4234 αί
719 4177 743 4234 δ’
760 4174 841 4234 ἀλλαι
856 4171 1039 4246 κατελύθησαν

259 4264 353 4347 ἀρχαί.
397 4257 482 4334 Οὑτος
492 4263 684 4346 ἐπιτροπεύσας
699 4262 748 4336 τήν
767 4263 845 4322 πόλιν
858 4263 1038 4324 ἀστασίαστον

259 4353 322 4421 όσας
336 4353 396 4426 ἐξῆν
417 4354 538 4435 ἡμέρας,
555 4351 644 4434 ῖτερον
659 4350 861 4425 ἀποδείκνυσιν,
876 4348 970 4432 ὥσπερ
993 4354 1040 4412 αύ-

207 4471 236 4512 ro
257 4453 311 4512 τοῖς
327 4443 383 4513 ἐθος
396 4434 442 4518 ήιι,
455 4441 571 4524 Σπόριον
586 4441 712 4522 Λάρκιον.
757 4443 887 4509 Κάκεῖνος
908 4441 1038 4519 συγκαλέ·

258 4557 306 4603 σας
320 4533 369 4607 τήν
381 4536 482 4614 λοχῖτιν
497 4533 658 4605 ἐκκλησίαν,
673 4532 719 4591 καὶ
733 4528 781 4598 τὰς
793 4530 896 4612 ψήφους
914 4530 985 4589 κατά
1004 4530 1039 4589 τὰ

258 4624 398 4701 τιμήματα
422 4620 549 4695 ἀναδούς,
573 4624 603 4681 ἐκ
627 4625 675 4693 τῆς
697 4618 854 4702 ἀμφοτέρων
877 4618 1040 4690 εὐδοκήσεως

1096 1359 1178 1410 astutis
1190 1359 1320 1409 hominurn
1331 1359 1467 1424 plurimum
1475 1360 1569 1421 rolens,
1579 1361 1753 1426 magistratum
1767 1364 1880 1428 petebet.

1095 1467 1127 1514 nt
1140 1462 1221 1528 plebs,
1238 1463 1402 1515 esenioribus
1417 1468 1453 1515 ct·
1461 1465 1598 1531 prudentiss
1616 1468 1664 1518 iam
1675 1472 1794 1532 spectate
1813 1469 1879 1521 viris

1095 1566 1240 1628 nominans,
1255 1566 1299 1631 'qui
1313 1566 1453 1632 reipublice
1471 1569 1610 1621 commodis
1622 1571 1768 1633 studerent,
1782 1585 1881 1623 cousu-

1094 1670 1131 1721 ies
1145 1670 1200 1721 illos
1213 1669 1296 1721 iacere
1317 1668 1425 1721 uolebat.
1460 1674 1541 1736 etque
1556 1671 1603 1735 ipsi
1628 1672 1789 1736 magistratus
1813 1675 1883 1726 iuter

1094 1786 1122 1824 se
1134 1770 1305 1832 dissidebant,
1317 1776 1344 1823 et
1358 1772 1399 1823 alii
1414 1773 1520 1823 aliorum
1531 1776 1680 1838 potestatem
1689 1774 1785 1826 irritum
1804 1777 1884 1829 lacie-

1095 1874 1162 1925 bont.
1173 1877 1235 1925 Naro
1246 1874 1344 1939 quoties
1352 1873 1468 1927 consules
1479 1874 1576 1940 plebem
1586 1882 1775 1935 convocassent.
1788 1882 1817 1929 ut
1828 1893 1883 1931 ma·

1095 1976 1226 2041 gistratum
1247 1978 1359 2041 petentes
1382 1980 1497 2028 crearent
1513 1976 1642 2039 consules,
1662 1978 1757 2031 tribuni
1774 1994 1822 2044 pro
1834 1995 1884 2044 sua

1095 2080 1219 2142 potestate
1244 2076 1430 2129 intercedebant
1462 2081 1493 2139 et
1512 2079 1613 2129 comitia
1632 2078 1829 2133 dissolvebant:
1853 2086 1884 2134 et

1094 2185 1196 2243 contra,
1217 2181 1317 2245 quotics
1337 2182 1373 2233 illi
1394 2181 1493 2247 piebem
1506 2182 1538 2233 od
1561 2183 1662 2233 comitia
1680 2191 1881 2244 convocassent,

1093 2282 1220 2341 consules,
1233 2282 1398 2334 convocandos
1411 2282 1577 2335 multitudinis
1594 2284 1700 2350 eiusque
1716 2287 1743 2337 in
1755 2286 1882 2351 sutfragia

1094 2381 1222 2434 mittendos
1237 2382 1276 2433 lus
1290 2381 1412 2435 trabentes
1434 2383 1494 2448 ipsis
1513 2385 1710 2440 intercedebant.
1743 2391 1828 2453 Atque
1852 2402 1883 2441 se

1094 2490 1185 2536 mutuo
1196 2485 1348 2537 accusabant
1366 2490 1392 2536 ct
1413 2487 1500 2551 stipati
1521 2488 1649 2540 seditiosis
1662 2490 1760 2542 civibus
1777 2491 1884 2545 assidue

1094 2587 1286 2650 concertabant;
1303 2588 1339 2639 itu
1357 2590 1387 2639 ut
1407 2589 1517 2640 nonnulli
1536 2590 1613 2641 etiam
1632 2603 1685 2656 pre
1706 2593 1743 2642 ira
1755 2606 1771 2644 a
1784 2596 1884 2646 mutuis

1094 2691 1239 2743 vulneribus
1255 2705 1304 2742 non
1323 2690 1490 2754 abstinerent,
1511 2696 1538 2743 et
1566 2694 1657 2745 seditio
1679 2694 1712 2744 ab
1728 2696 1806 2747 armis
1829 2711 1884 2749 uon

1094 2794 1201 2846 multum
1213 2794 1320 2844 abesset.
1354 2794 1470 2856 Senatus,
1483 2793 1522 2845 his
1537 2796 1652 2861 cognitis,
1661 2796 1705 2848 diu
1715 2798 1883 2859 consultavit,

1094 2893 1213 2961 quidnam
1224 2895 1291 2942 essct
1300 2891 1425 2954 agendum
1436 2911 1442 2942 z
1452 2907 1499 2945 nec
1509 2895 1606 2959 plebem
1617 2895 1643 2947 ri
1656 2909 1771 2948 coercere
1782 2897 1883 2959 ualens,

1095 3008 1140 3046 uec
1151 2993 1174 3044 ei
1187 2992 1274 3043 cctlere
1288 2991 1382 3042 rolens
1415 2994 1543 3046 sententie
1555 3010 1615 3047 uero
1627 2999 1738 3063 asperior
1750 2999 1806 3051 lraeo
1815 3004 1882 3063 erat,

1094 3100 1123 3147 ut
1140 3094 1299 3146 comitiorum
1318 3107 1408 3144 caussa
1425 3095 1533 3146 dictator
1545 3102 1680 3165 crearetur,
1693 3101 1738 3166 qui
1756 3103 1797 3152 uir
1814 3104 1885 3168 opti-

1093 3212 1151 3249 mus
1162 3199 1245 3247 esset:
1262 3195 1304 3246 ille
1323 3209 1395 3258 vero,
1417 3202 1520 3263 accepte
1549 3204 1678 3274 potestate,
1693 3204 1828 3258 seditiosos
1845 3220 1883 3259 ex

1094 3308 1156 3361 urbe
1168 3309 1287 3374 pelleret,
1301 3310 1328 3359 et
1342 3307 1365 3357 si
1380 3305 1442 3371 quid
1461 3319 1477 3356 a
1494 3306 1667 3371 superioribus
1685 3308 1882 3372 magistratibus

1094 3413 1223 3476 peccatum
1243 3407 1483 3476 esset,corrigeret,
1501 3407 1577 3469 atque
1597 3407 1721 3459 arbitratu
1739 3424 1787 3459 suo
1799 3411 1884 3462 torma

1094 3509 1236 3576 reipublice
1256 3507 1391 3559 constituta
1404 3505 1464 3556 ciris
1477 3506 1582 3572 optimis
1598 3509 1763 3572 magistratus
1776 3512 1883 3563 manda·

1095 3616 1152 3664 ret:
1173 3614 1200 3662 at
1217 3608 1309 3668 mitior,
1325 3611 1354 3657 ut
1372 3608 1508 3673 interreges
1524 3613 1680 3672 crearentur,
1694 3612 1795 3664 maximi
1816 3618 1883 3665 natu

1095 3717 1121 3767 et
1134 3710 1320 3765 honoratissimi
1332 3709 1425 3773 quique
1442 3708 1497 3770 viri,
1515 3709 1608 3773 quibus
1619 3725 1688 3763 eures
1704 3717 1772 3765 esset
1788 3714 1884 3779 magis-

1095 3820 1206 3869 tratuum
1229 3812 1335 3872 creatio,
1349 3814 1378 3861 ut
1388 3810 1478 3875 optimi
1501 3811 1605 3875 tierent,
1629 3815 1719 3867 οοθεοε
1736 3819 1882 3881 modoque

1095 3917 1194 3983 regibus
1213 3910 1323 3978 expulsis
1338 3911 1474 3976 interreges
1497 3913 1574 3964 creati
1597 3918 1664 3965 suut.
1697 3918 1780 3974 Quum
1792 3921 1883 3969 autem

1093 4021 1173 4071 metor
1187 4028 1274 4068 eorum
1294 4025 1353 4078 pars
1371 4013 1397 4063 in
1412 4010 1477 4062 bano
1499 4013 1648 4065 sententiam
1667 4015 1769 4079 ivisset,
1783 4018 1883 4070 abillis

1094 4134 1171 4187 creati
1182 4138 1241 4187 sunt
1250 4136 1426 4196 utcnegeesc
1443 4126 1539 4194 primus
1557 4125 1702 4190 quidemn.
1716 4122 1883 4188 Sempronius

1095 4241 1222 4291 Atratinus
1230 4243 1257 4292 ct
1266 4236 1344 4290 ceteri
1356 4233 1517 4300 magistratus
1531 4229 1653 4295 abrogati.
1687 4230 1738 4279 iste
1751 4226 1785 4278 ad
1793 4230 1883 4277 oertos

1094 4339 1148 4391 dies
1159 4340 1206 4391 sibi
1219 4338 1375 4404 prostitutos
1395 4331 1522 4397 republica
1547 4329 1601 4380 sine
1624 4327 1746 4380 seditione
1757 4325 1880 4378 adminis-

1095 4443 1163 4503 tata‚
1174 4441 1250 4492 udum
1263 4440 1356 4505 (prout
1371 4448 1459 4488 eorum
1472 4435 1512 4485 est
1524 4435 1593 4495 mos)
1611 4434 1652 4495 sp.
1674 4428 1791 4495 Largium
1803 4440 1882 4479 crea·

1094 4545 1132 4596 nit
1145 4543 1299 4606 interregem.
1341 4539 1386 4590 lile
1400 4551 1459 4589 vcro
1473 4531 1749 4591 contulerantdeiecta,
1766 4543 1799 4581 ex
1813 4529 1882 4581 elas-

1095 4647 1162 4699 sium
1178 4658 1254 4698 censu
1272 4643 1350 4694 ruisso
1366 4641 1392 4692 lc
1414 4639 1533 4703 sutfragia
1556 4636 1663 4702 populo,
1691 4648 1723 4685 ex
1746 4633 1883 4696 utriusque

259 4711 441 4772 ἀποδιίκνυσίν
466 4710 599 4784 “mam‘’
631 4709 711 4770 Γάϊον
736 4706 846 4769 Ἰούλιον
876 4706 922 4766 τὸν
946 4709 1040 4765 ‘m'
1094 4745 1173 4813 partis
1183 4756 1304 4796 consensu
1317 4736 1538 4791 consuleacrearit
1551 4737 1580 4786 θ.
1598 4731 1810 4786 luliumlulume
1825 4732 1881 4797 ple·

259 4800 386 4874 λαύμενον
411 4796 516 4862 Ἴουλον
535 4802 566 4860 ἐκ
584 4803 637 4861 τῶν
663 4799 831 4874 δημοτικῶν,
856 4796 903 4856 καί
929 4795 1039 4856 Κόϊντον
1095 4846 1134 4898 bis
1160 4840 1314 4900 nomnibus,
1333 4843 1359 4890 θ,
1373 4841 1405 4897 Q·
1429 4836 1549 4893 Fabium,
1582 4831 1693 4884 emis
1719 4829 1819 4890 mium,
1847 4842 1878 4879 a

211 4906 237 4944 ου
266 4886 373 4946 ditem
388 4883 591 4950 Καῖοῶνοςυίῖιν
604 4881 635 4940 τδ
649 4880 769 4961 δεύτερον
785 4882 880 4940 ἐκτῶν
893 4880 1048 4959 ἀριστοκρα-
1138 4944 1144 4957 ο
1200 4943 1206 4956 ο
1500 4932 1507 4945 ,
1584 4930 1591 4942 ,
1856 4928 1863 4937 ,

265 4978 357 5034 ταῶν.
380 4973 435 5035 Kal
450 4976 465 5032 ὁ
479 4974 562 5051 δῆμος
573 4970 646 5031 ὠδγ,
661 4972 692 5030 ρ,
712 4973 762 5041 ,ἧς
775 4969 906 5050 “mm
921 4971 1048 5035 13me
1093 4941 1264 5010 optimatibus.
1289 4940 1322 4989 lit
1346 4935 1417 5001 plebs
1431 4934 1455 4985 in
1471 4945 1553 4998 priore
1569 4943 1625 4990 erus
1647 4928 1780 4981 consrrlatu
1804 4926 1880 4979 uubis

267 5058 580 5126 circumrodentem
595 5067 685 5138 τυχεῖν
700 5057 798 5130 ταύτης
816 5061 863 5130 τῆς
880 5054 998 5128 οξυυοίο,
1017 5054 1049 5116 το
1093 5045 1185 5097 allecta
1207 5040 1279 5094 maiis
1299 5050 1372 5103 possa
1393 5038 1434 5088 est
1451 5047 1510 5086 eum
1524 5032 1615 5085 iterum
1639 5031 1704 5083 hauc
1726 5034 1877 5097 potestatem

268 5147 404 5228 δεύτερον,
429 5152 514 5227 μισῶν
533 5147 577 5206 τὸν
591 5143 706 5207 Ἄππιον
726 5147 784 5225 καί,
807 5145 848 5206 ότι
870 5148 967 5215 ἐκεῖνος
990 5150 1048 5206 αἰτι·
1092 5143 1208 5211 adipisci,
1229 5139 1288 5192 odio
1306 5136 1413 5202 Appium
1436 5147 1605 5201 prosequens,
1640 5132 1745 5197 eiusque
1777 5131 1879 5197 repulsa

186 5330 191 5336 Ι
254 5238 403 5341 diffini
424 5237 524 5320 ,ίίίθῑῑι
546 5233 647 5335 σγίδρα
663 5233 804 5327 bilbilim·
822 5241 875 5301 τοῖς
895 5236 917 5295 δ’
937 5237 964 5294 ἐν
979 5235 1049 5296 τίλει
1090 5259 1150 5310 que
1164 5243 1388 5309 ignominiosaesse
1402 5238 1534 5292 ridebatur
1546 5237 1621 5290 νελιίο
1631 5234 1743 5302 gaudeus
1754 5254 1762 5296 3
1773 5236 1802 5287 et
1815 5231 1879 5299 ipsis
