4048 5924
305 397 365 456 tua

306 528 452 605 ποιουμένη
467 532 514 599 τῆς
528 527 635 605 γνώμης
648 527 696 587 καὶ
711 531 749 608 τῷ
765 526 803 603 μὴ
819 533 968 609 συγχωρεῖν
984 529 1082 607 [ἑκάσ-

306 618 357 698 τῳ]
380 615 493 694 ἑτοίμως
515 615 559 675 έπί
574 614 604 674 τδ
620 618 721 693 μᾶλλον
748 616 904 686 σπουδάζειν
928 618 1005 678 αὐτὸν
1030 641 1085 674 πα-

308 708 449 785 ρορμῶσα,
472 707 489 776 ἢ
516 704 564 772 τάς
589 704 656 772 ἰδίας
686 707 746 765 καθ’
774 709 869 777 ἑαυτῆς
900 705 1085 767 ἀπολύσασθαι

309 793 454 872 βουλομένη
468 793 594 859 διαύολάς
612 794 676 874 ὑπὲρ
688 799 734 855 τοῦ
749 795 862 870 μηδενὸς
873 787 910 855 ὧν
926 794 1055 874 ἔπραττεν
1071 798 1086 853 δ

265 900 278 938 o
309 883 376 961 ἀνὴρ
387 883 450 960 μήτ’
461 883 534 943 αίτία
550 883 620 962 μήτε
634 884 759 966 συνεργὸς
770 875 848 944 εἶναι.
895 883 1020 946 Χαλεπὸν
1034 883 1084 965 γάρ

308 961 340 1042 ἦν
360 970 509 1052 ἀπόρρητον
529 972 670 1051 γενόμενον
689 974 771 1044 αὐτῆς
790 971 820 1030 τὸ
836 972 959 1052 βούλημα
977 970 1084 1047 ουμθα·

307 1061 371 1121 λεῖν.
443 1128 448 1138 ¹

346 1150 437 1210 XXII.
463 1148 590 1216 Ἀκούσας
601 1150 628 1208 δὲ
640 1154 725 1208 ταῦτα
738 1149 801 1231 παρ’
814 1151 968 1226 αὖτομολων
980 1154 1058 1208 τινῶν
1069 1152 1084 1208 δ

307 1235 438 1315 Μάρκιος,
455 1240 491 1303 ὡς
506 1228 576 1318 εἶχεν
591 1240 681 1318 ὀργῆς,
697 1235 770 1303 εὐθύς
783 1236 935 1308 ἀναστήσας
945 1235 992 1307 τὴν
1006 1236 1084 1295 δύνα-

255 1351 280 1389 10
308 1349 353 1402 μιν
362 1318 426 1405 ἦγεν
440 1324 484 1384 ἐπὶ
498 1325 545 1396 τὴν
555 1325 678 1404 Ῥώμην,
689 1325 808 1406 φυλακὴν
823 1331 869 1385 τοῦ
887 1323 1083 1398 Λαουϊνίουτὴν

308 1415 440 1495 ἀρκοῦσαν
466 1414 629 1473 καταλιπών·
652 1414 698 1473 καὶ
718 1414 814 1473 αὐτίκα
833 1421 880 1486 τῆς
899 1413 999 1481 πολεως
1018 1437 1082 1475 στα-

307 1502 375 1570 δίους
388 1501 582 1584 τετταράκοντα
593 1501 721 1583 ἀποσχὼν
730 1503 1008 1583 κατεστρατοπέδευσε
1023 1504 1084 1582 περί

305 1591 353 1660 τάς
366 1594 531 1670 καλουμένας
548 1592 674 1660 Κλοιλίας
686 1591 814 1674 τάφρους.
858 1596 982 1652 Μαθοῦσι
994 1592 1022 1652 δὲ
1035 1593 1083 1665 τὴν

304 1681 453 1762 παρουσίαν
471 1685 552 1741 αὐτοῦ
572 1689 625 1748 τοῖς
643 1679 713 1741 κατὰ
733 1686 781 1754 την
800 1682 877 1741 πόλιν
895 1685 1017 1749 τοσοῦτος
1031 1683 1084 1741 ἐνέ-

255 1799 279 1837 is
306 1794 371 1831 πεσε
392 1769 516 1851 θόρυόος,
540 1773 576 1837 ὡς
597 1772 692 1831 αὐτίκα
711 1780 764 1838 τοῖς
784 1772 884 1850 τείχεσι
901 1772 944 1831 τὸν
965 1772 1082 1848 πολεμον

306 1858 497 1937 προσάξοντος,
516 1856 584 1916 ὥστε
598 1862 622 1916 οἱ
636 1859 684 1935 μὲν
700 1859 744 1917 ἐπὶ
757 1857 791 1917 τὰ
805 1859 882 1938 τείχη
896 1858 930 1917 τά
947 1856 1016 1917 ὅπλα
1032 1860 1082 1918 λα-

307 1945 395 2013 θόντες
410 1946 480 2005 ἔθεον
502 1946 564 2006 ἄνευ
579 1947 810 2026 παραγγέλματος·
826 1950 851 2006 οἱ
867 1947 889 2005 δ’
905 1947 949 2005 ἐπί
963 1948 1011 2015 τὰς
1026 1950 1081 2006 πύ-

306 2039 353 2102 λας
372 2035 442 2095 κατά
454 2038 553 2106 πλῆθος
563 2038 685 2116 ἐφέροντο
698 2034 779 2117 χωρίς
792 2036 929 2112 ἡγεμόνος·
942 2039 965 2094 ol
982 2038 1009 2095 δὲ
1023 2037 1082 2105 τούς

307 2124 413 2192 δούλους
435 2124 642 2191 καθοπλίσαντες
667 2126 710 2184 ἐπὶ
732 2133 784 2190 τοῖς
803 2124 896 2201 ’τέγεσι
918 2128 970 2183 τῶν
992 2131 1081 2186 οἰκιῶν

254 2235 280 2275 eo
306 2213 429 2275 ἵστασαν·
445 2215 469 2271 οί
484 2213 511 2273 δέ
523 2212 573 2285 τήν
590 2236 619 2272 τε
644 2215 727 2293 άκραν
744 2214 789 2272 καί
803 2214 833 2273 τδ
852 2212 1021 2274 Καπιτώλιον
1036 2217 1082 2276 καί

306 2302 365 2370 τούς
381 2303 475 2370 ἄλλους
487 2302 612 2381 ἐρυμνοὺς
623 2302 719 2370 τόπους
730 2306 776 2373 τῆς
788 2303 891 2370 πόλεως
904 2305 1082 2381 κατελαμύά-

306 2410 389 2452 νοντο·
415 2388 538 2469 γυναῖκές
553 2414 581 2448 τε
596 2390 740 2466 λελυμέναι
755 2389 802 2456 τάς
818 2390 902 2465 κόμας
921 2393 965 2451 ἐπὶ
979 2391 1014 2451 τά
1036 2417 1081 2454 τε·

307 2479 374 2557 μένη
390 2478 436 2538 καί
444 2478 504 2545 τούς
516 2478 580 2546 νειίις
594 2478 666 2553 ἔθεον
680 2479 872 2559 ὀλοφυρόμεναί
886 2503 915 2538 τε
930 2480 975 2539 καί
990 2482 1081 2559 δεόμε·

306 2593 349 2628 ναι
370 2573 423 2628 τῶν
438 2574 504 2628 θεῶν
520 2568 686 2649 ἀποστρέψαι
704 2572 750 2639 τῆς
765 2567 864 2634 πόλεως
886 2568 930 2626 τὸν
954 2571 1082 2648 παριόντα

253 2691 279 2730 ςς
306 2659 398 2741 ρόόον.
442 2657 492 2725 Ὦς
507 2657 562 2730 δ’ἥ
581 2681 609 2716 τε
624 2656 670 2726 νύξ
690 2659 811 2736 παρῆλθε
826 2657 872 2716 καί
892 2662 939 2728 τῆς
959 2661 1083 2733 ἐπιούσης

305 2747 407 2827 ἡμέρας
430 2745 460 2804 τὸ
483 2747 625 2816 πλεῖστον,
646 2748 691 2805 καί
706 2748 779 2806 οὐδὲν
799 2736 835 2804 ὧν
850 2746 1014 2808 ἐδεδοίκεσαν
1030 2752 1083 2829 ἐγί-

307 2855 377 2905 νετο,
391 2833 451 2891 ἀλλ’
464 2836 553 2911 ἔμενεν
566 2838 580 2893 θ
593 2834 712 2913 Μάρκιος
722 2836 761 2915 ἐρ’
776 2833 904 2913 ἡσυχίας,
919 2836 1082 2916 συνέδραμον

307 2923 422 2989 ἅπαντες
442 2924 478 2989 εἰς
493 2923 541 2992 τὴν
561 2923 659 3002 οἷγορδν
675 2927 699 2983 οῖ
721 2922 859 2997 δημοτικοί
880 2923 1003 2993 καὶτοὺς
1025 2951 1081 2987 πα-

305 3012 419 3092 τρικίους
433 3014 543 3073 έκάλουν
557 3015 593 3078 είς
604 3013 635 3071 τὸ
649 3011 841 3092 βουλευτήριον·
861 3013 905 3071 καί
921 3015 944 3071 εί
963 3013 1000 3091 μὴ
1012 3040 1081 3097 προ-

252 3130 279 3170 ςς)
306 3100 478 3161 θουλεύσουσι
493 3104 532 3180 τῷ
555 3100 629 3178 ἀνδρί
644 3098 692 3170 τὴν
710 3099 840 3172 κάθοδον,
857 3100 931 3159 αὐτοὶ
945 3105 1082 3181 βουλεύσε-

306 3196 367 3249 σθαι
395 3190 456 3269 περί
484 3192 557 3270 σρῶν
585 3192 673 3248 αὐτῶν
701 3187 801 3265 ἔφασαν
828 3191 863 3255 ὡς
884 3190 1080 3268 προδεδομένοι.

305 3277 375 3338 Τότε
402 3278 433 3349 δὴ
464 3278 630 3344 συνελθόντες
654 3280 689 3344 εἷς
714 3276 762 3348 τήν
790 3276 886 3357 βουλὴν
910 3281 933 3337 οἱ
948 3281 1080 3357 πατρίκιοι

306 3366 463 3448 ψηφίζονται
476 3366 638 3446 πρεσόευτὰς
653 3366 717 3445 πρὸς
731 3367 775 3424 τὸν
791 3365 912 3443 Μάρκιον
927 3371 1082 3433 ἀποστεῖλαι
1108 3362 1113 3470 ί

305 3455 382 3515 πέντε
397 3454 493 3536 ἄνδρας
504 3459 534 3514 ἐκ
547 3460 599 3515 τῶν
611 3454 816 3534 πρεσόυτάτων,
828 3454 872 3523 οθς
883 3457 999 3531 μάλιστα
1015 3461 1080 3518 tusi·

257 3565 282 3603 ao
306 3569 348 3611 νος
361 3544 509 3617 ἠσπάζετο,
524 3545 585 3624 περί
601 3544 744 3612 διαλύσεώς
755 3570 784 3604 τε
799 3544 845 3604 καί
863 3545 949 3625 φιλίας
964 3546 1079 3616 διαλεξο-

307 3633 408 3709 μένους.
452 3621 542 3690 Ἦσαν
566 3632 593 3691 δὲ
620 3636 645 3691 ol
668 3633 893 3713 προχειρισθέντες
923 3638 967 3692 ὑπ’
996 3638 1081 3695 αὐτῶν

306 3722 397 3801 ἄνδρες
421 3718 483 3779 οἵδε·
501 3720 609 3799 Μάρκος
630 3721 763 3792 Μηνύκιος
778 3722 823 3780 καί
841 3721 996 3800 Πόστουμος
1021 3728 1081 3785 Κο-

305 3811 388 3888 μίνιος
409 3810 454 3869 καί
474 3810 588 3888 Σπόριος
611 3809 725 3891 Λάρκιος
743 3811 790 3870 καὶ
814 3811 932 3878 Πόπλιος
958 3812 1082 3890 Πινάριος

305 3900 351 3960 καί
383 3900 492 3968 Κόϊντος
520 3899 680 3977 Σολπίκιος,
708 3897 822 3966 ἅπαντες
851 3901 983 3960 ὑπατικοί.
1035 3901 1082 3970 Ὦς

255 4011 282 4049 ιο
306 3988 333 4046 δὲ
348 3987 472 4067 ἀρίκοντο
486 3987 529 4046 ἐπὶ
544 3988 575 4046 τὸ
598 3987 793 4066 στρατόπεδον,
813 3987 857 4045 καί
882 3986 950 4065 ἔγνω
963 3988 1012 4060 τλν
1028 4014 1082 4049 πα-

307 4075 410 4155 ρουσίαν
435 4080 556 4137 αὐτῶνθ
583 4078 721 4157 Μάρκιος,
747 4077 920 4153 καθεζόμενος
945 4076 1002 4154 ἅμα
1028 4089 1082 4149 τοῖς

305 4165 519 4242 ἐπιφανεστάτοις
532 4165 707 4226 Ούολούσκων
724 4188 753 4224 τε
768 4165 813 4223 καί
828 4169 878 4223 τῶν
899 4165 987 4224 ἄλλων
1014 4191 1081 4246 συμ-

306 4249 415 4331 μάχων,
432 4254 493 4311 ἔνθα
506 4256 626 4314 πλεῖστοι
649 4253 759 4331 ἔμελλον
785 4252 944 4314 ἀκούσεσθαι
960 4258 1014 4315 τῶν
1034 4263 1082 4316 λε·

304 4340 438 4419 γομένων,
462 4342 581 4402 ἐκέλευσε
595 4344 686 4402 καλεῖν
698 4343 757 4412 τούς
778 4344 884 4424 ἄνδρας.
902 4344 1081 4405 Εἰσελθόντων

255 4455 281 4494 ιε
304 4431 332 4490 δὲ
343 4432 429 4491 αὐτῶν
442 4428 538 4509 ἤρξατο
550 4437 595 4491 τοῦ
609 4432 688 4513 λόγου
701 4431 848 4507 Μηνύκιος,
860 4436 874 4488 δ
886 4434 998 4493 πλεῖστα
1012 4434 1082 4493 κατὰ

303 4520 348 4580 τδν
361 4523 408 4592 τῆς
435 4519 561 4587 ὑπατείας
584 4520 679 4601 χρόνον
700 4521 850 4590 σπουδάσας
864 4520 929 4601 ὑπὲρ
944 4523 1081 4581 αὐτοῦκαὶ

307 4610 423 4685 μαλιστα
459 4615 512 4675 τοῖς
544 4608 692 4685 δημοτικοῖς
722 4612 899 4682 ἐναντιωθείς,
927 4608 971 4668 καί
1011 4609 1081 4680 ἔλεξε

303 4696 400 4758 τοιάδε.

345 4787 450 4846 ΧΧΙΠ.
477 4808 491 4842 ιι
508 4786 570 4847 Ὅτι
590 4786 637 4863 μὲν
653 4789 682 4846 ού
704 4787 792 4848 δίκαια
814 4785 943 4854 πέπονθας
965 4785 1017 4845 esi
1036 4793 1082 4847 τοῦ

258 4894 284 4935 tu
310 4900 322 4927 ι
341 4872 439 4951 δήμου,
458 4864 481 4933 ὦ
508 4876 630 4956 Μάρκιε,
648 4880 707 4953 μετ’
727 4879 841 4954 αίογρᾶς
857 4878 939 4943 αίτίας
954 4874 1082 4945 ἐξελαθείς

308 4988 321 5014 ι
339 4965 369 5021 ίκ
382 4968 428 5035 τῆς
444 4964 568 5044 πατρίδος
587 4964 702 5033 ἅπαντες
716 4966 808 5041 ἴσμεν,
826 4969 872 5026 καί
887 4965 959 5026 οὐδὲν
975 4967 1080 5043 οἰόμεθά

309 5074 322 5100 «ι
341 5073 370 5108 σε
384 5062 468 5112 ποιεῖν
490 5058 658 5131 θαυμαστὸν,
675 5058 697 5115 εί
718 5055 886 5134 χαλεπαίνεις
901 5057 947 5116 καί
965 5061 1081 5135 ἀγανακ-

308 5159 321 5187 u
340 5144 391 5204 τοῖς
407 5142 451 5201 ίπί
467 5152 524 5210 ταῖς
540 5141 644 5221 τύχαις.
691 5143 782 5211 Κοινδς
801 5145 852 5223 γὰρ
873 5147 904 5215 δὴ
928 5151 976 5217 τῆς
995 5145 1081 5205 ἁπάν-

309 5248 322 5277 o
339 5247 391 5285 των
412 5228 513 5307 φύσεως
528 5222 601 5296 οὗτος
623 5235 637 5289 δ
653 5233 744 5310 νόμος,
768 5233 860 5313 ε’χθρδν
882 5225 1001 5315 εἶναιτῷ
1017 5235 1078 5315 δρά-

826 395 996 458 DIONYSll
1018 395 1400 493 Hiulcannassuusts

1141 538 1217 589 luerit
1229 555 1235 587 ε
1250 541 1335 589 utrum
1347 539 1375 588 id
1386 538 1493 599 feccrit,
1505 544 1534 589 nt
1543 541 1640 590 animos
1655 540 1711 592 eins
1723 541 1878 605 exploraret,
1892 552 1923 590 an

1140 630 1170 676 nt
1182 627 1261 691 magis
1277 628 1332 678 elus
1345 627 1497 678 desiderium
1511 629 1671 689 accenderet,
1686 630 1708 680 si
1724 644 1750 680 se
1763 629 1863 680 facilem
1875 643 1923 679 non

1140 717 1279 781 praeberel3
1296 732 1327 769 an
1350 717 1419 782 quod
1441 718 1517 769 vellet
1539 719 1644 769 crimim
1669 719 1717 770 sibi
1740 719 1803 770 salso
1824 720 1923 770 obiecta

1140 801 1251 863 diluere,
1267 806 1297 852 nt
1315 803 1351 853 ite
1370 817 1396 853 se
1417 804 1512 854 nullius
1532 803 1648 856 facinoris
1661 806 1693 856 ab
1706 806 1749 855 illo
1767 807 1856 871 patrati
1876 811 1923 857 ant

1140 896 1268 942 auctorem
1281 896 1325 942 aut
1338 893 1433 942 socium
1443 891 1521 943 luisse
1530 894 1605 944 fidem
1616 895 1717 946 iaceret.
1734 895 1838 946 Dillieile
1850 897 1922 946 enim

1140 982 1194 1029 erat
1205 983 1328 1029 secretum
1341 979 1396 1030 eius
1411 980 1545 1030 conmlium
1559 983 1661 1047 assequi
1672 984 1822 1034 coniectura.

1172 1164 1248 1212 llilll.
1272 1163 1380 1212 Marcius
1399 1163 1556 1222 autem,l1is
1577 1178 1622 1228 per
1641 1165 1783 1231 transfugas
1799 1168 1919 1231 cognitis,

1140 1269 1169 1317 ut
1181 1270 1235 1317 erat
1248 1266 1342 1326 iratus,
1357 1267 1444 1317 stetim
1456 1268 1532 1318 motis
1550 1269 1607 1320 inde
1626 1270 1730 1327 castris.
1744 1275 1850 1322 Romans
1863 1286 1922 1323 cunr

1139 1368 1216 1433 copiis
1228 1366 1370 1428 contendit,
1383 1371 1509 1421 exercitus
1521 1375 1592 1437 parte
1602 1412 1609 1433 ,
1621 1378 1714 1437 quanta
1727 1387 1792 1438 opus
1811 1378 1875 1434 erat,
1889 1376 1922 1426 uel

1138 1470 1235 1521 Lavinii
1254 1470 1394 1522 custodiam
1413 1472 1514 1536 relicta,
1536 1476 1563 1524 et
1575 1488 1635 1526 mox
1656 1475 1688 1526 ad
1708 1475 1786 1525 fossas
1807 1476 1920 1535 cluilius

1139 1578 1239 1629 circiter
1263 1577 1344 1629 stadie
1359 1579 1526 1645 quadraginta
1548 1581 1580 1631 ab
1602 1581 1665 1632 urbe
1685 1581 1821 1645 distantes,
1839 1589 1922 1635 eastra

1138 1682 1231 1747 posuit.
1251 1682 1329 1734 tinius
1342 1683 1451 1734 adventu
1465 1683 1563 1735 inurbe
1580 1685 1690 1749 cognito¹
1705 1686 1831 1738 maximus
1848 1701 1920 1738 exor-

1139 1795 1181 1840 tus
1195 1791 1234 1839 est
1244 1787 1388 1850 tumultus,
1402 1788 1474 1853 quasi
1484 1788 1587 1852 jamjam
1601 1788 1696 1839 bellum
1707 1789 1739 1840 ud
1753 1792 1845 1842 moenie
1854 1807 1922 1844 acce

1138 1895 1218 1946 deret.
1264 1895 1348 1950 Quare
1362 1891 1405 1941 elii
1423 1891 1455 1941 ad
1476 1905 1562 1943 muros
1588 1894 1710 1958 correptis
1727 1896 1804 1946 armis
1824 1898 1920 1962 injussu

1139 1996 1345 2060 curreban13nlii
1359 1996 1392 2047 ed
1406 1999 1490 2061 portos
1505 1997 1642 2061 conglobati
1663 1999 1716 2049 sine
1729 1999 1792 2050 duce
1806 2001 1920 2053 tereban-

1139 2107 1195 2165 tur;
1205 2104 1247 2154 olii
1257 2116 1344 2154 servos
1355 2105 1464 2152 armatos
1473 2114 1548 2165 super
1560 2102 1635 2152 tectis
1646 2103 1740 2154 aedium
1749 2105 1920 2171 collocabant;

1138 2207 1181 2257 alii
1197 2219 1280 2257 arcem
1303 2209 1329 2256 et
1348 2204 1499 2269 capitolium
1510 2207 1537 2254 et
1561 2208 1643 2257 cetera
1659 2205 1713 2257 loca
1733 2207 1800 2258 urhis
1819 2210 1922 2262 mnnita

1137 2311 1291 2375 occupabant
1309 2347 1315 2358 .
1332 2311 1356 2359 ct
1383 2308 1501 2359 mulieres
1523 2308 1613 2358 solutis
1634 2306 1746 2360 crinibus
1766 2311 1798 2361 ud
1812 2311 1921 2365 delubra

1138 2416 1280 2480 templaque
1294 2413 1427 2464 currebant
1441 2412 1554 2477 lugentes
1574 2416 1600 2463 et
1621 2414 1768 2479 suppliciter
1786 2417 1863 2468 ediis
1876 2434 1919 2482 ps-

1138 2524 1233 2580 tenles,
1248 2522 1278 2568 ut
1289 2517 1421 2568 imminens
1430 2516 1570 2582 periculum
1585 2517 1617 2568 ab
1630 2518 1693 2569 urbe
1706 2524 1857 2572 averterent.
1872 2525 1920 2574 Sed

1138 2635 1216 2686 (quum
1228 2634 1277 2670 nox
1295 2619 1338 2669 illa
1358 2619 1535 2683 praeteriisset,
1557 2624 1582 2669 et
1597 2620 1647 2670 diei
1664 2623 1794 2687 sequentis
1810 2627 1918 2677 maxima

1138 2742 1212 2786 pars,
1230 2731 1256 2777 et
1268 2739 1353 2776 eorum
1362 2760 1370 2787 ,
1387 2738 1446 2789 ques
1465 2724 1615 2784 timuerent,
1632 2724 1697 2775 nihil
1713 2727 1855 2787 accidisset,
1877 2731 1921 2780 sed

1138 2830 1248 2881 llarcius
1263 2829 1404 2894 quiesceret
1416 2826 1612 2892 necquidquam
1626 2833 1755 2889 moveret,
1766 2843 1855 2883 omnes
1866 2833 1921 2897 ple·

1138 2935 1187 2986 boii
1198 2934 1223 2983 in
1237 2932 1319 2983 lorum
1338 2934 1518 2982 concurrerunt
1530 2934 1557 2981 et
1572 2932 1690 2996 patricios
1702 2933 1837 2984 incuriam
1847 2950 1922 2985 voca-

1139 3039 1211 3095 runt;
1227 3039 1252 3085 et
1264 3035 1311 3084 nisi
1323 3033 1433 3084 reditum
1445 3032 1539 3083 homini
1556 3035 1775 3084 senatusconsulto
1793 3036 1921 3088 decrevis-

1138 3140 1193 3189 sent
1201 3151 1240 3206 ‚sc
1248 3136 1296 3187 sibi
1310 3135 1380 3200 ipsis,
1391 3138 1477 3200 utpote
1492 3134 1606 3200 proditis,
1617 3137 1776 3187 consulturos
1789 3137 1919 3190 dixerunt.

1137 3244 1206 3291 Tunc
1215 3239 1292 3303 igitur
1300 3238 1412 3302 patricii,
1427 3251 1508 3300 quum
1523 3237 1660 3289 incuriam
1674 3240 1855 3297 convenissent,
1868 3241 1917 3292 de·

1138 3346 1270 3397 creverunt
1284 3343 1379 3406 legatos
1398 3341 1431 3391 ad
1453 3342 1573 3392 lilarcinnr
1587 3343 1705 3404 mittere,
1725 3343 1835 3408 quinque
1848 3346 1926 3397 viros

1138 3461 1169 3499 ex
1179 3442 1295 3496 maximis
1308 3445 1368 3492 natu
1381 3445 1407 3492 et
1416 3441 1454 3491 illi
1464 3442 1620 3502 carissimos,
1635 3443 1708 3495 uide
1720 3456 1780 3508 pace
1792 3446 1925 3497 clamici-

1138 3551 1174 3601 lia
1186 3548 1295 3612 agerent.
1329 3547 1477 3609 Legntorum
1496 3549 1581 3595 eutem
1592 3545 1684 3596 abillis
1698 3545 1854 3597 delectorum
1867 3548 1924 3600 hoec

1138 3652 1207 3702 luere
1222 3647 1321 3699 nomina
1336 3663 1343 3695 ι
1358 3647 1457 3696 Marcus
1469 3646 1607 3708 Minucius,
1624 3650 1761 3698 Postumus
1774 3649 1921 3709 dominius,

1138 3754 1244 3820 Spurius
1254 3750 1372 3816 Largius,
1381 3750 1487 3800 Publius
1496 3749 1619 3810 Pinarius,
1630 3754 1656 3801 et
1665 3751 1776 3809 Quintus
1786 3753 1922 3817 Sulpicius,

1137 3879 1224 3915 omnes
1238 3863 1287 3913 riri
1308 3858 1457 3911 consulares.
1494 3858 1544 3915 Qui
1560 3855 1605 3906 ubi
1626 3856 1657 3907 nd
1677 3860 1761 3907 castra
1781 3862 1922 3917 venerunt,

1136 3969 1163 4017 et
1174 3966 1282 4017 Marcius
1294 3977 1381 4014 eorum
1391 3960 1527 4012 adrentum
1537 3957 1660 4022 cognovit,
1673 3958 1764 4009 sedens
1776 3974 1836 4011 curn
1849 3960 1922 4011 nobi·

1138 4071 1240 4123 lissimis
1250 4069 1396 4120 Volscorum
1409 4071 1436 4118 et
1445 4066 1570 4117 sociorum
1579 4064 1605 4116 in
1614 4078 1643 4115 eo
1656 4052 1925 4126 loco‚unden1a1ime

1136 4172 1249 4224 exaudiri
1268 4175 1369 4238 possent
1387 4185 1416 4222 ea
1437 4183 1496 4236 quae
1512 4168 1673 4231 dicerentur,
1688 4182 1732 4219 eos
1744 4169 1777 4220 ad
1790 4183 1818 4221 se
1838 4170 1924 4220 secari

1136 4283 1218 4334 iussit.
1252 4280 1301 4339 Qui
1313 4295 1392 4345 quum
1404 4279 1509 4344 ingrcssi
1522 4281 1613 4340 σεεευῐ,
1628 4276 1764 4337 Minucius,
1779 4277 1825 4341 qui
1841 4277 1924 4342 pluri·

1136 4401 1206 4435 mum
1220 4385 1301 4436 insno
1312 4384 1444 4436 consulatu
1467 4382 1522 4432 eius
1544 4394 1633 4432 canam
1655 4379 1796 4439 laborarat,
1810 4383 1837 4429 ct
1855 4379 1925 4444 plebi

1136 4484 1354 4535 vehementissime
1372 4464 1521 4535 adversetus
1543 4479 1643 4545 lueret,
1658 4493 1763 4532 exorsus
1775 4480 1924 4532 huiusmodi

1137 4588 1226 4639 hebuit
1245 4589 1391 4640 orationem.

1168 4802 1257 4851 llillll.
1279 4817 1291 4847 ιι
1302 4802 1394 4852 Omnes
1406 4801 1508 4861 scimus,
1522 4802 1609 4863 Marci,
1625 4806 1651 4852 te
1666 4799 1759 4851 iniuria
1771 4814 1787 4849 a
1800 4797 1871 4864 plebe
1880 4795 1922 4847 at·

1139 4907 1151 4935 ι
1168 4889 1270 4951 lectum,
1287 4890 1331 4955 qni
1342 4890 1424 4955 turpis
1441 4890 1552 4942 criminis
1569 4888 1721 4942 rensiactus
1740 4889 1822 4953 petria
1834 4888 1924 4953 pulsus

1138 4976 1256 5040 «luerim
1272 4992 1317 5029 nec
1331 4983 1463 5043 putamus,
1482 4978 1625 5031 mirandum
1637 4993 1704 5037 esse,
1721 4978 1792 5043 quod
1809 4975 1924 5039 indigne·

1141 5065 1218 5125 oris,
1235 5070 1261 5116 et
1272 5066 1337 5116 hano
1354 5066 1487 5116 adversam
1500 5064 1627 5116 fortunam
1646 5064 1733 5129 iniquo
1750 5060 1923 5114 animoferas.

1138 5172 1151 5197 ι
1164 5156 1218 5204 Ηοο
1229 5155 1295 5205 eninr
1313 5156 1438 5205 communi
1451 5158 1547 5206 naturae
1565 5155 1617 5219 lege
1638 5153 1705 5219 apud
1723 5167 1811 5205 ornnes
1825 5154 1863 5203 est
1875 5162 1921 5201 re·

1137 5262 1150 5287 ι
1165 5247 1319 5308 captemus,
1345 5242 1388 5308 qui
1403 5243 1520 5294 iniuriam
1532 5248 1571 5296 cst
1583 5257 1685 5309 pessus,
1704 5242 1728 5294 ci
1744 5243 1778 5294 sit
1791 5243 1918 5302 intensus,
2007 5238 2008 5295 ί
