<?xml version="1.0" encoding="UTF-8"?>
<!DOCTYPE html PUBLIC "-//W3C//DTD XHTML 1.0 Transitional//EN"
    "http://www.w3.org/TR/xhtml1/DTD/xhtml1-transitional.dtd">
<html xmlns="http://www.w3.org/1999/xhtml" xml:lang="en" lang="en">
 <head>
  <title>
</title>
<meta http-equiv="Content-Type" content="text/html;charset=utf-8" />
  <meta name='ocr-system' content='tesseract 3.04.00' />
  <meta name='ocr-capabilities' content='ocr_page ocr_carea ocr_par ocr_line ocrx_word'/>
</head>
<body>
  <div class='ocr_page' id='page_1' title='image "./dionysiihalicar01prougoog_0219.png"; bbox 0 0 4088 5936; ppageno 0'>
   <div class='ocr_carea' id='block_1_1' title="bbox 231 435 293 497">
    <p class='ocr_par' dir='ltr' id='par_1_1' title="bbox 231 435 293 497">
     <span class='ocr_line' id='line_1_1' title="bbox 231 435 293 497; baseline 0.032 -2"><span class='ocrx_word' id='word_1_1' title='bbox 231 435 293 497; x_wconf 75' lang='lat'>206</span> 
     </span>
    </p>
   </div>
   <div class='ocr_carea' id='block_1_2' title="bbox 182 566 1021 5076">
    <p class='ocr_par' dir='ltr' id='par_1_2' title="bbox 182 566 1013 1443">
     <span class='ocr_line' id='line_1_2' title="bbox 230 566 1009 646; baseline -0.01 -14"><span class='ocrx_word' id='word_1_2' title='bbox 230 572 277 632; x_wconf 78' lang='grc' dir='ltr'>καί</span> <span class='ocrx_word' id='word_1_3' title='bbox 292 575 342 630; x_wconf 80' lang='grc' dir='ltr'>τῶν</span> <span class='ocrx_word' id='word_1_4' title='bbox 359 567 447 634; x_wconf 72' lang='grc' dir='ltr'>ἄλλοις</span> <span class='ocrx_word' id='word_1_5' title='bbox 460 566 526 625; x_wconf 83' lang='grc' dir='ltr'>τισίν</span> <span class='ocrx_word' id='word_1_6' title='bbox 542 566 660 646; x_wconf 78' lang='grc' dir='ltr'>ὀργάνοις</span> <span class='ocrx_word' id='word_1_7' title='bbox 672 568 899 643; x_wconf 77' lang='grc' dir='ltr'>ἐπισημαινόντων</span> <span class='ocrx_word' id='word_1_8' title='bbox 912 567 947 627; x_wconf 88' lang='grc' dir='ltr'>τδι</span> <span class='ocrx_word' id='word_1_9' title='bbox 957 589 1009 624; x_wconf 87' lang='grc' dir='ltr'>πα-</span> 
     </span>
     <span class='ocr_line' id='line_1_3' title="bbox 235 652 1010 738; baseline -0.008 -21"><span class='ocrx_word' id='word_1_10' title='bbox 235 655 381 738; x_wconf 78' lang='grc' dir='ltr'>ρακλητικὰ</span> <span class='ocrx_word' id='word_1_11' title='bbox 397 659 441 714; x_wconf 81' lang='grc' dir='ltr'>τοῦ</span> <span class='ocrx_word' id='word_1_12' title='bbox 454 656 581 731; x_wconf 86' lang='grc' dir='ltr'>πολέμου.</span> <span class='ocrx_word' id='word_1_13' title='bbox 628 652 802 734; x_wconf 87' lang='grc' dir='ltr'>Προσέκειντο</span> <span class='ocrx_word' id='word_1_14' title='bbox 814 654 837 713; x_wconf 83' lang='grc' dir='ltr'>δ’</span> <span class='ocrx_word' id='word_1_15' title='bbox 856 657 880 714; x_wconf 77' lang='lat' dir='ltr'>ei</span> <span class='ocrx_word' id='word_1_16' title='bbox 895 652 943 732; x_wconf 83' lang='grc' dir='ltr'>μίν</span> <span class='ocrx_word' id='word_1_17' title='bbox 955 675 1010 731; x_wconf 90' lang='grc' dir='ltr'>χει·</span> 
     </span>
     <span class='ocr_line' id='line_1_4' title="bbox 234 742 1011 826; baseline -0.005 -22"><span class='ocrx_word' id='word_1_18' title='bbox 234 746 353 826; x_wconf 87' lang='grc' dir='ltr'>ροτέχναι</span> <span class='ocrx_word' id='word_1_19' title='bbox 365 753 418 808; x_wconf 91' lang='grc' dir='ltr'>τοῖς</span> <span class='ocrx_word' id='word_1_20' title='bbox 436 742 466 800; x_wconf 85' lang='grc' dir='ltr'>τδ</span> <span class='ocrx_word' id='word_1_21' title='bbox 478 742 597 821; x_wconf 81' lang='grc' dir='ltr'>δεύτερον</span> <span class='ocrx_word' id='word_1_22' title='bbox 612 742 701 821; x_wconf 87' lang='grc' dir='ltr'>ἐχουσι</span> <span class='ocrx_word' id='word_1_23' title='bbox 718 743 841 820; x_wconf 89' lang='grc' dir='ltr'>τίμημα,</span> <span class='ocrx_word' id='word_1_24' title='bbox 858 744 1011 823; x_wconf 77' lang='grc' dir='ltr'>διῃρημένοι</span> 
     </span>
     <span class='ocr_line' id='line_1_5' title="bbox 233 829 1011 912; baseline -0.005 -20"><span class='ocrx_word' id='word_1_25' title='bbox 233 834 291 893; x_wconf 85' lang='grc' dir='ltr'>καθ’</span> <span class='ocrx_word' id='word_1_26' title='bbox 305 831 427 905; x_wconf 79' lang='grc' dir='ltr'>ἡλικίαν,</span> <span class='ocrx_word' id='word_1_27' title='bbox 441 833 455 888; x_wconf 84' lang='grc' dir='ltr'>θ</span> <span class='ocrx_word' id='word_1_28' title='bbox 467 829 515 906; x_wconf 84' lang='grc' dir='ltr'>μίν</span> <span class='ocrx_word' id='word_1_29' title='bbox 528 837 581 897; x_wconf 89' lang='grc' dir='ltr'>τοῖς</span> <span class='ocrx_word' id='word_1_30' title='bbox 596 830 797 912; x_wconf 80' lang='grc' dir='ltr'>πρεσόυτέροις,</span> <span class='ocrx_word' id='word_1_31' title='bbox 813 831 868 890; x_wconf 83' lang='grc' dir='ltr'>ὁδί</span> <span class='ocrx_word' id='word_1_32' title='bbox 877 839 931 898; x_wconf 89' lang='grc' dir='ltr'>τοῖς</span> <span class='ocrx_word' id='word_1_33' title='bbox 945 853 1011 890; x_wconf 89' lang='grc' dir='ltr'>νεω-</span> 
     </span>
     <span class='ocr_line' id='line_1_6' title="bbox 194 918 1012 1002; baseline -0.006 -20"><span class='ocrx_word' id='word_1_34' title='bbox 194 943 208 981; x_wconf 82' lang='grc' dir='ltr'>ο</span> <span class='ocrx_word' id='word_1_35' title='bbox 232 924 315 1002; x_wconf 88' lang='grc' dir='ltr'>τέροες</span> <span class='ocrx_word' id='word_1_36' title='bbox 344 922 491 978; x_wconf 83' lang='grc' dir='ltr'>ἀκολουθῶν</span> <span class='ocrx_word' id='word_1_37' title='bbox 519 920 614 998; x_wconf 81' lang='grc' dir='ltr'>λόχος·</span> <span class='ocrx_word' id='word_1_38' title='bbox 636 921 662 978; x_wconf 81' lang='lat' dir='ltr'>oi</span> <span class='ocrx_word' id='word_1_39' title='bbox 689 919 716 978; x_wconf 77' lang='grc' dir='ltr'>δὲ</span> <span class='ocrx_word' id='word_1_40' title='bbox 739 919 887 978; x_wconf 81' lang='grc' dir='ltr'>σαλπισταί</span> <span class='ocrx_word' id='word_1_41' title='bbox 914 942 943 978; x_wconf 89' lang='grc' dir='ltr'>τε</span> <span class='ocrx_word' id='word_1_42' title='bbox 966 918 1012 979; x_wconf 86' lang='grc' dir='ltr'>καί</span> 
     </span>
     <span class='ocr_line' id='line_1_7' title="bbox 233 998 1012 1091; baseline -0.006 -21"><span class='ocrx_word' id='word_1_43' title='bbox 233 1018 257 1073; x_wconf 79' lang='grc' dir='ltr'>οἵ.</span> <span class='ocrx_word' id='word_1_44' title='bbox 283 1007 438 1091; x_wconf 73' lang='grc' dir='ltr'>βυκανισταὶ</span> <span class='ocrx_word' id='word_1_45' title='bbox 458 1012 491 1086; x_wconf 82' lang='grc' dir='ltr'>τῇ</span> <span class='ocrx_word' id='word_1_46' title='bbox 514 1010 627 1089; x_wconf 82' lang='grc' dir='ltr'>τετάρτῃ</span> <span class='ocrx_word' id='word_1_47' title='bbox 655 1010 841 1067; x_wconf 76' lang='grc' dir='ltr'>συνετάττοντο</span> <span class='ocrx_word' id='word_1_48' title='bbox 864 1008 959 1090; x_wconf 73' lang='grc' dir='ltr'>μοῖρα·</span> <span class='ocrx_word' id='word_1_49' title='bbox 979 998 1012 1080; x_wconf 83' lang='grc' dir='ltr'>ήν</span> 
     </span>
     <span class='ocr_line' id='line_1_8' title="bbox 234 1087 1013 1178; baseline -0.005 -19"><span class='ocrx_word' id='word_1_50' title='bbox 234 1100 261 1159; x_wconf 76' lang='grc' dir='ltr'>δέ</span> <span class='ocrx_word' id='word_1_51' title='bbox 278 1101 323 1159; x_wconf 83' lang='grc' dir='ltr'>καί</span> <span class='ocrx_word' id='word_1_52' title='bbox 337 1098 436 1157; x_wconf 83' lang='grc' dir='ltr'>τούτων</span> <span class='ocrx_word' id='word_1_53' title='bbox 456 1087 491 1162; x_wconf 78' lang='grc' dir='ltr'>είς</span> <span class='ocrx_word' id='word_1_54' title='bbox 505 1097 552 1170; x_wconf 84' lang='grc' dir='ltr'>μὲν</span> <span class='ocrx_word' id='word_1_55' title='bbox 568 1100 620 1155; x_wconf 91' lang='grc' dir='ltr'>τῶν</span> <span class='ocrx_word' id='word_1_56' title='bbox 634 1096 819 1177; x_wconf 83' lang='grc' dir='ltr'>πρεοθυτέρων</span> <span class='ocrx_word' id='word_1_57' title='bbox 829 1098 922 1178; x_wconf 89' lang='grc' dir='ltr'>λόχος,</span> <span class='ocrx_word' id='word_1_58' title='bbox 934 1088 971 1164; x_wconf 81' lang='grc' dir='ltr'>εἷς</span> <span class='ocrx_word' id='word_1_59' title='bbox 984 1095 1013 1155; x_wconf 80' lang='grc' dir='ltr'>δέ</span> 
     </span>
     <span class='ocr_line' id='line_1_9' title="bbox 233 1186 1013 1266; baseline -0.004 -20"><span class='ocrx_word' id='word_1_60' title='bbox 233 1192 284 1247; x_wconf 88' lang='grc' dir='ltr'>τῶν</span> <span class='ocrx_word' id='word_1_61' title='bbox 291 1186 434 1265; x_wconf 83' lang='grc' dir='ltr'>νεωτέρων.</span> <span class='ocrx_word' id='word_1_62' title='bbox 477 1186 595 1264; x_wconf 84' lang='grc' dir='ltr'>Λοχαγοῖ</span> <span class='ocrx_word' id='word_1_63' title='bbox 605 1187 627 1243; x_wconf 92' lang='grc' dir='ltr'>δ’</span> <span class='ocrx_word' id='word_1_64' title='bbox 644 1190 673 1245; x_wconf 85' lang='grc' dir='ltr'>ἐκ</span> <span class='ocrx_word' id='word_1_65' title='bbox 682 1186 787 1244; x_wconf 89' lang='grc' dir='ltr'>πάντων</span> <span class='ocrx_word' id='word_1_66' title='bbox 798 1186 977 1266; x_wconf 71' lang='grc' dir='ltr'>ἐπιλεχθέντες</span> <span class='ocrx_word' id='word_1_67' title='bbox 989 1188 1013 1245; x_wconf 82' lang='grc' dir='ltr'>οῖ</span> 
     </span>
     <span class='ocr_line' id='line_1_10' title="bbox 233 1271 1011 1358; baseline -0.003 -23"><span class='ocrx_word' id='word_1_68' title='bbox 233 1277 412 1358; x_wconf 87' lang='grc' dir='ltr'>γενναίοτατοι</span> <span class='ocrx_word' id='word_1_69' title='bbox 425 1271 459 1332; x_wconf 83' lang='grc' dir='ltr'>εδ</span> <span class='ocrx_word' id='word_1_70' title='bbox 472 1274 587 1352; x_wconf 83' lang='grc' dir='ltr'>πολέμια</span> <span class='ocrx_word' id='word_1_71' title='bbox 604 1273 664 1341; x_wconf 81' lang='grc' dir='ltr'>τοὺς</span> <span class='ocrx_word' id='word_1_72' title='bbox 688 1274 766 1341; x_wconf 77' lang='grc' dir='ltr'>ἰδίους</span> <span class='ocrx_word' id='word_1_73' title='bbox 788 1273 897 1334; x_wconf 77' lang='grc' dir='ltr'>ἕκαστοι</span> <span class='ocrx_word' id='word_1_74' title='bbox 916 1274 1011 1355; x_wconf 89' lang='grc' dir='ltr'>λόχους</span> 
     </span>
     <span class='ocr_line' id='line_1_11' title="bbox 182 1360 890 1443; baseline 0.006 -24"><span class='ocrx_word' id='word_1_75' title='bbox 182 1381 206 1420; x_wconf 88' lang='lat'>10</span> <span class='ocrx_word' id='word_1_76' title='bbox 234 1368 360 1431; x_wconf 78' lang='grc' dir='ltr'>εὐπειθεῖς</span> <span class='ocrx_word' id='word_1_77' title='bbox 380 1363 433 1429; x_wconf 88' lang='grc' dir='ltr'>τοῖς</span> <span class='ocrx_word' id='word_1_78' title='bbox 447 1360 704 1441; x_wconf 78' lang='grc' dir='ltr'>παραγγελλομένοις</span> <span class='ocrx_word' id='word_1_79' title='bbox 719 1366 890 1443; x_wconf 84' lang='grc' dir='ltr'>παρείχοντο.</span> 
     </span>
    </p>

    <p class='ocr_par' dir='ltr' id='par_1_3' title="bbox 234 1443 1014 1799">
     <span class='ocr_line' id='line_1_12' title="bbox 253 1443 1013 1527; baseline -0.008 -13"><span class='ocrx_word' id='word_1_80' title='bbox 253 1494 257 1501; x_wconf 92' lang='grc'><strong>-</strong></span> <span class='ocrx_word' id='word_1_81' title='bbox 274 1454 378 1514; x_wconf 84' lang='lat' dir='ltr'><strong>XVlll.</strong></span> <span class='ocrx_word' id='word_1_82' title='bbox 397 1449 470 1522; x_wconf 75' lang='grc' dir='ltr'>Αὕτη</span> <span class='ocrx_word' id='word_1_83' title='bbox 485 1451 533 1526; x_wconf 77' lang='grc' dir='ltr'>μέν</span> <span class='ocrx_word' id='word_1_84' title='bbox 552 1457 569 1523; x_wconf 81' lang='grc' dir='ltr'>ἡ</span> <span class='ocrx_word' id='word_1_85' title='bbox 590 1451 763 1527; x_wconf 78' lang='grc' dir='ltr'>διακόσμησις</span> <span class='ocrx_word' id='word_1_86' title='bbox 778 1443 810 1523; x_wconf 80' lang='grc' dir='ltr'>ήν</span> <span class='ocrx_word' id='word_1_87' title='bbox 828 1454 891 1523; x_wconf 84' lang='grc' dir='ltr'>ήτδ</span> <span class='ocrx_word' id='word_1_88' title='bbox 906 1451 1013 1521; x_wconf 80' lang='grc' dir='ltr'>πεζικὸν</span> 
     </span>
     <span class='ocr_line' id='line_1_13' title="bbox 234 1540 1014 1622; baseline -0.006 -20"><span class='ocrx_word' id='word_1_89' title='bbox 234 1544 402 1621; x_wconf 71' lang='grc' dir='ltr'>ἐκπληροῦσα</span> <span class='ocrx_word' id='word_1_90' title='bbox 416 1543 468 1598; x_wconf 91' lang='grc' dir='ltr'>τῶν</span> <span class='ocrx_word' id='word_1_91' title='bbox 484 1562 511 1597; x_wconf 88' lang='grc' dir='ltr'>τε</span> <span class='ocrx_word' id='word_1_92' title='bbox 527 1542 694 1620; x_wconf 73' lang='grc' dir='ltr'>φαλαγγιτῶν</span> <span class='ocrx_word' id='word_1_93' title='bbox 706 1540 751 1598; x_wconf 82' lang='grc' dir='ltr'>καῖ</span> <span class='ocrx_word' id='word_1_94' title='bbox 766 1544 819 1598; x_wconf 91' lang='grc' dir='ltr'>τῶν</span> <span class='ocrx_word' id='word_1_95' title='bbox 833 1543 918 1622; x_wconf 76' lang='grc' dir='ltr'>ψιλῶν</span> <span class='ocrx_word' id='word_1_96' title='bbox 932 1542 1014 1621; x_wconf 86' lang='grc' dir='ltr'>στρά·</span> 
     </span>
     <span class='ocr_line' id='line_1_14' title="bbox 234 1625 1014 1707; baseline -0.003 -18"><span class='ocrx_word' id='word_1_97' title='bbox 234 1652 333 1707; x_wconf 83' lang='grc' dir='ltr'>τευμα·</span> <span class='ocrx_word' id='word_1_98' title='bbox 350 1628 380 1687; x_wconf 84' lang='grc' dir='ltr'>τὸ</span> <span class='ocrx_word' id='word_1_99' title='bbox 404 1626 432 1686; x_wconf 84' lang='grc' dir='ltr'>δέ</span> <span class='ocrx_word' id='word_1_100' title='bbox 456 1632 508 1687; x_wconf 89' lang='grc' dir='ltr'>τῶν</span> <span class='ocrx_word' id='word_1_101' title='bbox 531 1625 633 1686; x_wconf 77' lang='grc' dir='ltr'>ἱππέων</span> <span class='ocrx_word' id='word_1_102' title='bbox 649 1630 746 1699; x_wconf 80' lang='grc' dir='ltr'>πλῆθος</span> <span class='ocrx_word' id='word_1_103' title='bbox 769 1627 888 1698; x_wconf 79' lang='grc' dir='ltr'>ἐπέλεξεν</span> <span class='ocrx_word' id='word_1_104' title='bbox 907 1631 938 1689; x_wconf 88' lang='grc' dir='ltr'>ἐκ</span> <span class='ocrx_word' id='word_1_105' title='bbox 960 1633 1014 1688; x_wconf 87' lang='grc' dir='ltr'>τῶν</span> 
     </span>
     <span class='ocr_line' id='line_1_15' title="bbox 235 1714 1013 1799; baseline -0.005 -21"><span class='ocrx_word' id='word_1_106' title='bbox 235 1719 348 1798; x_wconf 86' lang='grc' dir='ltr'>ἐχόντων</span> <span class='ocrx_word' id='word_1_107' title='bbox 362 1715 393 1776; x_wconf 78' lang='grc' dir='ltr'>τὸ</span> <span class='ocrx_word' id='word_1_108' title='bbox 413 1714 537 1794; x_wconf 85' lang='grc' dir='ltr'>μέγιστον</span> <span class='ocrx_word' id='word_1_109' title='bbox 551 1716 669 1793; x_wconf 86' lang='grc' dir='ltr'>τίμημα,</span> <span class='ocrx_word' id='word_1_110' title='bbox 684 1716 729 1776; x_wconf 84' lang='grc' dir='ltr'>καί</span> <span class='ocrx_word' id='word_1_111' title='bbox 750 1716 818 1776; x_wconf 83' lang='grc' dir='ltr'>κατδ</span> <span class='ocrx_word' id='word_1_112' title='bbox 832 1716 904 1796; x_wconf 86' lang='grc' dir='ltr'>γένος</span> <span class='ocrx_word' id='word_1_113' title='bbox 916 1722 1013 1799; x_wconf 87' lang='grc' dir='ltr'>ἐπιφα-</span> 
     </span>
    </p>

    <p class='ocr_par' dir='ltr' id='par_1_4' title="bbox 182 1804 1021 5076">
     <span class='ocr_line' id='line_1_16' title="bbox 182 1804 1014 1886; baseline 0.002 -22"><span class='ocrx_word' id='word_1_114' title='bbox 182 1826 208 1866; x_wconf 81' lang='grc' dir='ltr'>ιο</span> <span class='ocrx_word' id='word_1_115' title='bbox 234 1813 300 1879; x_wconf 89' lang='grc' dir='ltr'>νῶν,</span> <span class='ocrx_word' id='word_1_116' title='bbox 319 1804 441 1872; x_wconf 82' lang='grc' dir='ltr'>συνέταξε</span> <span class='ocrx_word' id='word_1_117' title='bbox 457 1805 484 1864; x_wconf 84' lang='grc' dir='ltr'>δὲ</span> <span class='ocrx_word' id='word_1_118' title='bbox 500 1808 535 1873; x_wconf 87' lang='grc' dir='ltr'>είς</span> <span class='ocrx_word' id='word_1_119' title='bbox 549 1806 729 1865; x_wconf 85' lang='grc' dir='ltr'>ὀκτωκαίδεκα</span> <span class='ocrx_word' id='word_1_120' title='bbox 750 1806 856 1886; x_wconf 91' lang='grc' dir='ltr'>λόχους,</span> <span class='ocrx_word' id='word_1_121' title='bbox 872 1806 918 1866; x_wconf 85' lang='grc' dir='ltr'>καὶ</span> <span class='ocrx_word' id='word_1_122' title='bbox 933 1830 1014 1885; x_wconf 84' lang='grc' dir='ltr'>προσ·</span> 
     </span>
     <span class='ocr_line' id='line_1_17' title="bbox 235 1894 1014 1977; baseline 0 -22"><span class='ocrx_word' id='word_1_123' title='bbox 235 1896 335 1974; x_wconf 81' lang='grc' dir='ltr'>ἔνειμεν</span> <span class='ocrx_word' id='word_1_124' title='bbox 351 1894 443 1963; x_wconf 73' lang='grc' dir='ltr'>αὐτοὺς</span> <span class='ocrx_word' id='word_1_125' title='bbox 462 1903 515 1962; x_wconf 89' lang='grc' dir='ltr'>τοῖς</span> <span class='ocrx_word' id='word_1_126' title='bbox 535 1896 648 1975; x_wconf 82' lang='grc' dir='ltr'>πρώτοις</span> <span class='ocrx_word' id='word_1_127' title='bbox 667 1899 719 1954; x_wconf 91' lang='grc' dir='ltr'>τῶν</span> <span class='ocrx_word' id='word_1_128' title='bbox 732 1897 900 1977; x_wconf 77' lang='grc' dir='ltr'>φαλαγγιτῶν</span> <span class='ocrx_word' id='word_1_129' title='bbox 921 1896 1014 1974; x_wconf 83' lang='grc' dir='ltr'>θγδοή·</span> 
     </span>
     <span class='ocr_line' id='line_1_18' title="bbox 229 1974 1015 2065; baseline -0.004 -20"><span class='ocrx_word' id='word_1_130' title='bbox 229 1982 320 2045; x_wconf 68' lang='grc' dir='ltr'>’κοντα</span> <span class='ocrx_word' id='word_1_131' title='bbox 335 1984 436 2065; x_wconf 84' lang='grc' dir='ltr'>λόχοις·</span> <span class='ocrx_word' id='word_1_132' title='bbox 449 1974 520 2064; x_wconf 78' lang='grc' dir='ltr'>εἶχον</span> <span class='ocrx_word' id='word_1_133' title='bbox 538 1985 566 2042; x_wconf 87' lang='grc' dir='ltr'>δὲ</span> <span class='ocrx_word' id='word_1_134' title='bbox 580 1982 626 2042; x_wconf 84' lang='grc' dir='ltr'>καὶ</span> <span class='ocrx_word' id='word_1_135' title='bbox 639 1975 711 2043; x_wconf 72' lang='grc' dir='ltr'>οὗτοι</span> <span class='ocrx_word' id='word_1_136' title='bbox 721 1983 780 2050; x_wconf 79' lang='grc' dir='ltr'>τοὺς</span> <span class='ocrx_word' id='word_1_137' title='bbox 795 1984 1015 2060; x_wconf 74' lang='grc' dir='ltr'>ἐπιφανεστάτους</span> 
     </span>
     <span class='ocr_line' id='line_1_19' title="bbox 235 2064 1014 2156; baseline -0.003 -22"><span class='ocrx_word' id='word_1_138' title='bbox 235 2072 374 2156; x_wconf 78' lang='grc' dir='ltr'>λοχαγούς.</span> <span class='ocrx_word' id='word_1_139' title='bbox 418 2072 488 2140; x_wconf 79' lang='grc' dir='ltr'>Τοὺς</span> <span class='ocrx_word' id='word_1_140' title='bbox 510 2072 536 2131; x_wconf 83' lang='grc' dir='ltr'>δῖ</span> <span class='ocrx_word' id='word_1_141' title='bbox 552 2073 660 2139; x_wconf 83' lang='grc' dir='ltr'>λοιποὺς</span> <span class='ocrx_word' id='word_1_142' title='bbox 673 2073 797 2144; x_wconf 85' lang='grc' dir='ltr'>πολίτας,</span> <span class='ocrx_word' id='word_1_143' title='bbox 812 2073 837 2132; x_wconf 86' lang='grc' dir='ltr'>οἳ</span> <span class='ocrx_word' id='word_1_144' title='bbox 850 2073 957 2152; x_wconf 86' lang='grc' dir='ltr'>τίμησιν</span> <span class='ocrx_word' id='word_1_145' title='bbox 976 2064 1014 2132; x_wconf 81' lang='grc' dir='ltr'>εί·</span> 
     </span>
     <span class='ocr_line' id='line_1_20' title="bbox 236 2158 1013 2241; baseline -0.001 -18"><span class='ocrx_word' id='word_1_146' title='bbox 236 2158 425 2241; x_wconf 80' lang='grc' dir='ltr'>χονέλάττονα</span> <span class='ocrx_word' id='word_1_147' title='bbox 443 2161 544 2219; x_wconf 82' lang='grc' dir='ltr'>δώδεκα</span> <span class='ocrx_word' id='word_1_148' title='bbox 565 2161 611 2220; x_wconf 81' lang='grc' dir='ltr'>καί</span> <span class='ocrx_word' id='word_1_149' title='bbox 625 2159 738 2236; x_wconf 76' lang='grc' dir='ltr'>ἡμίσους</span> <span class='ocrx_word' id='word_1_150' title='bbox 751 2164 839 2236; x_wconf 71' lang='grc' dir='ltr'>μνῶν,</span> <span class='ocrx_word' id='word_1_151' title='bbox 853 2160 956 2230; x_wconf 90' lang='grc' dir='ltr'>πλείους</span> <span class='ocrx_word' id='word_1_152' title='bbox 968 2162 1013 2222; x_wconf 86' lang='grc' dir='ltr'>τδν</span> 
     </span>
     <span class='ocr_line' id='line_1_21' title="bbox 183 2249 1016 2333; baseline -0.001 -22"><span class='ocrx_word' id='word_1_153' title='bbox 183 2271 211 2311; x_wconf 83' lang='lat' dir='ltr'><strong>to</strong></span> <span class='ocrx_word' id='word_1_154' title='bbox 232 2251 345 2332; x_wconf 81' lang='grc' dir='ltr'>-άριθμδν</span> <span class='ocrx_word' id='word_1_155' title='bbox 358 2250 433 2317; x_wconf 89' lang='grc' dir='ltr'>όντας</span> <span class='ocrx_word' id='word_1_156' title='bbox 446 2253 498 2308; x_wconf 87' lang='grc' dir='ltr'>τῶν</span> <span class='ocrx_word' id='word_1_157' title='bbox 513 2252 657 2333; x_wconf 82' lang='grc' dir='ltr'>προτέρων,</span> <span class='ocrx_word' id='word_1_158' title='bbox 673 2250 791 2317; x_wconf 82' lang='grc' dir='ltr'>άπανττς</span> <span class='ocrx_word' id='word_1_159' title='bbox 805 2252 841 2318; x_wconf 87' lang='grc' dir='ltr'>είς</span> <span class='ocrx_word' id='word_1_160' title='bbox 855 2249 902 2309; x_wconf 75' lang='grc' dir='ltr'>ἕνα</span> <span class='ocrx_word' id='word_1_161' title='bbox 917 2251 1016 2310; x_wconf 89' lang='grc' dir='ltr'>συντά-</span> 
     </span>
     <span class='ocr_line' id='line_1_22' title="bbox 235 2338 1016 2421; baseline 0.003 -23"><span class='ocrx_word' id='word_1_162' title='bbox 235 2340 279 2410; x_wconf 77' lang='grc' dir='ltr'>ξας</span> <span class='ocrx_word' id='word_1_163' title='bbox 292 2341 370 2419; x_wconf 89' lang='grc' dir='ltr'>λόχον</span> <span class='ocrx_word' id='word_1_164' title='bbox 390 2339 530 2419; x_wconf 85' lang='grc' dir='ltr'>στρατείας</span> <span class='ocrx_word' id='word_1_165' title='bbox 543 2361 572 2398; x_wconf 90' lang='grc' dir='ltr'>τε</span> <span class='ocrx_word' id='word_1_166' title='bbox 591 2340 707 2397; x_wconf 84' lang='grc' dir='ltr'>ἀπελυσε</span> <span class='ocrx_word' id='word_1_167' title='bbox 727 2338 773 2398; x_wconf 88' lang='grc' dir='ltr'>καί</span> <span class='ocrx_word' id='word_1_168' title='bbox 787 2340 875 2412; x_wconf 83' lang='grc' dir='ltr'>πάσης</span> <span class='ocrx_word' id='word_1_169' title='bbox 893 2342 1016 2421; x_wconf 74' lang='grc' dir='ltr'>εἰσφορᾶς</span> 
     </span>
     <span class='ocr_line' id='line_1_23' title="bbox 236 2424 1015 2507; baseline 0.003 -20"><span class='ocrx_word' id='word_1_170' title='bbox 236 2429 358 2497; x_wconf 81' lang='grc' dir='ltr'>ἐποίησεν</span> <span class='ocrx_word' id='word_1_171' title='bbox 374 2428 482 2493; x_wconf 87' lang='grc' dir='ltr'>άτελεῖς.</span> <span class='ocrx_word' id='word_1_172' title='bbox 525 2424 664 2503; x_wconf 80' lang='grc' dir='ltr'>Ἐγένοντο</span> <span class='ocrx_word' id='word_1_173' title='bbox 685 2426 716 2498; x_wconf 82' lang='grc' dir='ltr'>δὴ</span> <span class='ocrx_word' id='word_1_174' title='bbox 738 2428 885 2507; x_wconf 86' lang='grc' dir='ltr'>συμμορίαι</span> <span class='ocrx_word' id='word_1_175' title='bbox 903 2430 951 2503; x_wconf 82' lang='grc' dir='ltr'>μέν</span> <span class='ocrx_word' id='word_1_176' title='bbox 973 2429 1015 2502; x_wconf 77' lang='grc' dir='ltr'>ἐξ,</span> 
     </span>
     <span class='ocr_line' id='line_1_24' title="bbox 237 2515 1017 2593; baseline 0 -17"><span class='ocrx_word' id='word_1_177' title='bbox 237 2516 267 2583; x_wconf 76' lang='grc' dir='ltr'>ἃς</span> <span class='ocrx_word' id='word_1_178' title='bbox 279 2515 410 2591; x_wconf 87' lang='grc' dir='ltr'>Ῥωμαῖοι</span> <span class='ocrx_word' id='word_1_179' title='bbox 428 2517 538 2574; x_wconf 76' lang='grc' dir='ltr'>καλοῦσι</span> <span class='ocrx_word' id='word_1_180' title='bbox 558 2516 665 2584; x_wconf 84' lang='grc' dir='ltr'>κλάσεις</span> <span class='ocrx_word' id='word_1_181' title='bbox 681 2516 775 2593; x_wconf 77' lang='grc' dir='ltr'>[κατὰ]</span> <span class='ocrx_word' id='word_1_182' title='bbox 796 2517 842 2583; x_wconf 85' lang='grc' dir='ltr'>τὰς</span> <span class='ocrx_word' id='word_1_183' title='bbox 855 2515 1017 2589; x_wconf 80' lang='grc' dir='ltr'>Ἑλληνικάς</span> 
     </span>
     <span class='ocr_line' id='line_1_25' title="bbox 238 2600 1018 2684; baseline 0 -21"><span class='ocrx_word' id='word_1_184' title='bbox 238 2604 344 2675; x_wconf 87' lang='grc' dir='ltr'>κλήσεις</span> <span class='ocrx_word' id='word_1_185' title='bbox 367 2603 609 2681; x_wconf 84' lang='grc' dir='ltr'>παρονομάσαντες·</span> <span class='ocrx_word' id='word_1_186' title='bbox 631 2600 645 2660; x_wconf 87' lang='grc' dir='ltr'>δ</span> <span class='ocrx_word' id='word_1_187' title='bbox 666 2602 717 2681; x_wconf 78' lang='grc' dir='ltr'>γάρ</span> <span class='ocrx_word' id='word_1_188' title='bbox 739 2608 814 2680; x_wconf 71' lang='grc' dir='ltr'>ἡμεῖς</span> <span class='ocrx_word' id='word_1_189' title='bbox 841 2607 913 2683; x_wconf 77' lang='grc' dir='ltr'>ῥῆμα</span> <span class='ocrx_word' id='word_1_190' title='bbox 934 2628 1018 2684; x_wconf 88' lang='grc' dir='ltr'>προσ-</span> 
     </span>
     <span class='ocr_line' id='line_1_26' title="bbox 183 2689 1019 2772; baseline 0 -21"><span class='ocrx_word' id='word_1_191' title='bbox 183 2717 210 2759; x_wconf 72' lang='lat' dir='ltr'>as</span> <span class='ocrx_word' id='word_1_192' title='bbox 230 2694 371 2769; x_wconf 33' lang='grc' dir='ltr'>,τακτικῶς</span> <span class='ocrx_word' id='word_1_193' title='bbox 385 2689 597 2770; x_wconf 85' lang='grc' dir='ltr'>σχηματίσαντες</span> <span class='ocrx_word' id='word_1_194' title='bbox 609 2693 753 2772; x_wconf 77' lang='grc' dir='ltr'>ἐκφέρομεν</span> <span class='ocrx_word' id='word_1_195' title='bbox 767 2692 858 2770; x_wconf 79' lang='grc' dir='ltr'>κάλει,</span> <span class='ocrx_word' id='word_1_196' title='bbox 869 2692 939 2751; x_wconf 79' lang='grc' dir='ltr'>τοῦτ’</span> <span class='ocrx_word' id='word_1_197' title='bbox 954 2697 1019 2754; x_wconf 75' lang='lat' dir='ltr'><strong>issi·</strong></span> 
     </span>
     <span class='ocr_line' id='line_1_27' title="bbox 229 2780 1017 2867; baseline 0.001 -30"><span class='ocrx_word' id='word_1_198' title='bbox 229 2804 276 2867; x_wconf 33' lang='lat' dir='ltr'><strong>&#39;sor</strong></span> <span class='ocrx_word' id='word_1_199' title='bbox 287 2780 394 2857; x_wconf 82' lang='grc' dir='ltr'>λέγουσι</span> <span class='ocrx_word' id='word_1_200' title='bbox 404 2780 482 2853; x_wconf 88' lang='grc' dir='ltr'>κάλα,</span> <span class='ocrx_word' id='word_1_201' title='bbox 492 2781 538 2838; x_wconf 83' lang='grc' dir='ltr'>καὶ</span> <span class='ocrx_word' id='word_1_202' title='bbox 548 2780 594 2846; x_wconf 74' lang='grc' dir='ltr'>τίς</span> <span class='ocrx_word' id='word_1_203' title='bbox 604 2781 708 2847; x_wconf 90' lang='grc' dir='ltr'>κλάσεις</span> <span class='ocrx_word' id='word_1_204' title='bbox 722 2780 774 2859; x_wconf 84' lang='grc' dir='ltr'>[τὸ]</span> <span class='ocrx_word' id='word_1_205' title='bbox 787 2783 897 2861; x_wconf 81' lang='grc' dir='ltr'>ἀρχαῖον</span> <span class='ocrx_word' id='word_1_206' title='bbox 907 2781 1017 2841; x_wconf 80' lang='grc' dir='ltr'>ἐκάλουν</span> 
     </span>
     <span class='ocr_line' id='line_1_28' title="bbox 237 2867 1015 2947; baseline -0.004 -18"><span class='ocrx_word' id='word_1_207' title='bbox 237 2869 373 2934; x_wconf 84' lang='grc' dir='ltr'>κολάσεις·</span> <span class='ocrx_word' id='word_1_208' title='bbox 385 2867 461 2947; x_wconf 88' lang='grc' dir='ltr'>λόχοι</span> <span class='ocrx_word' id='word_1_209' title='bbox 477 2868 514 2940; x_wconf 82' lang='grc' dir='ltr'>δέ,</span> <span class='ocrx_word' id='word_1_210' title='bbox 527 2867 569 2935; x_wconf 83' lang='grc' dir='ltr'>οθς</span> <span class='ocrx_word' id='word_1_211' title='bbox 587 2873 614 2928; x_wconf 88' lang='grc' dir='ltr'>αί</span> <span class='ocrx_word' id='word_1_212' title='bbox 632 2869 777 2946; x_wconf 87' lang='grc' dir='ltr'>συμμορίαι</span> <span class='ocrx_word' id='word_1_213' title='bbox 793 2868 1015 2946; x_wconf 79' lang='grc' dir='ltr'>περιελάμόανσν,</span> 
     </span>
     <span class='ocr_line' id='line_1_29' title="bbox 239 2955 1017 3037; baseline 0 -21"><span class='ocrx_word' id='word_1_214' title='bbox 239 2955 331 3016; x_wconf 80' lang='grc' dir='ltr'>έκατδν</span> <span class='ocrx_word' id='word_1_215' title='bbox 355 2955 401 3015; x_wconf 87' lang='grc' dir='ltr'>καί</span> <span class='ocrx_word' id='word_1_216' title='bbox 421 2959 658 3037; x_wconf 82' lang='grc' dir='ltr'>ἐνενηκοντατρεῖς.</span> <span class='ocrx_word' id='word_1_217' title='bbox 702 2956 830 3037; x_wconf 85' lang='grc' dir='ltr'>Ἐπεῖχον</span> <span class='ocrx_word' id='word_1_218' title='bbox 850 2957 878 3016; x_wconf 88' lang='grc' dir='ltr'>δέ</span> <span class='ocrx_word' id='word_1_219' title='bbox 898 2956 946 3029; x_wconf 84' lang='grc' dir='ltr'>τήν</span> <span class='ocrx_word' id='word_1_220' title='bbox 969 2957 1017 3034; x_wconf 86' lang='grc' dir='ltr'>μὲν</span> 
     </span>
     <span class='ocr_line' id='line_1_30' title="bbox 229 3045 1017 3126; baseline 0 -22"><span class='ocrx_word' id='word_1_221' title='bbox 229 3045 347 3125; x_wconf 69' lang='grc' dir='ltr'>’πρώτην</span> <span class='ocrx_word' id='word_1_222' title='bbox 369 3046 520 3124; x_wconf 89' lang='grc' dir='ltr'>συμμορίαν</span> <span class='ocrx_word' id='word_1_223' title='bbox 542 3045 612 3103; x_wconf 86' lang='grc' dir='ltr'>ὀκτὼ</span> <span class='ocrx_word' id='word_1_224' title='bbox 629 3045 675 3104; x_wconf 86' lang='grc' dir='ltr'>καί</span> <span class='ocrx_word' id='word_1_225' title='bbox 695 3045 850 3118; x_wconf 84' lang='grc' dir='ltr'>ἐνενήκοντα</span> <span class='ocrx_word' id='word_1_226' title='bbox 867 3045 943 3126; x_wconf 86' lang='grc' dir='ltr'>λόχοι</span> <span class='ocrx_word' id='word_1_227' title='bbox 970 3045 1017 3105; x_wconf 85' lang='grc' dir='ltr'>σῖιν</span> 
     </span>
     <span class='ocr_line' id='line_1_31' title="bbox 185 3131 1019 3212; baseline 0.001 -20"><span class='ocrx_word' id='word_1_228' title='bbox 185 3145 212 3185; x_wconf 81' lang='lat'>³⁰</span> <span class='ocrx_word' id='word_1_229' title='bbox 238 3142 291 3202; x_wconf 90' lang='grc' dir='ltr'>τοῖς</span> <span class='ocrx_word' id='word_1_230' title='bbox 305 3133 427 3193; x_wconf 77' lang='grc' dir='ltr'>ίππεῶσι·</span> <span class='ocrx_word' id='word_1_231' title='bbox 441 3134 489 3202; x_wconf 83' lang='grc' dir='ltr'>τήν</span> <span class='ocrx_word' id='word_1_232' title='bbox 506 3132 534 3192; x_wconf 84' lang='grc' dir='ltr'>δέ</span> <span class='ocrx_word' id='word_1_233' title='bbox 549 3132 670 3212; x_wconf 81' lang='grc' dir='ltr'>δευτέραν</span> <span class='ocrx_word' id='word_1_234' title='bbox 684 3131 830 3209; x_wconf 67' lang='grc' dir='ltr'>είκυσιζκαῖ</span> <span class='ocrx_word' id='word_1_235' title='bbox 845 3132 890 3194; x_wconf 83' lang='grc' dir='ltr'>δίο</span> <span class='ocrx_word' id='word_1_236' title='bbox 904 3133 952 3193; x_wconf 72' lang='grc' dir='ltr'>σὺν</span> <span class='ocrx_word' id='word_1_237' title='bbox 965 3136 1019 3203; x_wconf 82' lang='grc' dir='ltr'>τοῖς</span> 
     </span>
     <span class='ocr_line' id='line_1_32' title="bbox 237 3220 1015 3303; baseline 0.001 -23"><span class='ocrx_word' id='word_1_238' title='bbox 237 3221 431 3302; x_wconf 79' lang='grc' dir='ltr'>χειροτέχναις·</span> <span class='ocrx_word' id='word_1_239' title='bbox 442 3220 489 3293; x_wconf 80' lang='grc' dir='ltr'>τὴν</span> <span class='ocrx_word' id='word_1_240' title='bbox 504 3222 532 3280; x_wconf 85' lang='grc' dir='ltr'>δέ</span> <span class='ocrx_word' id='word_1_241' title='bbox 547 3221 638 3300; x_wconf 88' lang='grc' dir='ltr'>τρίτην</span> <span class='ocrx_word' id='word_1_242' title='bbox 653 3221 749 3281; x_wconf 84' lang='grc' dir='ltr'>είκοσι·</span> <span class='ocrx_word' id='word_1_243' title='bbox 773 3221 823 3293; x_wconf 79' lang='grc' dir='ltr'>τήν</span> <span class='ocrx_word' id='word_1_244' title='bbox 844 3223 871 3281; x_wconf 85' lang='grc' dir='ltr'>δέ</span> <span class='ocrx_word' id='word_1_245' title='bbox 885 3222 1015 3303; x_wconf 81' lang='grc' dir='ltr'>τετάρτην</span> 
     </span>
     <span class='ocr_line' id='line_1_33' title="bbox 239 3309 1015 3390; baseline 0.004 -22"><span class='ocrx_word' id='word_1_246' title='bbox 239 3311 318 3370; x_wconf 90' lang='grc' dir='ltr'>πάλιν</span> <span class='ocrx_word' id='word_1_247' title='bbox 333 3310 416 3369; x_wconf 89' lang='grc' dir='ltr'>είκοσι</span> <span class='ocrx_word' id='word_1_248' title='bbox 427 3310 473 3370; x_wconf 88' lang='grc' dir='ltr'>καῖ</span> <span class='ocrx_word' id='word_1_249' title='bbox 492 3310 537 3370; x_wconf 87' lang='grc' dir='ltr'>διίο</span> <span class='ocrx_word' id='word_1_250' title='bbox 556 3309 602 3369; x_wconf 77' lang='grc' dir='ltr'>σὺν</span> <span class='ocrx_word' id='word_1_251' title='bbox 617 3318 671 3379; x_wconf 86' lang='grc' dir='ltr'>τοῖς</span> <span class='ocrx_word' id='word_1_252' title='bbox 687 3314 847 3379; x_wconf 88' lang='grc' dir='ltr'>σαλπισταῖς</span> <span class='ocrx_word' id='word_1_253' title='bbox 866 3311 912 3370; x_wconf 87' lang='grc' dir='ltr'>καὶ</span> <span class='ocrx_word' id='word_1_254' title='bbox 929 3315 1015 3390; x_wconf 88' lang='grc' dir='ltr'>βυκα-</span> 
     </span>
     <span class='ocr_line' id='line_1_34' title="bbox 241 3397 1016 3478; baseline 0.005 -23"><span class='ocrx_word' id='word_1_255' title='bbox 241 3406 351 3464; x_wconf 82' lang='grc' dir='ltr'>νισταῖς·</span> <span class='ocrx_word' id='word_1_256' title='bbox 362 3400 409 3469; x_wconf 77' lang='grc' dir='ltr'>τήν</span> <span class='ocrx_word' id='word_1_257' title='bbox 422 3399 450 3459; x_wconf 80' lang='grc' dir='ltr'>δέ</span> <span class='ocrx_word' id='word_1_258' title='bbox 461 3397 586 3475; x_wconf 85' lang='grc' dir='ltr'>πέμπτην</span> <span class='ocrx_word' id='word_1_259' title='bbox 595 3399 752 3478; x_wconf 89' lang='grc' dir='ltr'>τριάκοντα·</span> <span class='ocrx_word' id='word_1_260' title='bbox 764 3398 813 3471; x_wconf 82' lang='grc' dir='ltr'>τήν</span> <span class='ocrx_word' id='word_1_261' title='bbox 824 3399 848 3459; x_wconf 83' lang='grc' dir='ltr'>δ’</span> <span class='ocrx_word' id='word_1_262' title='bbox 860 3400 905 3460; x_wconf 86' lang='grc' dir='ltr'>ίπῖ</span> <span class='ocrx_word' id='word_1_263' title='bbox 918 3400 1016 3469; x_wconf 87' lang='grc' dir='ltr'>πάσαις</span> 
     </span>
     <span class='ocr_line' id='line_1_35' title="bbox 238 3479 768 3567; baseline 0.004 -22"><span class='ocrx_word' id='word_1_264' title='bbox 238 3487 401 3563; x_wconf 87' lang='grc' dir='ltr'>τεταγμένην</span> <span class='ocrx_word' id='word_1_265' title='bbox 413 3479 448 3554; x_wconf 81' lang='grc' dir='ltr'>εἷς</span> <span class='ocrx_word' id='word_1_266' title='bbox 464 3488 542 3567; x_wconf 88' lang='grc' dir='ltr'>λόχος</span> <span class='ocrx_word' id='word_1_267' title='bbox 558 3491 635 3548; x_wconf 85' lang='grc' dir='ltr'>δτῶν</span> <span class='ocrx_word' id='word_1_268' title='bbox 651 3487 768 3567; x_wconf 77' lang='grc' dir='ltr'>ἀπόρων.</span> 
     </span>
     <span class='ocr_line' id='line_1_36' title="bbox 186 3575 1017 3657; baseline 0 -21"><span class='ocrx_word' id='word_1_269' title='bbox 186 3582 212 3622; x_wconf 78' lang='lat'>³⁵</span> <span class='ocrx_word' id='word_1_270' title='bbox 269 3575 1017 3657; x_wconf 79' lang='grc' dir='ltr'>ΧΙΧ.Ἰἀότῃτῇδιακοσμήσειχρησάμενος,τδςμὲντῶν</span> 
     </span>
     <span class='ocr_line' id='line_1_37' title="bbox 241 3663 1019 3746; baseline 0.004 -23"><span class='ocrx_word' id='word_1_271' title='bbox 241 3667 409 3745; x_wconf 85' lang='grc' dir='ltr'>στρατιωτῶν</span> <span class='ocrx_word' id='word_1_272' title='bbox 424 3663 597 3746; x_wconf 67' lang='grc' dir='ltr'>καταγραφὰς</span> <span class='ocrx_word' id='word_1_273' title='bbox 616 3665 686 3725; x_wconf 76' lang='grc' dir='ltr'>κατὰ</span> <span class='ocrx_word' id='word_1_274' title='bbox 707 3666 755 3737; x_wconf 81' lang='grc' dir='ltr'>τήν</span> <span class='ocrx_word' id='word_1_275' title='bbox 771 3668 895 3746; x_wconf 89' lang='grc' dir='ltr'>διαίρεσιν</span> <span class='ocrx_word' id='word_1_276' title='bbox 908 3672 1019 3728; x_wconf 88' lang='grc' dir='ltr'>ἐποιεῖτο</span> 
     </span>
     <span class='ocr_line' id='line_1_38' title="bbox 240 3753 1017 3837; baseline 0.004 -25"><span class='ocrx_word' id='word_1_277' title='bbox 240 3753 288 3826; x_wconf 78' lang='grc' dir='ltr'>τήν</span> <span class='ocrx_word' id='word_1_278' title='bbox 302 3756 353 3813; x_wconf 91' lang='grc' dir='ltr'>τῶν</span> <span class='ocrx_word' id='word_1_279' title='bbox 368 3753 471 3833; x_wconf 87' lang='grc' dir='ltr'>λόχων,</span> <span class='ocrx_word' id='word_1_280' title='bbox 487 3755 534 3822; x_wconf 78' lang='grc' dir='ltr'>τίς</span> <span class='ocrx_word' id='word_1_281' title='bbox 551 3753 579 3813; x_wconf 80' lang='grc' dir='ltr'>δέ</span> <span class='ocrx_word' id='word_1_282' title='bbox 600 3758 652 3813; x_wconf 90' lang='grc' dir='ltr'>τῶν</span> <span class='ocrx_word' id='word_1_283' title='bbox 665 3757 793 3837; x_wconf 82' lang='grc' dir='ltr'>εἰσφορῶν</span> <span class='ocrx_word' id='word_1_284' title='bbox 809 3755 936 3834; x_wconf 77' lang='grc' dir='ltr'>ἐπιταγὰς</span> <span class='ocrx_word' id='word_1_285' title='bbox 949 3756 1017 3815; x_wconf 75' lang='grc' dir='ltr'>κατὰ</span> 
     </span>
     <span class='ocr_line' id='line_1_39' title="bbox 240 3839 1019 3924; baseline 0.001 -22"><span class='ocrx_word' id='word_1_286' title='bbox 240 3842 274 3903; x_wconf 87' lang='grc' dir='ltr'>τδι</span> <span class='ocrx_word' id='word_1_287' title='bbox 292 3842 432 3921; x_wconf 82' lang='grc' dir='ltr'>τιμήματα</span> <span class='ocrx_word' id='word_1_288' title='bbox 453 3846 505 3900; x_wconf 89' lang='grc' dir='ltr'>τῶν</span> <span class='ocrx_word' id='word_1_289' title='bbox 532 3842 606 3920; x_wconf 86' lang='grc' dir='ltr'>βίων,</span> <span class='ocrx_word' id='word_1_290' title='bbox 650 3839 752 3903; x_wconf 87' lang='grc' dir='ltr'>Ὁπότε</span> <span class='ocrx_word' id='word_1_291' title='bbox 766 3842 817 3924; x_wconf 82' lang='grc' dir='ltr'>γδρ</span> <span class='ocrx_word' id='word_1_292' title='bbox 831 3845 903 3922; x_wconf 80' lang='grc' dir='ltr'>αὐτῷ</span> <span class='ocrx_word' id='word_1_293' title='bbox 917 3844 1019 3914; x_wconf 80' lang='grc' dir='ltr'>δεήσειε</span> 
     </span>
     <span class='ocr_line' id='line_1_40' title="bbox 241 3928 1019 4011; baseline 0.001 -22"><span class='ocrx_word' id='word_1_294' title='bbox 241 3928 373 4011; x_wconf 82' lang='grc' dir='ltr'>μυρίωνίη</span> <span class='ocrx_word' id='word_1_295' title='bbox 392 3930 536 4011; x_wconf 87' lang='grc' dir='ltr'>δισμυρίων</span> <span class='ocrx_word' id='word_1_296' title='bbox 551 3932 574 3988; x_wconf 87' lang='grc' dir='ltr'>εί</span> <span class='ocrx_word' id='word_1_297' title='bbox 589 3929 665 4008; x_wconf 85' lang='grc' dir='ltr'>τύχοι</span> <span class='ocrx_word' id='word_1_298' title='bbox 680 3935 866 4009; x_wconf 88' lang='grc' dir='ltr'>στρατιωτῶν,</span> <span class='ocrx_word' id='word_1_299' title='bbox 879 3934 1019 3991; x_wconf 89' lang='grc' dir='ltr'>καταδιαι-</span> 
     </span>
     <span class='ocr_line' id='line_1_41' title="bbox 187 4015 1019 4100; baseline 0.002 -22"><span class='ocrx_word' id='word_1_300' title='bbox 187 4038 214 4078; x_wconf 79' lang='lat' dir='ltr'>tu</span> <span class='ocrx_word' id='word_1_301' title='bbox 242 4022 293 4097; x_wconf 90' lang='grc' dir='ltr'>ρῶν</span> <span class='ocrx_word' id='word_1_302' title='bbox 303 4018 334 4077; x_wconf 89' lang='grc' dir='ltr'>τδ</span> <span class='ocrx_word' id='word_1_303' title='bbox 347 4022 445 4090; x_wconf 75' lang='grc' dir='ltr'>πλῆθος</span> <span class='ocrx_word' id='word_1_304' title='bbox 459 4021 495 4086; x_wconf 89' lang='grc' dir='ltr'>είς</span> <span class='ocrx_word' id='word_1_305' title='bbox 506 4015 564 4083; x_wconf 75' lang='grc' dir='ltr'>τοὺς</span> <span class='ocrx_word' id='word_1_306' title='bbox 576 4017 669 4076; x_wconf 81' lang='grc' dir='ltr'>έκατδν</span> <span class='ocrx_word' id='word_1_307' title='bbox 682 4020 905 4098; x_wconf 81' lang='grc' dir='ltr'>ἐνενηκοντατρεῖς</span> <span class='ocrx_word' id='word_1_308' title='bbox 914 4019 1019 4100; x_wconf 87' lang='grc' dir='ltr'>λόχους,</span> 
     </span>
     <span class='ocr_line' id='line_1_42' title="bbox 239 4104 1018 4188; baseline 0.005 -25"><span class='ocrx_word' id='word_1_309' title='bbox 239 4104 270 4164; x_wconf 80' lang='grc' dir='ltr'>τό</span> <span class='ocrx_word' id='word_1_310' title='bbox 284 4106 426 4163; x_wconf 83' lang='grc' dir='ltr'>ἐπιόάλλον</span> <span class='ocrx_word' id='word_1_311' title='bbox 443 4106 548 4186; x_wconf 83' lang='grc' dir='ltr'>ίκάστιρ</span> <span class='ocrx_word' id='word_1_312' title='bbox 573 4104 646 4184; x_wconf 85' lang='grc' dir='ltr'>λόχῳ</span> <span class='ocrx_word' id='word_1_313' title='bbox 657 4107 756 4176; x_wconf 79' lang='grc' dir='ltr'>πλῆθος</span> <span class='ocrx_word' id='word_1_314' title='bbox 774 4107 876 4166; x_wconf 79' lang='grc' dir='ltr'>ἐκελευε</span> <span class='ocrx_word' id='word_1_315' title='bbox 893 4110 1018 4188; x_wconf 90' lang='grc' dir='ltr'>παρέχειν</span> 
     </span>
     <span class='ocr_line' id='line_1_43' title="bbox 240 4191 1019 4273; baseline 0.004 -21"><span class='ocrx_word' id='word_1_316' title='bbox 240 4191 351 4252; x_wconf 71' lang='grc' dir='ltr'>ἕκαστον</span> <span class='ocrx_word' id='word_1_317' title='bbox 365 4193 456 4273; x_wconf 88' lang='grc' dir='ltr'>λόχον.</span> <span class='ocrx_word' id='word_1_318' title='bbox 471 4193 528 4266; x_wconf 83' lang='grc' dir='ltr'>Τήν</span> <span class='ocrx_word' id='word_1_319' title='bbox 545 4194 571 4253; x_wconf 83' lang='grc' dir='ltr'>δέ</span> <span class='ocrx_word' id='word_1_320' title='bbox 589 4193 709 4266; x_wconf 89' lang='grc' dir='ltr'>δαπάνην</span> <span class='ocrx_word' id='word_1_321' title='bbox 725 4194 773 4267; x_wconf 86' lang='grc' dir='ltr'>τήν</span> <span class='ocrx_word' id='word_1_322' title='bbox 788 4200 825 4263; x_wconf 84' lang='grc' dir='ltr'>εἷς</span> <span class='ocrx_word' id='word_1_323' title='bbox 841 4196 886 4254; x_wconf 82' lang='grc' dir='ltr'>τὸν</span> <span class='ocrx_word' id='word_1_324' title='bbox 901 4199 1019 4257; x_wconf 78' lang='grc' dir='ltr'>ἐπισιτι-</span> 
     </span>
     <span class='ocr_line' id='line_1_44' title="bbox 241 4280 1020 4366; baseline 0.005 -26"><span class='ocrx_word' id='word_1_325' title='bbox 241 4281 308 4360; x_wconf 79' lang='grc' dir='ltr'>σμὸν</span> <span class='ocrx_word' id='word_1_326' title='bbox 325 4284 376 4338; x_wconf 90' lang='grc' dir='ltr'>τῶν</span> <span class='ocrx_word' id='word_1_327' title='bbox 391 4280 604 4361; x_wconf 71' lang='grc' dir='ltr'>στρατευομένων</span> <span class='ocrx_word' id='word_1_328' title='bbox 616 4280 662 4342; x_wconf 85' lang='grc' dir='ltr'>καί</span> <span class='ocrx_word' id='word_1_329' title='bbox 679 4284 714 4349; x_wconf 85' lang='grc' dir='ltr'>είς</span> <span class='ocrx_word' id='word_1_330' title='bbox 729 4282 774 4351; x_wconf 86' lang='grc' dir='ltr'>τῖες</span> <span class='ocrx_word' id='word_1_331' title='bbox 789 4285 872 4353; x_wconf 75' lang='grc' dir='ltr'>ἄλλος</span> <span class='ocrx_word' id='word_1_332' title='bbox 891 4290 1020 4366; x_wconf 87' lang='grc' dir='ltr'>χορηγίας</span> 
     </span>
     <span class='ocr_line' id='line_1_45' title="bbox 243 4369 1018 4453; baseline 0.009 -25"><span class='ocrx_word' id='word_1_333' title='bbox 243 4369 290 4436; x_wconf 74' lang='grc' dir='ltr'>τὰς</span> <span class='ocrx_word' id='word_1_334' title='bbox 309 4369 455 4444; x_wconf 68' lang='grc' dir='ltr'>πολεμικὰς</span> <span class='ocrx_word' id='word_1_335' title='bbox 470 4371 755 4447; x_wconf 68' lang='grc' dir='ltr'>ἐπιτελεσθησομένην,</span> <span class='ocrx_word' id='word_1_336' title='bbox 765 4377 1018 4453; x_wconf 81' lang='grc' dir='ltr'>συμμετρησάμενος</span> 
     </span>
     <span class='ocr_line' id='line_1_46' title="bbox 189 4458 1016 4546; baseline 0.008 -28"><span class='ocrx_word' id='word_1_337' title='bbox 189 4468 216 4509; x_wconf 69' lang='lat'>⁵⁰</span> <span class='ocrx_word' id='word_1_338' title='bbox 241 4458 325 4530; x_wconf 85' lang='grc' dir='ltr'>δπόση</span> <span class='ocrx_word' id='word_1_339' title='bbox 339 4480 377 4524; x_wconf 86' lang='grc' dir='ltr'>τις</span> <span class='ocrx_word' id='word_1_340' title='bbox 399 4460 516 4536; x_wconf 76' lang='grc' dir='ltr'>ἀρκοῦσα</span> <span class='ocrx_word' id='word_1_341' title='bbox 532 4458 622 4531; x_wconf 87' lang='grc' dir='ltr'>ίσται,</span> <span class='ocrx_word' id='word_1_342' title='bbox 638 4462 746 4540; x_wconf 82' lang='grc' dir='ltr'>διαιρῶν</span> <span class='ocrx_word' id='word_1_343' title='bbox 760 4462 805 4519; x_wconf 80' lang='grc' dir='ltr'>τόν</span> <span class='ocrx_word' id='word_1_344' title='bbox 827 4464 905 4523; x_wconf 77' lang='grc' dir='ltr'>αὐτὸν</span> <span class='ocrx_word' id='word_1_345' title='bbox 919 4463 1016 4546; x_wconf 89' lang='grc' dir='ltr'>τρόπον</span> 
     </span>
     <span class='ocr_line' id='line_1_47' title="bbox 243 4545 1020 4629; baseline 0.008 -23"><span class='ocrx_word' id='word_1_346' title='bbox 243 4549 279 4615; x_wconf 88' lang='grc' dir='ltr'>είς</span> <span class='ocrx_word' id='word_1_347' title='bbox 302 4545 364 4613; x_wconf 83' lang='grc' dir='ltr'>τοὺς</span> <span class='ocrx_word' id='word_1_348' title='bbox 386 4546 481 4605; x_wconf 83' lang='grc' dir='ltr'>έκατδν</span> <span class='ocrx_word' id='word_1_349' title='bbox 502 4549 724 4627; x_wconf 83' lang='grc' dir='ltr'>ἐνενηκοντατρεῖς</span> <span class='ocrx_word' id='word_1_350' title='bbox 741 4550 848 4629; x_wconf 91' lang='grc' dir='ltr'>λόχους,</span> <span class='ocrx_word' id='word_1_351' title='bbox 871 4553 902 4610; x_wconf 84' lang='grc' dir='ltr'>τὸ</span> <span class='ocrx_word' id='word_1_352' title='bbox 923 4557 953 4612; x_wconf 84' lang='grc' dir='ltr'>ἐκ</span> <span class='ocrx_word' id='word_1_353' title='bbox 974 4560 1020 4626; x_wconf 73' lang='grc' dir='ltr'>τῆς</span> 
     </span>
     <span class='ocr_line' id='line_1_48' title="bbox 242 4635 1020 4721; baseline 0.006 -24"><span class='ocrx_word' id='word_1_354' title='bbox 242 4637 376 4716; x_wconf 80' lang='grc' dir='ltr'>τιμήσεως</span> <span class='ocrx_word' id='word_1_355' title='bbox 397 4635 542 4697; x_wconf 83' lang='grc' dir='ltr'>ἐπιθάλλον</span> <span class='ocrx_word' id='word_1_356' title='bbox 558 4638 662 4717; x_wconf 79' lang='grc' dir='ltr'>ἑκάστῳ</span> <span class='ocrx_word' id='word_1_357' title='bbox 675 4640 805 4721; x_wconf 84' lang='grc' dir='ltr'>ιδιάφορον</span> <span class='ocrx_word' id='word_1_358' title='bbox 821 4640 938 4708; x_wconf 75' lang='grc' dir='ltr'>ἅπαντας</span> <span class='ocrx_word' id='word_1_359' title='bbox 961 4645 1020 4706; x_wconf 85' lang='grc' dir='ltr'>ἐκί-</span> 
     </span>
     <span class='ocr_line' id='line_1_49' title="bbox 231 4713 1021 4809; baseline 0.004 -23"><span class='ocrx_word' id='word_1_360' title='bbox 231 4729 331 4791; x_wconf 82' lang='grc' dir='ltr'>-λευσεν</span> <span class='ocrx_word' id='word_1_361' title='bbox 349 4726 487 4807; x_wconf 79' lang='grc' dir='ltr'>εἰσφέρειν.</span> <span class='ocrx_word' id='word_1_362' title='bbox 531 4725 691 4787; x_wconf 80' lang='grc' dir='ltr'>Συνέόεινεν</span> <span class='ocrx_word' id='word_1_363' title='bbox 705 4713 750 4787; x_wconf 73' lang='grc' dir='ltr'>σόν</span> <span class='ocrx_word' id='word_1_364' title='bbox 768 4738 821 4796; x_wconf 91' lang='grc' dir='ltr'>τοῖς</span> <span class='ocrx_word' id='word_1_365' title='bbox 834 4729 880 4794; x_wconf 81' lang='grc' dir='ltr'>τίς</span> <span class='ocrx_word' id='word_1_366' title='bbox 895 4730 1021 4809; x_wconf 82' lang='grc' dir='ltr'>μεγίστας</span> 
     </span>
     <span class='ocr_line' id='line_1_50' title="bbox 242 4808 1021 4897; baseline 0.005 -21"><span class='ocrx_word' id='word_1_367' title='bbox 242 4816 346 4897; x_wconf 82' lang='grc' dir='ltr'>ἔχουσιν</span> <span class='ocrx_word' id='word_1_368' title='bbox 362 4816 451 4883; x_wconf 77' lang='grc' dir='ltr'>οὐσίας</span> <span class='ocrx_word' id='word_1_369' title='bbox 473 4817 596 4876; x_wconf 86' lang='grc' dir='ltr'>ἐλάττοσι</span> <span class='ocrx_word' id='word_1_370' title='bbox 617 4816 663 4892; x_wconf 82' lang='grc' dir='ltr'>μὲν</span> <span class='ocrx_word' id='word_1_371' title='bbox 685 4808 775 4892; x_wconf 76' lang='grc' dir='ltr'>τίσιν,</span> <span class='ocrx_word' id='word_1_372' title='bbox 799 4820 834 4883; x_wconf 82' lang='grc' dir='ltr'>είς</span> <span class='ocrx_word' id='word_1_373' title='bbox 849 4818 969 4884; x_wconf 89' lang='grc' dir='ltr'>πλείονας</span> <span class='ocrx_word' id='word_1_374' title='bbox 993 4822 1021 4882; x_wconf 82' lang='grc' dir='ltr'>δέ</span> 
     </span>
     <span class='ocr_line' id='line_1_51' title="bbox 190 4904 1021 4988; baseline 0.012 -30"><span class='ocrx_word' id='word_1_375' title='bbox 190 4918 217 4958; x_wconf 79' lang='grc' dir='ltr'>σο</span> <span class='ocrx_word' id='word_1_376' title='bbox 241 4905 335 4983; x_wconf 90' lang='grc' dir='ltr'>λόχους</span> <span class='ocrx_word' id='word_1_377' title='bbox 355 4907 568 4985; x_wconf 86' lang='grc' dir='ltr'>μεμερισμένοις,</span> <span class='ocrx_word' id='word_1_378' title='bbox 585 4904 775 4985; x_wconf 82' lang='grc' dir='ltr'>στρατεύεσθαί</span> <span class='ocrx_word' id='word_1_379' title='bbox 784 4932 813 4968; x_wconf 93' lang='grc' dir='ltr'>τε</span> <span class='ocrx_word' id='word_1_380' title='bbox 821 4908 926 4976; x_wconf 92' lang='grc' dir='ltr'>πλείους</span> <span class='ocrx_word' id='word_1_381' title='bbox 941 4932 1021 4988; x_wconf 90' lang='grc' dir='ltr'>στρα-</span> 
     </span>
     <span class='ocr_line' id='line_1_52' title="bbox 242 4992 1021 5076; baseline 0.009 -25"><span class='ocrx_word' id='word_1_382' title='bbox 242 4992 314 5059; x_wconf 77' lang='grc' dir='ltr'>τείας</span> <span class='ocrx_word' id='word_1_383' title='bbox 334 4993 459 5054; x_wconf 82' lang='grc' dir='ltr'>οὐδέποτε</span> <span class='ocrx_word' id='word_1_384' title='bbox 473 4994 706 5072; x_wconf 77' lang='grc' dir='ltr'>ἀναπαυομένους,</span> <span class='ocrx_word' id='word_1_385' title='bbox 728 4998 774 5056; x_wconf 85' lang='grc' dir='ltr'>καὶ</span> <span class='ocrx_word' id='word_1_386' title='bbox 787 4996 916 5076; x_wconf 87' lang='grc' dir='ltr'>χρήματα</span> <span class='ocrx_word' id='word_1_387' title='bbox 938 5000 1021 5058; x_wconf 87' lang='grc' dir='ltr'>πλείω</span> 
     </span>
    </p>
   </div>
   <div class='ocr_carea' id='block_1_3' title="bbox 241 5080 1021 5344">
    <p class='ocr_par' dir='ltr' id='par_1_5' title="bbox 241 5080 1021 5344">
     <span class='ocr_line' id='line_1_53' title="bbox 241 5080 1021 5169; baseline 0.013 -32"><span class='ocrx_word' id='word_1_388' title='bbox 241 5081 294 5137; x_wconf 88' lang='grc' dir='ltr'>τῶν</span> <span class='ocrx_word' id='word_1_389' title='bbox 312 5080 407 5142; x_wconf 83' lang='grc' dir='ltr'>άλλωνί</span> <span class='ocrx_word' id='word_1_390' title='bbox 422 5084 565 5164; x_wconf 72' lang='grc' dir='ltr'>εἰσφέρειν·</span> <span class='ocrx_word' id='word_1_391' title='bbox 585 5091 640 5151; x_wconf 82' lang='grc' dir='ltr'>τοῖς</span> <span class='ocrx_word' id='word_1_392' title='bbox 662 5084 690 5143; x_wconf 88' lang='grc' dir='ltr'>δέ</span> <span class='ocrx_word' id='word_1_393' title='bbox 704 5084 737 5144; x_wconf 88' lang='grc' dir='ltr'>τδι</span> <span class='ocrx_word' id='word_1_394' title='bbox 761 5088 853 5166; x_wconf 87' lang='grc' dir='ltr'>μέτρια</span> <span class='ocrx_word' id='word_1_395' title='bbox 872 5087 916 5146; x_wconf 86' lang='grc' dir='ltr'>καί</span> <span class='ocrx_word' id='word_1_396' title='bbox 939 5089 1021 5169; x_wconf 81' lang='grc' dir='ltr'>μικρὰ</span> 
     </span>
     <span class='ocr_line' id='line_1_54' title="bbox 242 5164 1020 5256; baseline 0.008 -28"><span class='ocrx_word' id='word_1_397' title='bbox 242 5171 412 5245; x_wconf 84' lang='grc' dir='ltr'>κεκτημένοις</span> <span class='ocrx_word' id='word_1_398' title='bbox 431 5173 548 5233; x_wconf 88' lang='grc' dir='ltr'>πλείοσιν</span> <span class='ocrx_word' id='word_1_399' title='bbox 569 5164 641 5234; x_wconf 75' lang='grc' dir='ltr'>οδσιν</span> <span class='ocrx_word' id='word_1_400' title='bbox 662 5177 690 5234; x_wconf 91' lang='grc' dir='ltr'>ἐν</span> <span class='ocrx_word' id='word_1_401' title='bbox 704 5175 824 5236; x_wconf 78' lang='grc' dir='ltr'>ἐλάσωσι</span> <span class='ocrx_word' id='word_1_402' title='bbox 838 5175 925 5254; x_wconf 88' lang='grc' dir='ltr'>λόχοις</span> <span class='ocrx_word' id='word_1_403' title='bbox 938 5199 1020 5256; x_wconf 91' lang='grc' dir='ltr'>στρα-</span> 
     </span>
     <span class='ocr_line' id='line_1_55' title="bbox 242 5255 1019 5344; baseline 0.012 -28"><span class='ocrx_word' id='word_1_404' title='bbox 242 5255 362 5319; x_wconf 86' lang='grc' dir='ltr'>τεύεσθαί</span> <span class='ocrx_word' id='word_1_405' title='bbox 389 5284 418 5320; x_wconf 89' lang='grc' dir='ltr'>τε</span> <span class='ocrx_word' id='word_1_406' title='bbox 443 5262 560 5340; x_wconf 84' lang='grc' dir='ltr'>ὀλιγάκις</span> <span class='ocrx_word' id='word_1_407' title='bbox 587 5261 634 5323; x_wconf 83' lang='grc' dir='ltr'>καί</span> <span class='ocrx_word' id='word_1_408' title='bbox 657 5265 688 5323; x_wconf 79' lang='grc' dir='ltr'>ἐκ</span> <span class='ocrx_word' id='word_1_409' title='bbox 714 5264 853 5344; x_wconf 83' lang='grc' dir='ltr'>διαδοχῆς,</span> <span class='ocrx_word' id='word_1_410' title='bbox 879 5262 925 5322; x_wconf 83' lang='grc' dir='ltr'>καί</span> <span class='ocrx_word' id='word_1_411' title='bbox 952 5269 1019 5343; x_wconf 90' lang='grc' dir='ltr'>βρα-</span> 
     </span>
    </p>
   </div>
   <div class='ocr_carea' id='block_1_4' title="bbox 751 430 1320 494">
    <p class='ocr_par' dir='ltr' id='par_1_6' title="bbox 751 430 1320 494">
     <span class='ocr_line' id='line_1_56' title="bbox 751 430 1320 494; baseline -0.004 -1"><span class='ocrx_word' id='word_1_412' title='bbox 751 433 919 494; x_wconf 84' lang='lat' dir='ltr'><strong>DIONYSll</strong></span> <span class='ocrx_word' id='word_1_413' title='bbox 944 430 1320 494; x_wconf 77' lang='lat' dir='ltr'><strong>HALlCAliNllSSENSlS</strong></span> 
     </span>
    </p>
   </div>
   <div class='ocr_carea' id='block_1_5' title="bbox 1064 569 1882 1419">
    <p class='ocr_par' dir='ltr' id='par_1_7' title="bbox 1064 569 1882 1419">
     <span class='ocr_line' id='line_1_57' title="bbox 1064 569 1842 634; baseline -0.001 -13"><span class='ocrx_word' id='word_1_414' title='bbox 1064 571 1113 623; x_wconf 80' lang='lat' dir='ltr'><strong>rius</strong></span> <span class='ocrx_word' id='word_1_415' title='bbox 1128 572 1291 632; x_wconf 76' lang='lat' dir='ltr'><strong>lubricamut3</strong></span> <span class='ocrx_word' id='word_1_416' title='bbox 1306 570 1477 634; x_wconf 72' lang='lat' dir='ltr'><strong>reliquendum</strong></span> <span class='ocrx_word' id='word_1_417' title='bbox 1492 572 1564 621; x_wconf 88' lang='lat' dir='ltr'><strong>erant</strong></span> <span class='ocrx_word' id='word_1_418' title='bbox 1580 569 1708 621; x_wconf 88' lang='lat' dir='ltr'><strong>tibicinum</strong></span> <span class='ocrx_word' id='word_1_419' title='bbox 1717 572 1743 620; x_wconf 95' lang='lat' dir='ltr'>et</span> <span class='ocrx_word' id='word_1_420' title='bbox 1759 570 1842 620; x_wconf 80' lang='lat' dir='ltr'><strong>corni·</strong></span> 
     </span>
     <span class='ocr_line' id='line_1_58' title="bbox 1066 649 1843 715; baseline 0.001 -15"><span class='ocrx_word' id='word_1_421' title='bbox 1066 653 1147 701; x_wconf 84' lang='lat' dir='ltr'><strong>alnum</strong></span> <span class='ocrx_word' id='word_1_422' title='bbox 1163 656 1188 703; x_wconf 89' lang='lat' dir='ltr'><strong>ot</strong></span> <span class='ocrx_word' id='word_1_423' title='bbox 1198 652 1312 711; x_wconf 86' lang='lat' dir='ltr'><strong>aliorum,</strong></span> <span class='ocrx_word' id='word_1_424' title='bbox 1328 651 1373 715; x_wconf 88' lang='lat' dir='ltr'>qui</span> <span class='ocrx_word' id='word_1_425' title='bbox 1390 651 1443 701; x_wconf 87' lang='lat' dir='ltr'><strong>aliis</strong></span> <span class='ocrx_word' id='word_1_426' title='bbox 1461 649 1610 713; x_wconf 81' lang='lat' dir='ltr'><strong>qubusdam</strong></span> <span class='ocrx_word' id='word_1_427' title='bbox 1630 649 1802 701; x_wconf 72' lang='lat' dir='ltr'>instrumentis</span> <span class='ocrx_word' id='word_1_428' title='bbox 1817 652 1843 701; x_wconf 91' lang='lat' dir='ltr'>iu</span> 
     </span>
     <span class='ocr_line' id='line_1_59' title="bbox 1065 728 1843 794; baseline -0.003 -11"><span class='ocrx_word' id='word_1_429' title='bbox 1065 733 1128 783; x_wconf 90' lang='lat' dir='ltr'><strong>bello</strong></span> <span class='ocrx_word' id='word_1_430' title='bbox 1141 732 1271 783; x_wconf 78' lang='lat' dir='ltr'><strong>classicum</strong></span> <span class='ocrx_word' id='word_1_431' title='bbox 1283 735 1407 780; x_wconf 84' lang='lat' dir='ltr'><strong>canerent.</strong></span> <span class='ocrx_word' id='word_1_432' title='bbox 1440 734 1520 792; x_wconf 84' lang='lat' dir='ltr'><strong>atque</strong></span> <span class='ocrx_word' id='word_1_433' title='bbox 1528 728 1630 794; x_wconf 88' lang='lat' dir='ltr'><strong>opitiecs</strong></span> <span class='ocrx_word' id='word_1_434' title='bbox 1643 729 1759 780; x_wconf 77' lang='lat' dir='ltr'><strong>secundus</strong></span> <span class='ocrx_word' id='word_1_435' title='bbox 1772 729 1843 781; x_wconf 83' lang='lat' dir='ltr'><strong>classi</strong></span> 
     </span>
     <span class='ocr_line' id='line_1_60' title="bbox 1065 807 1845 876; baseline -0.003 -13"><span class='ocrx_word' id='word_1_436' title='bbox 1065 811 1142 863; x_wconf 81' lang='lat' dir='ltr'><strong>additi</strong></span> <span class='ocrx_word' id='word_1_437' title='bbox 1153 814 1212 863; x_wconf 89' lang='lat' dir='ltr'><strong>suut</strong></span> <span class='ocrx_word' id='word_1_438' title='bbox 1222 825 1268 876; x_wconf 91' lang='lat' dir='ltr'><strong>pro</strong></span> <span class='ocrx_word' id='word_1_439' title='bbox 1285 813 1359 860; x_wconf 75' lang='lat' dir='ltr'><strong>aetate</strong></span> <span class='ocrx_word' id='word_1_440' title='bbox 1376 807 1514 869; x_wconf 80' lang='lat' dir='ltr'>distributi,</span> <span class='ocrx_word' id='word_1_441' title='bbox 1528 808 1563 858; x_wconf 88' lang='lat' dir='ltr'>ita</span> <span class='ocrx_word' id='word_1_442' title='bbox 1576 812 1604 859; x_wconf 95' lang='lat' dir='ltr'>ut</span> <span class='ocrx_word' id='word_1_443' title='bbox 1615 810 1784 861; x_wconf 86' lang='lat' dir='ltr'><strong>centuriarum</strong></span> <span class='ocrx_word' id='word_1_444' title='bbox 1795 823 1845 861; x_wconf 90' lang='lat' dir='ltr'>una</span> 
     </span>
     <span class='ocr_line' id='line_1_61' title="bbox 1066 889 1844 954; baseline -0.006 -10"><span class='ocrx_word' id='word_1_445' title='bbox 1066 895 1186 953; x_wconf 77' lang='lat' dir='ltr'>seniores,</span> <span class='ocrx_word' id='word_1_446' title='bbox 1213 891 1290 941; x_wconf 83' lang='lat' dir='ltr'><strong>ultera</strong></span> <span class='ocrx_word' id='word_1_447' title='bbox 1313 889 1423 941; x_wconf 87' lang='lat' dir='ltr'><strong>iuniores</strong></span> <span class='ocrx_word' id='word_1_448' title='bbox 1449 892 1602 954; x_wconf 76' lang='lat' dir='ltr'>sequeretur.</span> <span class='ocrx_word' id='word_1_449' title='bbox 1634 889 1757 940; x_wconf 82' lang='lat' dir='ltr'><strong>Tibicines</strong></span> <span class='ocrx_word' id='word_1_450' title='bbox 1783 902 1844 940; x_wconf 82' lang='lat' dir='ltr'><strong>rere</strong></span> 
     </span>
     <span class='ocr_line' id='line_1_62' title="bbox 1065 966 1844 1037; baseline -0.006 -14"><span class='ocrx_word' id='word_1_451' title='bbox 1065 976 1091 1023; x_wconf 87' lang='lat' dir='ltr'>et</span> <span class='ocrx_word' id='word_1_452' title='bbox 1106 966 1280 1023; x_wconf 87' lang='lat' dir='ltr'><strong>cornicinesin</strong></span> <span class='ocrx_word' id='word_1_453' title='bbox 1297 975 1386 1037; x_wconf 84' lang='lat' dir='ltr'><strong>quarta</strong></span> <span class='ocrx_word' id='word_1_454' title='bbox 1400 969 1478 1019; x_wconf 84' lang='lat' dir='ltr'><strong>classe</strong></span> <span class='ocrx_word' id='word_1_455' title='bbox 1492 968 1604 1020; x_wconf 87' lang='lat' dir='ltr'><strong>collocati</strong></span> <span class='ocrx_word' id='word_1_456' title='bbox 1623 973 1688 1021; x_wconf 88' lang='lat' dir='ltr'><strong>suot.</strong></span> <span class='ocrx_word' id='word_1_457' title='bbox 1719 972 1800 1033; x_wconf 79' lang='lat' dir='ltr'><strong>litque</strong></span> <span class='ocrx_word' id='word_1_458' title='bbox 1817 967 1844 1019; x_wconf 86' lang='lat' dir='ltr'>tri</span> 
     </span>
     <span class='ocr_line' id='line_1_63' title="bbox 1065 1048 1845 1118; baseline -0.008 -15"><span class='ocrx_word' id='word_1_459' title='bbox 1065 1066 1164 1118; x_wconf 89' lang='lat' dir='ltr'><strong>quoque</strong></span> <span class='ocrx_word' id='word_1_460' title='bbox 1176 1053 1202 1102; x_wconf 89' lang='lat' dir='ltr'>iu</span> <span class='ocrx_word' id='word_1_461' title='bbox 1216 1052 1279 1102; x_wconf 93' lang='lat' dir='ltr'><strong>duas</strong></span> <span class='ocrx_word' id='word_1_462' title='bbox 1291 1050 1413 1103; x_wconf 85' lang='lat' dir='ltr'><strong>centurius</strong></span> <span class='ocrx_word' id='word_1_463' title='bbox 1431 1048 1505 1100; x_wconf 85' lang='lat' dir='ltr'><strong>divisi</strong></span> <span class='ocrx_word' id='word_1_464' title='bbox 1516 1053 1600 1109; x_wconf 84' lang='lat' dir='ltr'><strong>erunt,</strong></span> <span class='ocrx_word' id='word_1_465' title='bbox 1617 1063 1692 1099; x_wconf 87' lang='lat' dir='ltr'><strong>unum</strong></span> <span class='ocrx_word' id='word_1_466' title='bbox 1703 1050 1828 1100; x_wconf 84' lang='lat' dir='ltr'><strong>seniorum</strong></span> <span class='ocrx_word' id='word_1_467' title='bbox 1836 1085 1845 1111; x_wconf 95' lang='lat'><strong>,</strong></span> 
     </span>
     <span class='ocr_line' id='line_1_64' title="bbox 1066 1126 1882 1184; baseline -0.006 -1"><span class='ocrx_word' id='word_1_468' title='bbox 1066 1134 1168 1184; x_wconf 87' lang='lat' dir='ltr'><strong>alteram</strong></span> <span class='ocrx_word' id='word_1_469' title='bbox 1200 1132 1333 1183; x_wconf 90' lang='lat' dir='ltr'><strong>iuniorum.</strong></span> <span class='ocrx_word' id='word_1_470' title='bbox 1368 1131 1531 1182; x_wconf 77' lang='lat' dir='ltr'><strong>centuriones</strong></span> <span class='ocrx_word' id='word_1_471' title='bbox 1555 1133 1640 1180; x_wconf 87' lang='lat' dir='ltr'><strong>aulem</strong></span> <span class='ocrx_word' id='word_1_472' title='bbox 1670 1143 1700 1179; x_wconf 78' lang='lat' dir='ltr'>es</span> <span class='ocrx_word' id='word_1_473' title='bbox 1730 1129 1845 1180; x_wconf 90' lang='lat' dir='ltr'><strong>omnibus</strong></span> <span class='ocrx_word' id='word_1_474' title='bbox 1876 1126 1882 1135; x_wconf 84' lang='lat'><em>&#39;</em></span> 
     </span>
     <span class='ocr_line' id='line_1_65' title="bbox 1068 1208 1845 1272; baseline -0.003 -13"><span class='ocrx_word' id='word_1_475' title='bbox 1068 1211 1133 1271; x_wconf 91' lang='lat' dir='ltr'><strong>teeti,</strong></span> <span class='ocrx_word' id='word_1_476' title='bbox 1154 1210 1286 1262; x_wconf 72' lang='lat' dir='ltr'><strong>bellatores</strong></span> <span class='ocrx_word' id='word_1_477' title='bbox 1300 1209 1426 1260; x_wconf 88' lang='lat' dir='ltr'><strong>tortissimi</strong></span> <span class='ocrx_word' id='word_1_478' title='bbox 1444 1208 1560 1259; x_wconf 88' lang='lat' dir='ltr'><strong>centuriis</strong></span> <span class='ocrx_word' id='word_1_479' title='bbox 1580 1208 1690 1272; x_wconf 82' lang='lat' dir='ltr'><strong>praelectl</strong></span> <span class='ocrx_word' id='word_1_480' title='bbox 1710 1212 1784 1266; x_wconf 89' lang='lat' dir='ltr'><strong>suut,</strong></span> <span class='ocrx_word' id='word_1_481' title='bbox 1803 1208 1845 1272; x_wconf 82' lang='lat' dir='ltr'>qui</span> 
     </span>
     <span class='ocr_line' id='line_1_66' title="bbox 1068 1285 1846 1354; baseline -0.004 -14"><span class='ocrx_word' id='word_1_482' title='bbox 1068 1303 1128 1340; x_wconf 87' lang='lat' dir='ltr'><strong>suas</strong></span> <span class='ocrx_word' id='word_1_483' title='bbox 1150 1291 1242 1354; x_wconf 84' lang='lat' dir='ltr'><strong>quique</strong></span> <span class='ocrx_word' id='word_1_484' title='bbox 1261 1288 1386 1339; x_wconf 85' lang='lat' dir='ltr'><strong>centurias</strong></span> <span class='ocrx_word' id='word_1_485' title='bbox 1399 1286 1527 1351; x_wconf 84' lang='lat' dir='ltr'><strong>imperatis</strong></span> <span class='ocrx_word' id='word_1_486' title='bbox 1542 1286 1743 1351; x_wconf 84' lang='lat' dir='ltr'><strong>obtemperantes</strong></span> <span class='ocrx_word' id='word_1_487' title='bbox 1757 1285 1846 1337; x_wconf 91' lang='lat' dir='ltr'><strong>redde·</strong></span> 
     </span>
     <span class='ocr_line' id='line_1_67' title="bbox 1068 1369 1135 1419; baseline 0.015 -1"><span class='ocrx_word' id='word_1_488' title='bbox 1068 1369 1135 1419; x_wconf 89' lang='lat' dir='ltr'><strong>bant.</strong></span> 
     </span>
    </p>
   </div>
   <div class='ocr_carea' id='block_1_6' title="bbox 1067 1453 1850 2698">
    <p class='ocr_par' dir='ltr' id='par_1_8' title="bbox 1067 1453 1850 2698">
     <span class='ocr_line' id='line_1_68' title="bbox 1098 1453 1846 1522; baseline -0.005 -14"><span class='ocrx_word' id='word_1_489' title='bbox 1098 1460 1186 1510; x_wconf 82' lang='lat' dir='ltr'><strong>xvtll.</strong></span> <span class='ocrx_word' id='word_1_490' title='bbox 1212 1461 1265 1508; x_wconf 89' lang='lat' dir='ltr'><strong>lloc</strong></span> <span class='ocrx_word' id='word_1_491' title='bbox 1283 1457 1358 1522; x_wconf 74' lang='lat' dir='ltr'><strong>igitm</strong></span> <span class='ocrx_word' id='word_1_492' title='bbox 1377 1456 1453 1507; x_wconf 88' lang='lat' dir='ltr'><strong>modo</strong></span> <span class='ocrx_word' id='word_1_493' title='bbox 1472 1455 1609 1507; x_wconf 80' lang='lat' dir='ltr'><strong>exercitum</strong></span> <span class='ocrx_word' id='word_1_494' title='bbox 1631 1454 1784 1520; x_wconf 85' lang='lat' dir='ltr'><strong>pedestrem,</strong></span> <span class='ocrx_word' id='word_1_495' title='bbox 1802 1453 1846 1518; x_wconf 77' lang='lat' dir='ltr'>qui</span> 
     </span>
     <span class='ocr_line' id='line_1_69' title="bbox 1067 1551 1844 1618; baseline -0.006 -11"><span class='ocrx_word' id='word_1_496' title='bbox 1067 1557 1196 1607; x_wconf 72' lang='lat' dir='ltr'><strong>constabat</strong></span> <span class='ocrx_word' id='word_1_497' title='bbox 1204 1570 1236 1607; x_wconf 79' lang='lat' dir='ltr'>ex</span> <span class='ocrx_word' id='word_1_498' title='bbox 1248 1554 1386 1618; x_wconf 70' lang='lat' dir='ltr'><strong>legionariis</strong></span> <span class='ocrx_word' id='word_1_499' title='bbox 1395 1557 1421 1605; x_wconf 85' lang='lat' dir='ltr'>et</span> <span class='ocrx_word' id='word_1_500' title='bbox 1438 1554 1499 1605; x_wconf 83' lang='lat' dir='ltr'><strong>teris</strong></span> <span class='ocrx_word' id='word_1_501' title='bbox 1508 1556 1640 1603; x_wconf 70' lang='lat' dir='ltr'><strong>armaturea</strong></span> <span class='ocrx_word' id='word_1_502' title='bbox 1653 1551 1772 1602; x_wconf 88' lang='lat' dir='ltr'><strong>militibus</strong></span> <span class='ocrx_word' id='word_1_503' title='bbox 1780 1589 1786 1613; x_wconf 85' lang='lat'><strong>,</strong></span> <span class='ocrx_word' id='word_1_504' title='bbox 1794 1551 1844 1602; x_wconf 90' lang='lat' dir='ltr'><strong>ins·</strong></span> 
     </span>
     <span class='ocr_line' id='line_1_70' title="bbox 1067 1647 1847 1718; baseline -0.004 -14"><span class='ocrx_word' id='word_1_505' title='bbox 1067 1654 1157 1705; x_wconf 77' lang='lat' dir='ltr'><strong>trusit.</strong></span> <span class='ocrx_word' id='word_1_506' title='bbox 1191 1655 1310 1718; x_wconf 78' lang='lat' dir='ltr'><strong>Equitum</strong></span> <span class='ocrx_word' id='word_1_507' title='bbox 1327 1667 1385 1705; x_wconf 87' lang='lat' dir='ltr'><strong>rero</strong></span> <span class='ocrx_word' id='word_1_508' title='bbox 1395 1653 1513 1704; x_wconf 89' lang='lat' dir='ltr'><strong>dilectum</strong></span> <span class='ocrx_word' id='word_1_509' title='bbox 1521 1647 1648 1702; x_wconf 75' lang='lat' dir='ltr'><strong>babuite&#39;x</strong></span> <span class='ocrx_word' id='word_1_510' title='bbox 1662 1651 1727 1713; x_wconf 88' lang='lat' dir='ltr'><strong>illis,</strong></span> <span class='ocrx_word' id='word_1_511' title='bbox 1739 1664 1847 1715; x_wconf 88' lang='lat' dir='ltr'><strong>quorum</strong></span> 
     </span>
     <span class='ocr_line' id='line_1_71' title="bbox 1068 1747 1842 1814; baseline -0.003 -13"><span class='ocrx_word' id='word_1_512' title='bbox 1068 1750 1190 1801; x_wconf 85' lang='lat' dir='ltr'><strong>maximus</strong></span> <span class='ocrx_word' id='word_1_513' title='bbox 1200 1753 1255 1801; x_wconf 84' lang='lat' dir='ltr'><strong>eret</strong></span> <span class='ocrx_word' id='word_1_514' title='bbox 1264 1763 1366 1812; x_wconf 87' lang='lat' dir='ltr'><strong>census,</strong></span> <span class='ocrx_word' id='word_1_515' title='bbox 1376 1750 1469 1814; x_wconf 88' lang='lat' dir='ltr'><strong>quique</strong></span> <span class='ocrx_word' id='word_1_516' title='bbox 1480 1762 1567 1813; x_wconf 74' lang='lat' dir='ltr'><strong>genere</strong></span> <span class='ocrx_word' id='word_1_517' title='bbox 1582 1749 1782 1800; x_wconf 89' lang='lat' dir='ltr'><strong>illustrcserant:</strong></span> <span class='ocrx_word' id='word_1_518' title='bbox 1796 1747 1842 1799; x_wconf 88' lang='lat' dir='ltr'>bos</span> 
     </span>
     <span class='ocr_line' id='line_1_72' title="bbox 1067 1842 1846 1909; baseline -0.001 -13"><span class='ocrx_word' id='word_1_519' title='bbox 1067 1845 1152 1896; x_wconf 86' lang='lat' dir='ltr'><strong>divisit</strong></span> <span class='ocrx_word' id='word_1_520' title='bbox 1161 1846 1186 1896; x_wconf 93' lang='lat' dir='ltr'>in</span> <span class='ocrx_word' id='word_1_521' title='bbox 1193 1844 1374 1897; x_wconf 87' lang='lat' dir='ltr'><strong>decemetocto</strong></span> <span class='ocrx_word' id='word_1_522' title='bbox 1385 1845 1519 1906; x_wconf 87' lang='lat' dir='ltr'><strong>centurius,</strong></span> <span class='ocrx_word' id='word_1_523' title='bbox 1526 1857 1617 1909; x_wconf 75' lang='lat' dir='ltr'><strong>easque</strong></span> <span class='ocrx_word' id='word_1_524' title='bbox 1626 1843 1712 1908; x_wconf 88' lang='lat' dir='ltr'><strong>primis</strong></span> <span class='ocrx_word' id='word_1_525' title='bbox 1719 1842 1768 1893; x_wconf 89' lang='lat' dir='ltr'><strong>illis</strong></span> <span class='ocrx_word' id='word_1_526' title='bbox 1773 1845 1846 1895; x_wconf 84' lang='lat' dir='ltr'><strong>octo·</strong></span> 
     </span>
     <span class='ocr_line' id='line_1_73' title="bbox 1068 1941 1847 2010; baseline -0.004 -16"><span class='ocrx_word' id='word_1_527' title='bbox 1068 1945 1134 2010; x_wconf 76' lang='lat' dir='ltr'><strong>ginta</strong></span> <span class='ocrx_word' id='word_1_528' title='bbox 1143 1943 1331 2008; x_wconf 77' lang='lat' dir='ltr'><strong>legionariorum</strong></span> <span class='ocrx_word' id='word_1_529' title='bbox 1342 1943 1460 1993; x_wconf 85' lang='lat' dir='ltr'><strong>centuriis</strong></span> <span class='ocrx_word' id='word_1_530' title='bbox 1470 1941 1590 1992; x_wconf 82' lang='lat' dir='ltr'><strong>adiunxit.</strong></span> <span class='ocrx_word' id='word_1_531' title='bbox 1623 1942 1753 1993; x_wconf 81' lang='lat' dir='ltr'><strong>Habebam</strong></span> <span class='ocrx_word' id='word_1_532' title='bbox 1763 1945 1847 1992; x_wconf 86' lang='lat' dir='ltr'><strong>aulem</strong></span> 
     </span>
     <span class='ocr_line' id='line_1_74' title="bbox 1068 2040 1848 2106; baseline -0.004 -12"><span class='ocrx_word' id='word_1_533' title='bbox 1068 2044 1108 2094; x_wconf 80' lang='lat' dir='ltr'><strong>hm</strong></span> <span class='ocrx_word' id='word_1_534' title='bbox 1124 2057 1224 2106; x_wconf 86' lang='lat' dir='ltr'><strong>quoque</strong></span> <span class='ocrx_word' id='word_1_535' title='bbox 1243 2040 1397 2092; x_wconf 76' lang='lat' dir='ltr'><strong>centuriones</strong></span> <span class='ocrx_word' id='word_1_536' title='bbox 1416 2040 1485 2090; x_wconf 82' lang='lat' dir='ltr'><strong>viros</strong></span> <span class='ocrx_word' id='word_1_537' title='bbox 1511 2040 1699 2092; x_wconf 85' lang='lat' dir='ltr'><strong>illustrissimos.</strong></span> <span class='ocrx_word' id='word_1_538' title='bbox 1731 2040 1848 2104; x_wconf 86' lang='lat' dir='ltr'><strong>Reliquos</strong></span> 
     </span>
     <span class='ocr_line' id='line_1_75' title="bbox 1069 2135 1848 2204; baseline -0.004 -13"><span class='ocrx_word' id='word_1_539' title='bbox 1069 2154 1129 2192; x_wconf 81' lang='lat' dir='ltr'><strong>vero</strong></span> <span class='ocrx_word' id='word_1_540' title='bbox 1141 2140 1223 2199; x_wconf 84' lang='lat' dir='ltr'><strong>eires,</strong></span> <span class='ocrx_word' id='word_1_541' title='bbox 1236 2151 1342 2204; x_wconf 88' lang='lat' dir='ltr'><strong>quorum</strong></span> <span class='ocrx_word' id='word_1_542' title='bbox 1354 2150 1445 2186; x_wconf 88' lang='lat' dir='ltr'><strong>census</strong></span> <span class='ocrx_word' id='word_1_543' title='bbox 1463 2139 1516 2188; x_wconf 88' lang='lat' dir='ltr'><strong>erat</strong></span> <span class='ocrx_word' id='word_1_544' title='bbox 1530 2136 1611 2187; x_wconf 91' lang='lat' dir='ltr'><strong>minor</strong></span> <span class='ocrx_word' id='word_1_545' title='bbox 1627 2135 1758 2187; x_wconf 75' lang='lat' dir='ltr'><strong>duodecim</strong></span> <span class='ocrx_word' id='word_1_546' title='bbox 1774 2136 1848 2188; x_wconf 90' lang='lat' dir='ltr'><strong>minis</strong></span> 
     </span>
     <span class='ocr_line' id='line_1_76' title="bbox 1067 2236 1846 2304; baseline -0.008 -11"><span class='ocrx_word' id='word_1_547' title='bbox 1067 2245 1094 2293; x_wconf 91' lang='lat' dir='ltr'>at</span> <span class='ocrx_word' id='word_1_548' title='bbox 1103 2241 1217 2303; x_wconf 86' lang='lat' dir='ltr'><strong>dimidia,</strong></span> <span class='ocrx_word' id='word_1_549' title='bbox 1227 2251 1377 2304; x_wconf 86' lang='lat' dir='ltr'><strong>quemquem</strong></span> <span class='ocrx_word' id='word_1_550' title='bbox 1389 2251 1492 2288; x_wconf 83' lang='lat' dir='ltr'><strong>nomem</strong></span> <span class='ocrx_word' id='word_1_551' title='bbox 1505 2236 1608 2300; x_wconf 86' lang='lat' dir='ltr'><strong>reliquis</strong></span> <span class='ocrx_word' id='word_1_552' title='bbox 1615 2236 1752 2300; x_wconf 86' lang='lat' dir='ltr'><strong>superiores</strong></span> <span class='ocrx_word' id='word_1_553' title='bbox 1761 2240 1846 2297; x_wconf 88' lang='lat' dir='ltr'><strong>erant,</strong></span> 
     </span>
     <span class='ocr_line' id='line_1_77' title="bbox 1068 2333 1850 2397; baseline -0.013 -5"><span class='ocrx_word' id='word_1_554' title='bbox 1068 2353 1153 2392; x_wconf 86' lang='lat' dir='ltr'><strong>ornnes</strong></span> <span class='ocrx_word' id='word_1_555' title='bbox 1168 2339 1192 2388; x_wconf 92' lang='lat' dir='ltr'>ln</span> <span class='ocrx_word' id='word_1_556' title='bbox 1210 2351 1286 2388; x_wconf 85' lang='lat' dir='ltr'><strong>unum</strong></span> <span class='ocrx_word' id='word_1_557' title='bbox 1298 2337 1437 2388; x_wconf 86' lang='lat' dir='ltr'><strong>centuriam</strong></span> <span class='ocrx_word' id='word_1_558' title='bbox 1446 2334 1566 2396; x_wconf 87' lang='lat' dir='ltr'><strong>eontulit,</strong></span> <span class='ocrx_word' id='word_1_559' title='bbox 1580 2336 1606 2385; x_wconf 88' lang='lat' dir='ltr'>et</span> <span class='ocrx_word' id='word_1_560' title='bbox 1613 2333 1708 2385; x_wconf 76' lang='lat' dir='ltr'><strong>militie</strong></span> <span class='ocrx_word' id='word_1_561' title='bbox 1715 2336 1791 2397; x_wconf 87' lang='lat' dir='ltr'><strong>utque</strong></span> <span class='ocrx_word' id='word_1_562' title='bbox 1799 2347 1850 2383; x_wconf 86' lang='lat' dir='ltr'><strong>om·</strong></span> 
     </span>
     <span class='ocr_line' id='line_1_78' title="bbox 1069 2429 1849 2492; baseline -0.008 -5"><span class='ocrx_word' id='word_1_563' title='bbox 1069 2437 1138 2487; x_wconf 90' lang='lat' dir='ltr'><strong>nium</strong></span> <span class='ocrx_word' id='word_1_564' title='bbox 1163 2435 1314 2486; x_wconf 87' lang='lat' dir='ltr'><strong>tributorum</strong></span> <span class='ocrx_word' id='word_1_565' title='bbox 1333 2433 1456 2484; x_wconf 88' lang='lat' dir='ltr'><strong>immunes</strong></span> <span class='ocrx_word' id='word_1_566' title='bbox 1475 2432 1542 2483; x_wconf 81' lang='lat' dir='ltr'><strong>tecit</strong></span> <span class='ocrx_word' id='word_1_567' title='bbox 1575 2432 1687 2481; x_wconf 79' lang='lat' dir='ltr'><strong>Fuerunt</strong></span> <span class='ocrx_word' id='word_1_568' title='bbox 1712 2429 1785 2492; x_wconf 74' lang='lat' dir='ltr'><strong>igitur</strong></span> <span class='ocrx_word' id='word_1_569' title='bbox 1807 2442 1849 2481; x_wconf 82' lang='lat' dir='ltr'>sex</span> 
     </span>
     <span class='ocr_line' id='line_1_79' title="bbox 1070 2528 1848 2599; baseline -0.009 -15"><span class='ocrx_word' id='word_1_570' title='bbox 1070 2535 1209 2599; x_wconf 77' lang='grc' dir='ltr'>συμμορίαι,</span> <span class='ocrx_word' id='word_1_571' title='bbox 1236 2544 1299 2596; x_wconf 87' lang='lat' dir='ltr'><strong>quus</strong></span> <span class='ocrx_word' id='word_1_572' title='bbox 1315 2531 1420 2581; x_wconf 80' lang='lat' dir='ltr'><strong>Romani</strong></span> <span class='ocrx_word' id='word_1_573' title='bbox 1431 2531 1523 2579; x_wconf 79' lang='lat' dir='ltr'><strong>classes</strong></span> <span class='ocrx_word' id='word_1_574' title='bbox 1542 2530 1648 2588; x_wconf 85' lang='lat' dir='ltr'><strong>vocant,</strong></span> <span class='ocrx_word' id='word_1_575' title='bbox 1671 2528 1788 2578; x_wconf 80' lang='lat' dir='ltr'><strong>vocabuli</strong></span> <span class='ocrx_word' id='word_1_576' title='bbox 1803 2541 1848 2591; x_wconf 86' lang='lat' dir='ltr'>op·</span> 
     </span>
     <span class='ocr_line' id='line_1_80' title="bbox 1070 2624 1850 2698; baseline -0.009 -16"><span class='ocrx_word' id='word_1_577' title='bbox 1070 2631 1199 2698; x_wconf 75' lang='lat' dir='ltr'><strong>pollutione</strong></span> <span class='ocrx_word' id='word_1_578' title='bbox 1209 2631 1318 2681; x_wconf 78' lang='lat' dir='ltr'><strong>aGrmoo</strong></span> <span class='ocrx_word' id='word_1_579' title='bbox 1330 2626 1426 2686; x_wconf 82' lang='grc' dir='ltr'>κλήσεις</span> <span class='ocrx_word' id='word_1_580' title='bbox 1436 2626 1550 2677; x_wconf 90' lang='lat' dir='ltr'><strong>deducta.</strong></span> <span class='ocrx_word' id='word_1_581' title='bbox 1585 2624 1696 2675; x_wconf 89' lang='lat' dir='ltr'><strong>verbum</strong></span> <span class='ocrx_word' id='word_1_582' title='bbox 1706 2625 1770 2675; x_wconf 79' lang='lat' dir='ltr'><strong>etaim</strong></span> <span class='ocrx_word' id='word_1_583' title='bbox 1782 2624 1850 2688; x_wconf 88' lang='lat' dir='ltr'><strong>quod</strong></span> 
     </span>
    </p>
   </div>
   <div class='ocr_carea' id='block_1_7' title="bbox 1070 2725 1851 3452">
    <p class='ocr_par' dir='ltr' id='par_1_9' title="bbox 1070 2725 1851 3452">
     <span class='ocr_line' id='line_1_81' title="bbox 1070 2725 1850 2797; baseline -0.009 -14"><span class='ocrx_word' id='word_1_584' title='bbox 1070 2747 1115 2783; x_wconf 91' lang='lat' dir='ltr'>nos</span> <span class='ocrx_word' id='word_1_585' title='bbox 1124 2746 1168 2797; x_wconf 91' lang='lat' dir='ltr'>per</span> <span class='ocrx_word' id='word_1_586' title='bbox 1177 2729 1313 2795; x_wconf 88' lang='lat' dir='ltr'><strong>imperandi</strong></span> <span class='ocrx_word' id='word_1_587' title='bbox 1324 2727 1424 2779; x_wconf 92' lang='lat' dir='ltr'><strong>modum</strong></span> <span class='ocrx_word' id='word_1_588' title='bbox 1435 2727 1567 2777; x_wconf 77' lang='lat' dir='ltr'><strong>torrentum</strong></span> <span class='ocrx_word' id='word_1_589' title='bbox 1584 2725 1712 2776; x_wconf 78' lang='lat' dir='ltr'><strong>efferimus</strong></span> <span class='ocrx_word' id='word_1_590' title='bbox 1725 2728 1800 2787; x_wconf 80' lang='grc' dir='ltr'>κάλει,</span> <span class='ocrx_word' id='word_1_591' title='bbox 1816 2726 1850 2777; x_wconf 92' lang='lat' dir='ltr'><strong>illi</strong></span> 
     </span>
     <span class='ocr_line' id='line_1_82' title="bbox 1071 2820 1850 2892; baseline -0.009 -15"><span class='ocrx_word' id='word_1_592' title='bbox 1071 2828 1211 2892; x_wconf 79' lang='lat' dir='ltr'><strong>exprimunt</strong></span> <span class='ocrx_word' id='word_1_593' title='bbox 1226 2838 1270 2889; x_wconf 90' lang='lat' dir='ltr'>per</span> <span class='ocrx_word' id='word_1_594' title='bbox 1283 2823 1387 2874; x_wconf 79' lang='lat' dir='ltr'><strong>verbum</strong></span> <span class='ocrx_word' id='word_1_595' title='bbox 1397 2822 1466 2883; x_wconf 84' lang='lat' dir='ltr'><strong>coto,</strong></span> <span class='ocrx_word' id='word_1_596' title='bbox 1475 2825 1500 2871; x_wconf 88' lang='lat' dir='ltr'>et</span> <span class='ocrx_word' id='word_1_597' title='bbox 1507 2820 1566 2871; x_wconf 89' lang='lat' dir='ltr'><strong>olim</strong></span> <span class='ocrx_word' id='word_1_598' title='bbox 1579 2833 1626 2886; x_wconf 88' lang='lat' dir='ltr'><strong>pro</strong></span> <span class='ocrx_word' id='word_1_599' title='bbox 1635 2821 1733 2871; x_wconf 81' lang='lat' dir='ltr'><strong>classes</strong></span> <span class='ocrx_word' id='word_1_600' title='bbox 1743 2832 1850 2880; x_wconf 81' lang='lat' dir='ltr'><strong>pronun·</strong></span> 
     </span>
     <span class='ocr_line' id='line_1_83' title="bbox 1071 2916 1850 2979; baseline -0.013 -5"><span class='ocrx_word' id='word_1_601' title='bbox 1071 2925 1165 2974; x_wconf 80' lang='lat' dir='ltr'><strong>liabent</strong></span> <span class='ocrx_word' id='word_1_602' title='bbox 1184 2922 1292 2973; x_wconf 79' lang='lat' dir='ltr'><strong>cotosm.</strong></span> <span class='ocrx_word' id='word_1_603' title='bbox 1307 2918 1429 2969; x_wconf 76' lang='lat' dir='ltr'><strong>centurius</strong></span> <span class='ocrx_word' id='word_1_604' title='bbox 1446 2930 1521 2978; x_wconf 87' lang='lat' dir='ltr'><strong>vcro,</strong></span> <span class='ocrx_word' id='word_1_605' title='bbox 1539 2929 1603 2979; x_wconf 87' lang='lat' dir='ltr'><strong>quas</strong></span> <span class='ocrx_word' id='word_1_606' title='bbox 1615 2916 1669 2966; x_wconf 80' lang='lat' dir='ltr'><strong>istu</strong></span> <span class='ocrx_word' id='word_1_607' title='bbox 1684 2916 1775 2966; x_wconf 84' lang='lat' dir='ltr'><strong>classes</strong></span> <span class='ocrx_word' id='word_1_608' title='bbox 1791 2928 1850 2965; x_wconf 90' lang='lat' dir='ltr'><strong>con·</strong></span> 
     </span>
     <span class='ocr_line' id='line_1_84' title="bbox 1070 3004 1849 3074; baseline -0.012 -8"><span class='ocrx_word' id='word_1_609' title='bbox 1070 3013 1188 3074; x_wconf 86' lang='lat' dir='ltr'><strong>tinebant,</strong></span> <span class='ocrx_word' id='word_1_610' title='bbox 1203 3015 1272 3063; x_wconf 81' lang='lat' dir='ltr'><strong>erant</strong></span> <span class='ocrx_word' id='word_1_611' title='bbox 1282 3025 1373 3070; x_wconf 76' lang='grc' dir='ltr'>σεσειις</span> <span class='ocrx_word' id='word_1_612' title='bbox 1387 3014 1462 3074; x_wconf 85' lang='lat' dir='ltr'><strong>atque</strong></span> <span class='ocrx_word' id='word_1_613' title='bbox 1476 3009 1665 3073; x_wconf 83' lang='lat' dir='ltr'><strong>primoquidem</strong></span> <span class='ocrx_word' id='word_1_614' title='bbox 1676 3009 1761 3059; x_wconf 75' lang='lat' dir='ltr'><strong>eleusis</strong></span> <span class='ocrx_word' id='word_1_615' title='bbox 1771 3004 1849 3058; x_wconf 69' lang='lat' dir='ltr'><strong>couti</strong></span> 
     </span>
     <span class='ocr_line' id='line_1_85' title="bbox 1070 3102 1849 3169; baseline -0.013 -8"><span class='ocrx_word' id='word_1_616' title='bbox 1070 3110 1145 3163; x_wconf 82' lang='lat' dir='ltr'><strong>nebat</strong></span> <span class='ocrx_word' id='word_1_617' title='bbox 1159 3121 1208 3158; x_wconf 90' lang='lat' dir='ltr'>uua</span> <span class='ocrx_word' id='word_1_618' title='bbox 1221 3121 1278 3156; x_wconf 88' lang='lat' dir='ltr'>eum</span> <span class='ocrx_word' id='word_1_619' title='bbox 1293 3103 1419 3169; x_wconf 89' lang='lat' dir='ltr'><strong>equitibus</strong></span> <span class='ocrx_word' id='word_1_620' title='bbox 1434 3103 1565 3166; x_wconf 80' lang='lat' dir='ltr'><strong>nonaginta</strong></span> <span class='ocrx_word' id='word_1_621' title='bbox 1577 3106 1634 3152; x_wconf 89' lang='lat' dir='ltr'><strong>octo</strong></span> <span class='ocrx_word' id='word_1_622' title='bbox 1648 3102 1773 3153; x_wconf 86' lang='lat' dir='ltr'><strong>centurias</strong></span> <span class='ocrx_word' id='word_1_623' title='bbox 1790 3114 1849 3153; x_wconf 86' lang='lat' dir='ltr'><strong>:sa-</strong></span> 
     </span>
     <span class='ocr_line' id='line_1_86' title="bbox 1070 3196 1849 3265; baseline -0.012 -10"><span class='ocrx_word' id='word_1_624' title='bbox 1070 3203 1151 3255; x_wconf 88' lang='lat' dir='ltr'><strong>cunda</strong></span> <span class='ocrx_word' id='word_1_625' title='bbox 1166 3200 1250 3265; x_wconf 77' lang='lat' dir='ltr'><strong>uiginti</strong></span> <span class='ocrx_word' id='word_1_626' title='bbox 1269 3204 1295 3250; x_wconf 92' lang='lat' dir='ltr'><strong>ct</strong></span> <span class='ocrx_word' id='word_1_627' title='bbox 1317 3199 1381 3249; x_wconf 83' lang='lat' dir='ltr'><strong>duos</strong></span> <span class='ocrx_word' id='word_1_628' title='bbox 1393 3212 1453 3248; x_wconf 89' lang='lat' dir='ltr'>cum</span> <span class='ocrx_word' id='word_1_629' title='bbox 1475 3196 1605 3261; x_wconf 84' lang='lat' dir='ltr'><strong>opificibus</strong></span> <span class='ocrx_word' id='word_1_630' title='bbox 1619 3217 1626 3246; x_wconf 77' lang='grc' dir='ltr'>ι</span> <span class='ocrx_word' id='word_1_631' title='bbox 1640 3196 1714 3248; x_wconf 85' lang='lat' dir='ltr'><strong>tertia</strong></span> <span class='ocrx_word' id='word_1_632' title='bbox 1736 3196 1821 3261; x_wconf 77' lang='lat' dir='ltr'><strong>viginti</strong></span> <span class='ocrx_word' id='word_1_633' title='bbox 1841 3212 1849 3246; x_wconf 83' lang='grc' dir='ltr'>ι</span> 
     </span>
     <span class='ocr_line' id='line_1_87' title="bbox 1070 3289 1849 3362; baseline -0.015 -13"><span class='ocrx_word' id='word_1_634' title='bbox 1070 3299 1158 3362; x_wconf 86' lang='lat' dir='ltr'><strong>quarte</strong></span> <span class='ocrx_word' id='word_1_635' title='bbox 1171 3308 1269 3345; x_wconf 89' lang='lat' dir='ltr'><strong>rursum</strong></span> <span class='ocrx_word' id='word_1_636' title='bbox 1281 3292 1368 3356; x_wconf 81' lang='lat' dir='ltr'><strong>uiginti</strong></span> <span class='ocrx_word' id='word_1_637' title='bbox 1385 3295 1410 3343; x_wconf 92' lang='lat' dir='ltr'><strong>ct</strong></span> <span class='ocrx_word' id='word_1_638' title='bbox 1421 3291 1484 3342; x_wconf 87' lang='lat' dir='ltr'><strong>duas</strong></span> <span class='ocrx_word' id='word_1_639' title='bbox 1493 3304 1551 3340; x_wconf 89' lang='lat' dir='ltr'>cum</span> <span class='ocrx_word' id='word_1_640' title='bbox 1566 3289 1711 3340; x_wconf 88' lang='lat' dir='ltr'><strong>tibicinibus</strong></span> <span class='ocrx_word' id='word_1_641' title='bbox 1728 3294 1753 3339; x_wconf 91' lang='lat' dir='ltr'>et</span> <span class='ocrx_word' id='word_1_642' title='bbox 1768 3289 1849 3341; x_wconf 88' lang='lat' dir='ltr'><strong>comi·</strong></span> 
     </span>
     <span class='ocr_line' id='line_1_88' title="bbox 1070 3382 1851 3452; baseline -0.013 -10"><span class='ocrx_word' id='word_1_643' title='bbox 1070 3390 1166 3441; x_wconf 88' lang='lat' dir='ltr'><strong>ciuibus</strong></span> <span class='ocrx_word' id='word_1_644' title='bbox 1182 3408 1189 3437; x_wconf 76' lang='grc' dir='ltr'>ι</span> <span class='ocrx_word' id='word_1_645' title='bbox 1206 3388 1292 3452; x_wconf 85' lang='lat' dir='ltr'><strong>quinta</strong></span> <span class='ocrx_word' id='word_1_646' title='bbox 1302 3400 1362 3436; x_wconf 83' lang='lat' dir='ltr'><strong>vero</strong></span> <span class='ocrx_word' id='word_1_647' title='bbox 1372 3385 1470 3450; x_wconf 80' lang='lat' dir='ltr'><strong>triginta</strong></span> <span class='ocrx_word' id='word_1_648' title='bbox 1483 3383 1588 3434; x_wconf 75' lang='lat' dir='ltr'><strong>zultima</strong></span> <span class='ocrx_word' id='word_1_649' title='bbox 1601 3382 1698 3433; x_wconf 91' lang='lat' dir='ltr'><strong>unicam</strong></span> <span class='ocrx_word' id='word_1_650' title='bbox 1716 3395 1851 3446; x_wconf 81' lang='lat' dir='ltr'><strong>egenorum</strong></span> 
     </span>
    </p>
   </div>
   <div class='ocr_carea' id='block_1_8' title="bbox 1070 3485 1367 3541">
    <p class='ocr_par' dir='ltr' id='par_1_10' title="bbox 1070 3485 1367 3541">
     <span class='ocr_line' id='line_1_89' title="bbox 1070 3485 1367 3541; baseline -0.017 -1"><span class='ocrx_word' id='word_1_651' title='bbox 1070 3490 1206 3541; x_wconf 87' lang='lat' dir='ltr'><strong>centuriam</strong></span> <span class='ocrx_word' id='word_1_652' title='bbox 1218 3485 1367 3539; x_wconf 80' lang='lat' dir='ltr'><strong>continebat.</strong></span> 
     </span>
    </p>
   </div>
   <div class='ocr_carea' id='block_1_9' title="bbox 1071 3583 1897 5338">
    <p class='ocr_par' dir='ltr' id='par_1_11' title="bbox 1071 3583 1897 5338">
     <span class='ocr_line' id='line_1_90' title="bbox 1089 3583 1852 3647; baseline -0.009 -7"><span class='ocrx_word' id='word_1_653' title='bbox 1089 3586 1164 3640; x_wconf 66' lang='lat' dir='ltr'><strong>illl,</strong></span> <span class='ocrx_word' id='word_1_654' title='bbox 1179 3588 1225 3639; x_wconf 86' lang='lat' dir='ltr'><strong>llis</strong></span> <span class='ocrx_word' id='word_1_655' title='bbox 1239 3588 1275 3638; x_wconf 88' lang='lat' dir='ltr'>lta</span> <span class='ocrx_word' id='word_1_656' title='bbox 1285 3586 1420 3647; x_wconf 84' lang='lat' dir='ltr'><strong>ordinatis,</strong></span> <span class='ocrx_word' id='word_1_657' title='bbox 1433 3585 1539 3636; x_wconf 87' lang='lat' dir='ltr'><strong>militurn</strong></span> <span class='ocrx_word' id='word_1_658' title='bbox 1553 3583 1660 3635; x_wconf 86' lang='lat' dir='ltr'><strong>dilectus</strong></span> <span class='ocrx_word' id='word_1_659' title='bbox 1670 3597 1715 3647; x_wconf 88' lang='lat' dir='ltr'><strong>pro</strong></span> <span class='ocrx_word' id='word_1_660' title='bbox 1730 3583 1852 3635; x_wconf 88' lang='lat' dir='ltr'><strong>centuria·</strong></span> 
     </span>
     <span class='ocr_line' id='line_1_91' title="bbox 1072 3671 1897 3736; baseline -0.008 -9"><span class='ocrx_word' id='word_1_661' title='bbox 1072 3691 1127 3729; x_wconf 88' lang='lat' dir='ltr'>rum</span> <span class='ocrx_word' id='word_1_662' title='bbox 1139 3677 1231 3728; x_wconf 86' lang='lat' dir='ltr'><strong>ratione</strong></span> <span class='ocrx_word' id='word_1_663' title='bbox 1243 3675 1365 3735; x_wconf 85' lang='lat' dir='ltr'><strong>habebat,</strong></span> <span class='ocrx_word' id='word_1_664' title='bbox 1375 3676 1402 3725; x_wconf 93' lang='lat' dir='ltr'>et</span> <span class='ocrx_word' id='word_1_665' title='bbox 1411 3672 1512 3723; x_wconf 80' lang='lat' dir='ltr'><strong>&#39;tributa</strong></span> <span class='ocrx_word' id='word_1_666' title='bbox 1523 3685 1568 3736; x_wconf 89' lang='lat' dir='ltr'><strong>pro</strong></span> <span class='ocrx_word' id='word_1_667' title='bbox 1580 3672 1702 3736; x_wconf 82' lang='lat' dir='ltr'><strong>cuiusque</strong></span> <span class='ocrx_word' id='word_1_668' title='bbox 1718 3685 1794 3722; x_wconf 76' lang='lat' dir='ltr'><strong>censu</strong></span> <span class='ocrx_word' id='word_1_669' title='bbox 1802 3671 1849 3721; x_wconf 92' lang='lat' dir='ltr'>im·</span> <span class='ocrx_word' id='word_1_670' title='bbox 1894 3699 1897 3704; x_wconf 94' lang='lat'>-</span> 
     </span>
     <span class='ocr_line' id='line_1_92' title="bbox 1072 3762 1852 3832; baseline -0.006 -13"><span class='ocrx_word' id='word_1_671' title='bbox 1072 3768 1181 3832; x_wconf 87' lang='lat' dir='ltr'><strong>perabat.</strong></span> <span class='ocrx_word' id='word_1_672' title='bbox 1214 3765 1318 3824; x_wconf 83' lang='lat' dir='ltr'><strong>Quoties</strong></span> <span class='ocrx_word' id='word_1_673' title='bbox 1342 3764 1407 3814; x_wconf 90' lang='lat' dir='ltr'><strong>euim</strong></span> <span class='ocrx_word' id='word_1_674' title='bbox 1427 3763 1525 3827; x_wconf 85' lang='lat' dir='ltr'><strong>etopus</strong></span> <span class='ocrx_word' id='word_1_675' title='bbox 1545 3763 1634 3814; x_wconf 86' lang='lat' dir='ltr'><strong>luisset</strong></span> <span class='ocrx_word' id='word_1_676' title='bbox 1653 3762 1740 3814; x_wconf 86' lang='lat' dir='ltr'><strong>decem</strong></span> <span class='ocrx_word' id='word_1_677' title='bbox 1755 3763 1808 3821; x_wconf 82' lang='lat' dir='ltr'><strong>vel.</strong></span> <span class='ocrx_word' id='word_1_678' title='bbox 1829 3762 1852 3814; x_wconf 91' lang='lat' dir='ltr'>si</span> 
     </span>
     <span class='ocr_line' id='line_1_93' title="bbox 1073 3852 1852 3919; baseline -0.005 -12"><span class='ocrx_word' id='word_1_679' title='bbox 1073 3870 1114 3907; x_wconf 89' lang='lat' dir='ltr'>res</span> <span class='ocrx_word' id='word_1_680' title='bbox 1125 3856 1223 3906; x_wconf 89' lang='lat' dir='ltr'><strong>tulisset</strong></span> <span class='ocrx_word' id='word_1_681' title='bbox 1233 3853 1319 3919; x_wconf 72' lang='lat' dir='ltr'><strong>viginti</strong></span> <span class='ocrx_word' id='word_1_682' title='bbox 1326 3853 1433 3903; x_wconf 88' lang='lat' dir='ltr'><strong>militurn</strong></span> <span class='ocrx_word' id='word_1_683' title='bbox 1445 3852 1564 3915; x_wconf 91' lang='lat' dir='ltr'><strong>millibus,</strong></span> <span class='ocrx_word' id='word_1_684' title='bbox 1572 3852 1652 3903; x_wconf 82' lang='lat' dir='ltr'><strong>diviso</strong></span> <span class='ocrx_word' id='word_1_685' title='bbox 1664 3852 1786 3917; x_wconf 90' lang='lat' dir='ltr'><strong>populoiu</strong></span> <span class='ocrx_word' id='word_1_686' title='bbox 1797 3866 1852 3903; x_wconf 78' lang='lat' dir='ltr'>ceu</span> 
     </span>
     <span class='ocr_line' id='line_1_94' title="bbox 1071 3939 1852 4007; baseline -0.008 -13"><span class='ocrx_word' id='word_1_687' title='bbox 1071 3947 1126 3995; x_wconf 90' lang='lat' dir='ltr'>tum</span> <span class='ocrx_word' id='word_1_688' title='bbox 1143 3944 1275 4007; x_wconf 79' lang='lat' dir='ltr'><strong>nonaginta</strong></span> <span class='ocrx_word' id='word_1_689' title='bbox 1284 3946 1335 3992; x_wconf 89' lang='lat' dir='ltr'><strong>tres</strong></span> <span class='ocrx_word' id='word_1_690' title='bbox 1351 3942 1489 4002; x_wconf 83' lang='lat' dir='ltr'><strong>centurias,</strong></span> <span class='ocrx_word' id='word_1_691' title='bbox 1504 3954 1590 3991; x_wconf 86' lang='lat' dir='ltr'><strong>earum</strong></span> <span class='ocrx_word' id='word_1_692' title='bbox 1600 3952 1799 4003; x_wconf 84' lang='lat' dir='ltr'><strong>unamquamque</strong></span> <span class='ocrx_word' id='word_1_693' title='bbox 1810 3939 1852 3989; x_wconf 90' lang='lat' dir='ltr'>iu·</span> 
     </span>
     <span class='ocr_line' id='line_1_95' title="bbox 1072 4025 1851 4092; baseline -0.01 -10"><span class='ocrx_word' id='word_1_694' title='bbox 1072 4031 1146 4082; x_wconf 89' lang='lat' dir='ltr'><strong>bebet</strong></span> <span class='ocrx_word' id='word_1_695' title='bbox 1157 4030 1263 4082; x_wconf 88' lang='lat' dir='ltr'><strong>militum</strong></span> <span class='ocrx_word' id='word_1_696' title='bbox 1272 4043 1404 4079; x_wconf 89' lang='lat' dir='ltr'><strong>numamm</strong></span> <span class='ocrx_word' id='word_1_697' title='bbox 1416 4042 1461 4092; x_wconf 87' lang='lat' dir='ltr'><strong>pro</strong></span> <span class='ocrx_word' id='word_1_698' title='bbox 1474 4031 1527 4078; x_wconf 88' lang='lat' dir='ltr'><strong>ratu</strong></span> <span class='ocrx_word' id='word_1_699' title='bbox 1542 4030 1611 4092; x_wconf 86' lang='lat' dir='ltr'><strong>parte</strong></span> <span class='ocrx_word' id='word_1_700' title='bbox 1621 4025 1732 4090; x_wconf 76' lang='lat' dir='ltr'><strong>prebere</strong></span> <span class='ocrx_word' id='word_1_701' title='bbox 1746 4039 1851 4090; x_wconf 71' lang='lat' dir='ltr'><strong>zsump·</strong></span> 
     </span>
     <span class='ocr_line' id='line_1_96' title="bbox 1072 4114 1853 4171; baseline -0.006 0"><span class='ocrx_word' id='word_1_702' title='bbox 1072 4124 1114 4171; x_wconf 92' lang='lat' dir='ltr'>tus</span> <span class='ocrx_word' id='word_1_703' title='bbox 1127 4133 1188 4170; x_wconf 81' lang='lat' dir='ltr'><strong>uero</strong></span> <span class='ocrx_word' id='word_1_704' title='bbox 1197 4119 1321 4170; x_wconf 83' lang='lat' dir='ltr'><strong>iaciendos</strong></span> <span class='ocrx_word' id='word_1_705' title='bbox 1331 4120 1357 4169; x_wconf 90' lang='lat' dir='ltr'>in</span> <span class='ocrx_word' id='word_1_706' title='bbox 1368 4121 1523 4168; x_wconf 82' lang='lat' dir='ltr'><strong>commeatus</strong></span> <span class='ocrx_word' id='word_1_707' title='bbox 1534 4114 1640 4167; x_wconf 78' lang='lat' dir='ltr'><strong>milimm</strong></span> <span class='ocrx_word' id='word_1_708' title='bbox 1651 4114 1745 4166; x_wconf 88' lang='lat' dir='ltr'><strong>etalios</strong></span> <span class='ocrx_word' id='word_1_709' title='bbox 1752 4115 1853 4166; x_wconf 83' lang='lat' dir='ltr'><strong>lrellieos</strong></span> 
     </span>
     <span class='ocr_line' id='line_1_97' title="bbox 1072 4203 1853 4274; baseline -0.009 -14"><span class='ocrx_word' id='word_1_710' title='bbox 1072 4223 1141 4267; x_wconf 90' lang='lat' dir='ltr'><strong>usus,</strong></span> <span class='ocrx_word' id='word_1_711' title='bbox 1154 4211 1227 4274; x_wconf 88' lang='lat' dir='ltr'><strong>prout</strong></span> <span class='ocrx_word' id='word_1_712' title='bbox 1237 4222 1299 4272; x_wconf 91' lang='lat' dir='ltr'><strong>opus</strong></span> <span class='ocrx_word' id='word_1_713' title='bbox 1311 4206 1515 4265; x_wconf 73' lang='lat' dir='ltr'><strong>eratcoostitult3</strong></span> <span class='ocrx_word' id='word_1_714' title='bbox 1530 4205 1650 4256; x_wconf 75' lang='lat' dir='ltr'><strong>eteoclem</strong></span> <span class='ocrx_word' id='word_1_715' title='bbox 1658 4203 1733 4254; x_wconf 86' lang='lat' dir='ltr'><strong>modo</strong></span> <span class='ocrx_word' id='word_1_716' title='bbox 1740 4204 1853 4254; x_wconf 83' lang='lat' dir='ltr'><strong>dividens</strong></span> 
     </span>
     <span class='ocr_line' id='line_1_98' title="bbox 1073 4295 1853 4367; baseline -0.01 -15"><span class='ocrx_word' id='word_1_717' title='bbox 1073 4303 1190 4367; x_wconf 90' lang='lat' dir='ltr'><strong>populum</strong></span> <span class='ocrx_word' id='word_1_718' title='bbox 1202 4301 1226 4351; x_wconf 91' lang='lat' dir='ltr'>iu</span> <span class='ocrx_word' id='word_1_719' title='bbox 1241 4303 1342 4351; x_wconf 82' lang='lat' dir='ltr'><strong>eentum</strong></span> <span class='ocrx_word' id='word_1_720' title='bbox 1356 4298 1486 4362; x_wconf 79' lang='lat' dir='ltr'><strong>nonaginta</strong></span> <span class='ocrx_word' id='word_1_721' title='bbox 1501 4299 1553 4348; x_wconf 87' lang='lat' dir='ltr'><strong>tres</strong></span> <span class='ocrx_word' id='word_1_722' title='bbox 1570 4297 1710 4357; x_wconf 87' lang='lat' dir='ltr'><strong>centurias,</strong></span> <span class='ocrx_word' id='word_1_723' title='bbox 1721 4295 1853 4357; x_wconf 86' lang='lat' dir='ltr'><strong>uuicuique</strong></span> 
     </span>
     <span class='ocr_line' id='line_1_99' title="bbox 1073 4382 1853 4454; baseline -0.012 -14"><span class='ocrx_word' id='word_1_724' title='bbox 1073 4389 1224 4454; x_wconf 77' lang='lat' dir='ltr'><strong>imperabat,</strong></span> <span class='ocrx_word' id='word_1_725' title='bbox 1246 4390 1276 4438; x_wconf 94' lang='lat' dir='ltr'>ut</span> <span class='ocrx_word' id='word_1_726' title='bbox 1297 4402 1341 4452; x_wconf 90' lang='lat' dir='ltr'><strong>pro</strong></span> <span class='ocrx_word' id='word_1_727' title='bbox 1357 4399 1434 4437; x_wconf 86' lang='lat' dir='ltr'><strong>consu</strong></span> <span class='ocrx_word' id='word_1_728' title='bbox 1457 4386 1604 4436; x_wconf 79' lang='lat' dir='ltr'><strong>locuturum</strong></span> <span class='ocrx_word' id='word_1_729' title='bbox 1622 4398 1725 4436; x_wconf 86' lang='lat' dir='ltr'><strong>suorum</strong></span> <span class='ocrx_word' id='word_1_730' title='bbox 1741 4382 1853 4449; x_wconf 75' lang='lat' dir='ltr'><strong>pecunie</strong></span> 
     </span>
     <span class='ocr_line' id='line_1_100' title="bbox 1074 4473 1853 4542; baseline -0.009 -14"><span class='ocrx_word' id='word_1_731' title='bbox 1074 4491 1206 4537; x_wconf 87' lang='lat' dir='ltr'><strong>summam,</strong></span> <span class='ocrx_word' id='word_1_732' title='bbox 1221 4490 1278 4539; x_wconf 79' lang='lat' dir='ltr'><strong>quas</strong></span> <span class='ocrx_word' id='word_1_733' title='bbox 1290 4476 1335 4542; x_wconf 90' lang='lat' dir='ltr'><strong>ipsi</strong></span> <span class='ocrx_word' id='word_1_734' title='bbox 1349 4474 1486 4538; x_wconf 83' lang='lat' dir='ltr'><strong>obtigisset,</strong></span> <span class='ocrx_word' id='word_1_735' title='bbox 1498 4474 1628 4525; x_wconf 74' lang='lat' dir='ltr'><strong>contenet.</strong></span> <span class='ocrx_word' id='word_1_736' title='bbox 1662 4476 1700 4524; x_wconf 89' lang='lat' dir='ltr'>lta</span> <span class='ocrx_word' id='word_1_737' title='bbox 1710 4473 1801 4522; x_wconf 81' lang='lat' dir='ltr'><strong>tactum</strong></span> <span class='ocrx_word' id='word_1_738' title='bbox 1812 4475 1853 4521; x_wconf 86' lang='lat' dir='ltr'>est</span> 
     </span>
     <span class='ocr_line' id='line_1_101' title="bbox 1075 4560 1853 4631; baseline -0.005 -16"><span class='ocrx_word' id='word_1_739' title='bbox 1075 4569 1103 4616; x_wconf 91' lang='lat' dir='ltr'>ut</span> <span class='ocrx_word' id='word_1_740' title='bbox 1111 4565 1144 4615; x_wconf 85' lang='lat' dir='ltr'><strong>itti</strong></span> <span class='ocrx_word' id='word_1_741' title='bbox 1153 4579 1259 4631; x_wconf 87' lang='lat' dir='ltr'><strong>quorum</strong></span> <span class='ocrx_word' id='word_1_742' title='bbox 1269 4564 1392 4614; x_wconf 79' lang='lat' dir='ltr'><strong>maximus</strong></span> <span class='ocrx_word' id='word_1_743' title='bbox 1405 4566 1576 4622; x_wconf 50' lang='lat' dir='ltr'><strong>metuemus,</strong></span> <span class='ocrx_word' id='word_1_744' title='bbox 1588 4561 1655 4625; x_wconf 90' lang='lat' dir='ltr'><strong>quod</strong></span> <span class='ocrx_word' id='word_1_745' title='bbox 1667 4560 1794 4626; x_wconf 79' lang='lat' dir='ltr'><strong>pauciores</strong></span> <span class='ocrx_word' id='word_1_746' title='bbox 1808 4572 1853 4611; x_wconf 88' lang='lat' dir='ltr'>es·</span> 
     </span>
     <span class='ocr_line' id='line_1_102' title="bbox 1074 4648 1855 4718; baseline -0.009 -13"><span class='ocrx_word' id='word_1_747' title='bbox 1074 4658 1130 4705; x_wconf 90' lang='lat' dir='ltr'><strong>sent</strong></span> <span class='ocrx_word' id='word_1_748' title='bbox 1138 4658 1164 4704; x_wconf 89' lang='lat' dir='ltr'>et</span> <span class='ocrx_word' id='word_1_749' title='bbox 1175 4654 1200 4703; x_wconf 91' lang='lat' dir='ltr'>io</span> <span class='ocrx_word' id='word_1_750' title='bbox 1207 4653 1289 4718; x_wconf 90' lang='lat' dir='ltr'><strong>plures</strong></span> <span class='ocrx_word' id='word_1_751' title='bbox 1301 4652 1425 4702; x_wconf 87' lang='lat' dir='ltr'><strong>centurias</strong></span> <span class='ocrx_word' id='word_1_752' title='bbox 1435 4654 1519 4701; x_wconf 89' lang='lat' dir='ltr'><strong>essent</strong></span> <span class='ocrx_word' id='word_1_753' title='bbox 1526 4650 1610 4709; x_wconf 84' lang='lat' dir='ltr'><strong>dirisi,</strong></span> <span class='ocrx_word' id='word_1_754' title='bbox 1620 4651 1712 4715; x_wconf 72' lang='lat' dir='ltr'><strong>sepius</strong></span> <span class='ocrx_word' id='word_1_755' title='bbox 1720 4648 1855 4699; x_wconf 75' lang='lat' dir='ltr'><strong>urilitment</strong></span> 
     </span>
     <span class='ocr_line' id='line_1_103' title="bbox 1076 4739 1852 4804; baseline -0.008 -10"><span class='ocrx_word' id='word_1_756' title='bbox 1076 4744 1128 4794; x_wconf 85' lang='lat' dir='ltr'><strong>sine</strong></span> <span class='ocrx_word' id='word_1_757' title='bbox 1150 4744 1197 4794; x_wconf 79' lang='lat' dir='ltr'><strong>utta</strong></span> <span class='ocrx_word' id='word_1_758' title='bbox 1216 4742 1407 4800; x_wconf 86' lang='lat' dir='ltr'><strong>intermissione,</strong></span> <span class='ocrx_word' id='word_1_759' title='bbox 1433 4743 1459 4791; x_wconf 89' lang='lat' dir='ltr'>et</span> <span class='ocrx_word' id='word_1_760' title='bbox 1474 4739 1586 4804; x_wconf 81' lang='lat' dir='ltr'><strong>pecuniae</strong></span> <span class='ocrx_word' id='word_1_761' title='bbox 1596 4741 1713 4790; x_wconf 86' lang='lat' dir='ltr'><strong>maiorem</strong></span> <span class='ocrx_word' id='word_1_762' title='bbox 1731 4750 1852 4789; x_wconf 84' lang='lat' dir='ltr'><strong>summum</strong></span> 
     </span>
     <span class='ocr_line' id='line_1_104' title="bbox 1074 4826 1854 4898; baseline -0.009 -14"><span class='ocrx_word' id='word_1_763' title='bbox 1074 4847 1150 4898; x_wconf 78' lang='grc' dir='ltr'>ηυττεν</span> <span class='ocrx_word' id='word_1_764' title='bbox 1165 4832 1208 4883; x_wconf 84' lang='lat' dir='ltr'><strong>alil</strong></span> <span class='ocrx_word' id='word_1_765' title='bbox 1220 4833 1378 4883; x_wconf 84' lang='lat' dir='ltr'><strong>conterrent:</strong></span> <span class='ocrx_word' id='word_1_766' title='bbox 1397 4830 1433 4881; x_wconf 86' lang='lat' dir='ltr'><strong>illi</strong></span> <span class='ocrx_word' id='word_1_767' title='bbox 1451 4840 1511 4879; x_wconf 85' lang='lat' dir='ltr'><strong>vero</strong></span> <span class='ocrx_word' id='word_1_768' title='bbox 1525 4828 1568 4891; x_wconf 84' lang='lat' dir='ltr'>qui</span> <span class='ocrx_word' id='word_1_769' title='bbox 1580 4827 1682 4892; x_wconf 76' lang='lat' dir='ltr'><strong>exiguas</strong></span> <span class='ocrx_word' id='word_1_770' title='bbox 1696 4840 1726 4877; x_wconf 87' lang='lat' dir='ltr'><strong>ac</strong></span> <span class='ocrx_word' id='word_1_771' title='bbox 1743 4826 1854 4878; x_wconf 87' lang='lat' dir='ltr'><strong>modicas</strong></span> 
     </span>
     <span class='ocr_line' id='line_1_105' title="bbox 1074 4915 1854 4987; baseline -0.009 -15"><span class='ocrx_word' id='word_1_772' title='bbox 1074 4936 1133 4987; x_wconf 87' lang='lat' dir='ltr'><strong>opes</strong></span> <span class='ocrx_word' id='word_1_773' title='bbox 1143 4921 1314 4987; x_wconf 86' lang='lat' dir='ltr'><strong>possiderent,</strong></span> <span class='ocrx_word' id='word_1_774' title='bbox 1330 4919 1444 4985; x_wconf 84' lang='lat' dir='ltr'><strong>quumvis</strong></span> <span class='ocrx_word' id='word_1_775' title='bbox 1454 4917 1538 4983; x_wconf 84' lang='lat' dir='ltr'><strong>plures</strong></span> <span class='ocrx_word' id='word_1_776' title='bbox 1551 4919 1746 4966; x_wconf 80' lang='lat' dir='ltr'><strong>numerotsmeu&#39;</strong></span> <span class='ocrx_word' id='word_1_777' title='bbox 1755 4915 1782 4966; x_wconf 91' lang='lat' dir='ltr'>in</span> <span class='ocrx_word' id='word_1_778' title='bbox 1795 4928 1854 4979; x_wconf 89' lang='lat' dir='ltr'><strong>pau·</strong></span> 
     </span>
     <span class='ocr_line' id='line_1_106' title="bbox 1074 5004 1853 5074; baseline -0.006 -16"><span class='ocrx_word' id='word_1_779' title='bbox 1074 5009 1154 5060; x_wconf 86' lang='lat' dir='ltr'><strong>olores</strong></span> <span class='ocrx_word' id='word_1_780' title='bbox 1171 5008 1295 5060; x_wconf 86' lang='lat' dir='ltr'><strong>centurias</strong></span> <span class='ocrx_word' id='word_1_781' title='bbox 1308 5008 1428 5072; x_wconf 83' lang='lat' dir='ltr'><strong>discripti,</strong></span> <span class='ocrx_word' id='word_1_782' title='bbox 1444 5022 1502 5060; x_wconf 85' lang='lat' dir='ltr'><strong>raro</strong></span> <span class='ocrx_word' id='word_1_783' title='bbox 1519 5009 1547 5059; x_wconf 89' lang='lat' dir='ltr'>et</span> <span class='ocrx_word' id='word_1_784' title='bbox 1560 5021 1604 5074; x_wconf 90' lang='lat' dir='ltr'>per</span> <span class='ocrx_word' id='word_1_785' title='bbox 1624 5006 1692 5057; x_wconf 76' lang='grc' dir='ltr'>τίων</span> <span class='ocrx_word' id='word_1_786' title='bbox 1703 5004 1853 5064; x_wconf 87' lang='lat' dir='ltr'><strong>militarent,</strong></span> 
     </span>
     <span class='ocr_line' id='line_1_107' title="bbox 1074 5096 1855 5162; baseline -0.005 -16"><span class='ocrx_word' id='word_1_787' title='bbox 1074 5100 1100 5146; x_wconf 86' lang='lat' dir='ltr'><strong>ct</strong></span> <span class='ocrx_word' id='word_1_788' title='bbox 1127 5098 1215 5162; x_wconf 68' lang='lat' dir='ltr'><strong>exiguo</strong></span> <span class='ocrx_word' id='word_1_789' title='bbox 1235 5097 1370 5162; x_wconf 85' lang='lat' dir='ltr'><strong>penderent</strong></span> <span class='ocrx_word' id='word_1_790' title='bbox 1380 5097 1474 5150; x_wconf 88' lang='lat' dir='ltr'><strong>tributa</strong></span> <span class='ocrx_word' id='word_1_791' title='bbox 1497 5096 1553 5149; x_wconf 86' lang='lat' dir='ltr'><strong>:illi</strong></span> <span class='ocrx_word' id='word_1_792' title='bbox 1565 5111 1629 5149; x_wconf 81' lang='lat' dir='ltr'><strong>uero</strong></span> <span class='ocrx_word' id='word_1_793' title='bbox 1640 5109 1748 5159; x_wconf 85' lang='lat' dir='ltr'><strong>quorum</strong></span> <span class='ocrx_word' id='word_1_794' title='bbox 1763 5105 1855 5144; x_wconf 86' lang='lat' dir='ltr'><strong>census</strong></span> 
     </span>
     <span class='ocr_line' id='line_1_108' title="bbox 1077 5184 1850 5250; baseline 0.001 -18"><span class='ocrx_word' id='word_1_795' title='bbox 1077 5187 1131 5233; x_wconf 90' lang='lat' dir='ltr'><strong>erat</strong></span> <span class='ocrx_word' id='word_1_796' title='bbox 1146 5184 1301 5236; x_wconf 88' lang='lat' dir='ltr'><strong>lustominor</strong></span> <span class='ocrx_word' id='word_1_797' title='bbox 1312 5186 1422 5236; x_wconf 90' lang='lat' dir='ltr'><strong>omnium</strong></span> <span class='ocrx_word' id='word_1_798' title='bbox 1439 5185 1595 5250; x_wconf 80' lang='lat' dir='ltr'><strong>negotiorum</strong></span> <span class='ocrx_word' id='word_1_799' title='bbox 1615 5186 1698 5236; x_wconf 86' lang='lat' dir='ltr'><strong>essent</strong></span> <span class='ocrx_word' id='word_1_800' title='bbox 1715 5185 1850 5234; x_wconf 83' lang='lat' dir='ltr'><strong>immunes.</strong></span> 
     </span>
     <span class='ocr_line' id='line_1_109' title="bbox 1075 5271 1856 5338; baseline 0.001 -16"><span class='ocrx_word' id='word_1_801' title='bbox 1075 5271 1142 5322; x_wconf 79' lang='lat' dir='ltr'><strong>tlibil</strong></span> <span class='ocrx_word' id='word_1_802' title='bbox 1155 5275 1239 5323; x_wconf 88' lang='lat' dir='ltr'><strong>autern</strong></span> <span class='ocrx_word' id='word_1_803' title='bbox 1257 5272 1347 5324; x_wconf 85' lang='lat' dir='ltr'><strong>borum</strong></span> <span class='ocrx_word' id='word_1_804' title='bbox 1360 5273 1412 5325; x_wconf 87' lang='lat' dir='ltr'><strong>siue</strong></span> <span class='ocrx_word' id='word_1_805' title='bbox 1431 5287 1520 5325; x_wconf 87' lang='lat' dir='ltr'><strong>caussa</strong></span> <span class='ocrx_word' id='word_1_806' title='bbox 1536 5273 1651 5338; x_wconf 87' lang='lat' dir='ltr'><strong>iaciebat,</strong></span> <span class='ocrx_word' id='word_1_807' title='bbox 1663 5271 1707 5325; x_wconf 89' lang='lat' dir='ltr'>sed</span> <span class='ocrx_word' id='word_1_808' title='bbox 1718 5286 1778 5323; x_wconf 91' lang='lat' dir='ltr'>cum</span> <span class='ocrx_word' id='word_1_809' title='bbox 1794 5284 1856 5338; x_wconf 85' lang='lat' dir='ltr'><strong>per·</strong></span> 
     </span>
    </p>
   </div>
   <div class='ocr_carea' id='block_1_10' title="bbox 0 0 2060 5936">
    <p class='ocr_par' dir='ltr' id='par_1_12' title="bbox 0 0 2060 5936">
     <span class='ocr_line' id='line_1_110' title="bbox 0 0 2060 5936; baseline 0 0"><span class='ocrx_word' id='word_1_810' title='bbox 0 0 2060 5936; x_wconf 95' lang='lat' dir='ltr'> </span> 
     </span>
    </p>
   </div>
  </div>
 </body>
</html>
