4088 5936
257 410 316 471 lat

258 546 344 625 ἀρχὴν
355 543 400 603 τδν
411 543 552 622 δημοτικὸν
562 546 641 626 ὄχλον
651 549 746 607 οἰκεῖον
756 551 842 627 ἐαυτῷ
854 554 1036 630 ποιῆσαεπρο-

258 631 397 711 θυμηθεὶς,
418 632 510 712 ὥσπερ
535 637 558 693 οἱ
577 635 699 716 πρότεροι
716 631 834 715 βασίλεῖς
851 639 972 715 ἐποίουν,
994 643 1037 703 διδ

258 721 380 786 τοιαύτας
402 718 548 799 εὐεργεσίας
572 723 732 802 ὑπηγάγετο.
775 723 916 795 Ἐπιλέξας
941 728 1037 809 ἄνδρας

258 807 351 867 ίκατδν
375 805 402 875 ἐξ
421 805 546 866 ἃπάντωυ
563 812 615 868 τῶν
629 810 796 887 δημοτικῶν,
817 814 843 872 οἳ
860 814 958 895 ἀρετήν
978 839 1036 875 τινα

218 916 230 953 o
256 893 404 972 πολεμικὴν
415 894 433 967 ἢ
444 895 582 968 πολιτικὴν
592 898 719 979 φρόνησιν
731 900 844 969 άπαντες
859 904 1034 986 ἐμαρτύρουν,

257 985 411 1062 πατρικίους
428 985 536 1057 ἐποίησε
558 987 603 1046 καὶ
623 989 764 1058 κατέταξεν
786 993 821 1059 εές
838 991 883 1050 τόν
899 997 951 1053 τῶν
971 1000 1036 1074 βου-

256 1073 354 1132 λευτῶν
381 1073 503 1152 ἀριθμόν·
528 1076 574 1135 καὶ
593 1073 653 1135 τότε
681 1083 786 1157 πρῶτον
819 1078 938 1157 ἐγένοντο
967 1081 1034 1145 Ῥω-

257 1162 344 1238 μαίοις
367 1161 510 1240 τριακόσιοι
536 1164 692 1242 βουλευταί,
715 1166 778 1233 τέως
799 1166 871 1235 ὀντες
895 1170 1033 1232 διακόσιοι.

256 1249 372 1313 Ἔπειτα
393 1259 452 1320 ταῖς
472 1254 554 1334 ἱεραῖς
573 1252 727 1334 παρθένοις,
742 1259 786 1336 ὑφ’
809 1247 847 1314 ῶν
861 1257 891 1318 τδ
905 1257 1035 1320 ἅσόεστον

206 1358 232 1399 1⁰
256 1340 416 1422 φυλάττεται
432 1348 496 1421 πῦρ,
509 1341 646 1422 τέτταρσιν
666 1343 755 1410 οὔσαις
769 1342 815 1403 δύο
826 1346 1035 1425 προσκατελεξεν

257 1429 362 1510 ἐτέρας·
383 1429 511 1490 πλειόνων
527 1429 579 1512 γάρ
600 1432 651 1506 ἤδη
671 1435 883 1511 συντελουμένων
902 1435 969 1519 ὑπὲρ
989 1442 1036 1509 τῆς

255 1519 356 1585 πόλεως
367 1519 533 1600 ἱερουργιῶν,
545 1510 586 1586 αἱς
603 1519 656 1579 ἔδει
667 1520 714 1588 τδις
725 1526 772 1593 τῆς
784 1520 893 1591 Ἑστίας
911 1532 1036 1604 παρεῖναι

257 1607 416 1680 θυηπόλους,
429 1610 476 1667 οὐκ
485 1607 590 1667 ἐδόκουν
606 1611 633 1666 αἱ
648 1607 770 1692 τέτταρες
785 1612 885 1692 ἀρκεῖν.
929 1615 955 1673 Τ
956 1636 1036 1694 αρκυ·

257 1696 312 1755 υἱου
327 1700 350 1756 δ’
370 1695 492 1777 ἄρξαντος
512 1698 670 1770 ἠκολούθουν
688 1701 713 1757 οἱ
735 1699 823 1759 λοιποί
843 1702 1036 1779 βασιλεῖς,καὶ

204 1803 229 1842 ιε
257 1785 337 1864 μέχρι
362 1790 413 1844 τῶν
430 1789 490 1846 καθ’
508 1790 580 1858 ἡμᾶς
596 1786 697 1867 χρόνων
724 1785 750 1855 ἐξ
773 1789 974 1850 ἀποδείκνυνται
988 1794 1035 1861 τῆς

256 1874 364 1942 Ἑστίας
379 1876 536 1957 ἀμφίπολοι.
578 1883 657 1936 Δοκεῖ
670 1875 697 1935 δὲ
710 1876 756 1936 καί
770 1876 816 1945 rt<
838 1881 982 1959 τιμωρίας,
995 1871 1036 1947 αἷς

256 1963 412 2032 κολάζονται
426 1963 492 2045 πρδς
509 1964 562 2023 τῶν
576 1965 738 2045 ἱεροφαντῶν
751 1966 779 2024 αἱ
803 1966 840 2043 μὴ
858 1969 1036 2049 φυλάττουσαι

255 2050 303 2124 τὴν
326 2051 487 2132 παρθενίαν,
507 2054 604 2118 ἐκεῖνος
618 2051 728 2132 ἐξευρεῖν
749 2057 869 2133 πρῶτος,
891 2055 943 2115 εἱτε
965 2058 1034 2116 κατὰ

254 2142 381 2221 λογισμὸν
394 2139 456 2212 εἱτε,
468 2143 503 2207 ιὺς
515 2138 615 2199 οἴονταί
628 2164 705 2212 τινες,
717 2140 808 2223 ὀνείρῳ
818 2141 988 2218 πειθόμενος,
999 2147 1035 2212 ὡς

202 2246 229 2285 νυ
255 2227 323 2306 μετά
340 2227 387 2301 τὴν
402 2228 502 2290 ἐκείνου
513 2228 637 2299 τελευτὴν
657 2230 684 2287 ἱν
700 2235 755 2295 τοῖς
775 2229 939 2299 Σιύυλλείοις
957 2237 1032 2312 εὑρε-

255 2322 332 2389 θῆναι
355 2324 485 2396 χρησμοῖς
513 2318 537 2375 οἱ
563 2321 617 2376 τῶν
639 2320 715 2397 ἱερῶν
746 2314 872 2395 ἐξηγηταί
899 2319 1031 2399 λέγουσιν.

255 2405 400 2488 Ἔφωράθη
416 2404 467 2485 γάρ
480 2428 519 2472 τις
537 2404 583 2465 tot
599 2408 646 2477 τῆς
670 2406 770 2466 ἐκείνου
793 2409 929 2486 βασιλείας
950 2410 1034 2489 ἱέρεια

257 2494 384 2575 Πιναρία,
395 2490 515 2554 Ποπλίου
531 2493 658 2572 θυγάτηρ,
671 2494 722 2574 οθχ
739 2494 805 2574 ἁγνὴ
819 2502 966 2576 προσιοῦσα
980 2508 1033 2566 τοῖς

253 2585 342 2666 ἱεροῖς.
385 2582 488 2662 Τρόπος
498 2580 525 2640 δέ
538 2582 666 2661 τιμωρίας
678 2581 749 2651 ὅστις
762 2584 830 2643 ἐστὶν
841 2575 881 2666 ,ᾧ
892 2587 1032 2656 κολάζουσι

200 2688 227 2728 ao
252 2674 300 2740 τδς
320 2670 524 2752 διαφθαρείσας,
544 2673 570 2730 ἐν
586 2694 620 2749 τη
641 2670 693 2751 πρδ
706 2672 804 2742 ταύτης
820 2673 967 2745 δεδήλωταί
986 2698 1032 2752 μοι

253 2765 355 2841 γραφῇ.
397 2758 455 2830 Τήν
470 2782 500 2818 τε
513 2760 626 2838 ἀγορὰν,
649 2760 676 2818 ἐν
691 2752 711 2838 ᾖ
725 2761 859 2829 δικάζουσι
871 2761 916 2821 καὶ
931 2763 1030 2836 ἐκκλη-

254 2852 385 2923 σιάζουσι,
394 2849 440 2908 καὶ
451 2847 497 2916 τδς
511 2849 593 2915 ἄλλας
607 2849 745 2917 πολιτικάς
758 2852 906 2910 ἐπιτελοῦσι
918 2850 1032 2930 πράξεις,

253 2942 349 3006 ἐκεῖνος
363 2937 523 3016 ἐκόσμησεν,
538 2937 721 3017 ἐργαστηρίοις
732 2963 763 2998 τε
771 2938 819 2998 ’καὶ
830 2939 948 2998 παστάσι
960 2963 1032 3021 περι·

252 3027 358 3088 λαόιὺν·
380 3027 426 3086 καί
450 3024 485 3085 τδι
508 3027 583 3107 τείχη
607 3031 654 3098 τῆς
682 3027 782 3094 πολεως
802 3027 959 3106 αὐτοσχέδια
985 3028 1031 3087 καὶ

198 3136 225 3177 :to
251 3119 340 3197 φαῦλα
354 3123 411 3182 ταῖς
426 3113 560 3195 ἐργασίαις
579 3113 643 3173 ὀυτα
662 3119 765 3196 πρῶτος
782 3116 972 3197 ᾠκοδομήσατο
985 3115 1030 3176 λί-

250 3210 304 3273 θοις
317 3204 467 3282 ἁμαξιαίοις
487 3202 670 3283 εἰργασμένοις
686 3203 748 3285 πρδς
762 3207 870 3265 κανόνα.
913 3202 1031 3283 Ἠρξατο

251 3293 280 3352 δέ
290 3293 336 3352 καί
347 3294 395 3359 τὰς
406 3290 552 3367 ὑπονόμους
564 3291 681 3370 ὀρύττειν
693 3293 821 3374 τάφρους,
837 3291 870 3351 δι’
880 3283 918 3351 ῶν
930 3293 974 3352 ἐπὶ
985 3295 1030 3355 τδν

252 3379 366 3459 Τίόεριν
382 3379 533 3460 ὀχετεύεται
545 3390 599 3440 πᾶν
613 3380 643 3439 τδ
654 3380 762 3462 συρρέον
777 3385 807 3441 ἐκ
822 3384 874 3441 τῶν
889 3387 1029 3443 στενωπῶν

250 3468 332 3551 ὑδωρ,
347 3468 412 3550 ἔργα
425 3468 566 3546 θαυμαστά
580 3468 625 3528 καὶ
639 3470 749 3550 κρείττω
768 3469 846 3548 λόγου
860 3492 1028 3531 κατασκευα-

196 3583 223 3623 aa
249 3557 374 3637 σάμενος.
416 3555 518 3638 Ἔγωγ
530 3547 574 3617 ούν
586 3562 613 3618 ἐν
626 3560 696 3634 τρισὶ
706 3560 759 3627 τοῖς
775 3561 1028 3638 μεγαλοπρεπεστά-

247 3671 301 3715 τοις
319 3645 554 3721 κατασκευάσμασι
568 3651 616 3717 τῆς
631 3646 762 3724 Ῥώμης,
776 3650 803 3717 ἐξ
815 3640 850 3707 ῶν
867 3648 985 3726 μάλιστα
999 3650 1029 3709 τὸ

247 3741 295 3810 τῆς
309 3734 453 3815 ἡγεμονίας
470 3735 625 3817 ἐμφαίνεται
641 3736 768 3814 μέγεθος,
783 3738 831 3804 τάς
848 3761 876 3796 τε
895 3740 948 3796 τῶν
964 3739 1028 3796 ὑδά·

248 3851 300 3887 των
317 3823 436 3906 ἀγωγάς,
452 3822 558 3901 τίθεμαι
574 3824 620 3883 καί
631 3823 678 3892 τδις
694 3830 747 3885 τῶν
761 3827 828 3885 ὁδῶν
843 3825 970 3906 στρώσεις
982 3827 1027 3886 καὶ

246 3915 293 3984 τάς
306 3919 359 3975 τῶν
375 3912 514 3990 ὑπονόμων
537 3911 676 3991 ἐργασίας,
691 3915 720 3970 ού
736 3912 815 3990 μόνον
833 3915 868 3978 εἰς
883 3913 913 3972 τὸ
928 3912 1027 3991 χρόαι·

193 4026 220 4063 ευ
247 4026 296 4082 μον
310 4008 358 4074 τῆς
374 4004 539 4072 κατασκευῆς
556 3998 604 4072 τὴν
621 4000 737 4061 διάνοιαν
755 4001 901 4081 οἰναφέροινΙ
918 4000 983 4082 ὑπὲρ
996 3993 1027 4061 οὑ

246 4090 316 4150 κατά
330 4090 373 4150 τδν
390 4094 485 4150 οἰκεῖον
508 4090 599 4171 καιρὸν
620 4092 686 4170 ἐρῶ·
702 4089 772 4149 ἀλλὰ
798 4089 843 4148 καὶ
861 4088 957 4161 εἱστλν
972 4093 1025 4148 τῶν

246 4179 429 4251 ἂναλωμάτων
445 4180 636 4250 πολυτέλειαν,
657 4180 690 4252 ἢν
706 4178 733 4247 ἐξ
754 4177 809 4244 tri<
826 4177 902 4254 ἔργου
925 4177 1024 4253 τεκμη-

247 4289 321 4349 ραιτο
337 4264 369 4323 άν
383 4289 439 4338 τις,
451 4265 531 4325 Γάϊον
545 4265 656 4327 Ἀκίλιον
669 4266 846 4339 ποιησάμενος
855 4271 900 4324 τοὺ
915 4265 1024 4343 μέλλον·

245 4380 288 4423 τος
303 4354 426 4433 λέγεσθαι
441 4354 607 4432 βεόαιωτῆν,
624 4354 651 4422 ii<
672 4378 750 4439 φησιν
765 4357 947 4429 ἀμεληθεισῶν
961 4378 1025 4414 ποτε

190 4469 217 4508 ετ
244 4450 296 4507 τῶν
311 4445 418 4526 τάφρων
432 4443 478 4502 καί
494 4443 589 4522 μηκέτι
605 4443 810 4526 διαρρεομένων,
831 4443 889 4511 τοὺς
910 4443 1025 4519 τιμητδις

244 4536 292 4608 τὴν
320 4533 500 4615 ἀνακάθαρσιν
523 4533 610 4591 αὑτῶν
632 4533 677 4591 καί
704 4530 752 4603 τὴν
769 4531 909 4603 ἐπισκευὴν
930 4533 1023 4610 χιλίων

245 4628 377 4704 μισθῶσαι
391 4622 541 4684 ταλάντων.

284 4715 417 4778 LXVIII.
433 4710 620 4774 Κατεσκεύασε
632 4708 659 4769 δὲ
671 4710 771 4771 καὶτὸν
783 4709 905 4788 μέγιστον
917 4710 969 4767 τῶν
979 4713 1024 4769 ἱπ-

245 4802 385 4881 ποδρόμυιν
391 4798 550 4883 Ταρκύνιος,
561 4797 605 4859 τδν
614 4795 711 4877 μεταξὺ
719 4803 763 4858 τοῦ
775 4820 804 4857 τε
813 4795 970 4857 Ἀουεντίνου
978 4795 1025 4857 καί

190 4920 218 4962 ω
244 4897 290 4950 τοὺ
302 4891 473 4951 Παλλαντίου
487 4890 732 4968 κείμενον,πρῶτος
742 4887 901 4965 ὑποστέγους
913 4883 1025 4957 ποιήσας

244 4976 305 5056 περὶ
320 4978 399 5037 αότδν
413 4976 552 5056 καθέδρας·
564 4976 629 5042 τέως
640 4977 692 5058 γάρ
703 4978 813 5042 ἑστῶτες
826 4973 965 5055 έθεόιρουν·
981 4974 1023 5034 ἐπὶ

243 5064 335 5146 ῐκρίων
354 5067 437 5125 δοκῶν
452 5066 567 5136 ξυλίναις
582 5075 691 5139 σκηναῖς
705 5064 958 5141 ὑποκειμένων·καὶ
975 5066 1024 5123 διε·

244 5150 297 5212 λῶν
310 5150 369 5219 τοὺς
383 5147 478 5222 τόπους
492 5158 528 5221 εἰς
544 5156 684 5235 τριάκοντα
699 5152 831 5233 φράτρας,
846 5152 945 5230 ἑκάστῃ
958 5151 1024 5231 φρά-

244 5264 294 5325 τρφ
309 5244 403 5322 μοῖραν
424 5241 546 5301 ἄπὶδωκε
564 5239 643 5321 μίαν,
666 5239 730 5299 ὥστ’
748 5240 775 5298 ἐν
798 5244 832 5321 τῇ
853 5240 1023 5320 προσηκούσῃ

775 416 944 481 ninnisii
966 421 1368 489 nnlicaitnassnnims,

1092 563 1167 625 dens,
1184 569 1392 629 quemadmodum
1403 571 1543 636 superiores
1554 586 1624 638 reges
1636 562 1758 640 lacerant,
1768 578 1816 630 lroc
1828 576 1872 632 bei

1091 665 1181 717 aedom
1192 681 1246 719 eam
1260 670 1308 721 sibl
1321 670 1432 724 devinxit
1447 693 1454 724 ε
1468 674 1574 727 selectos
1588 690 1617 728 cx
1635 680 1703 730 omni
1719 681 1872 744 plebeiomm

1091 780 1196 819 numam
1210 773 1312 823 centum
1326 774 1406 837 rinos,
1418 789 1526 839 quornm
1541 778 1581 828 rel
1595 778 1676 832 virtus
1692 781 1780 834 bellica
1792 785 1832 836 rol
1846 785 1873 857 in

1091 878 1166 929 rebus
1185 880 1301 932 civilibus
1322 885 1455 948 prudentia
1480 888 1596 940 omnibns
1615 893 1682 942 esset
1698 895 1824 957 spectata,
1845 895 1872 949 iu

1090 979 1251 1043 patriciorum
1273 984 1383 1037 ordinem
1405 988 1505 1051 retulit,
1525 993 1550 1041 et
1567 990 1592 1041 in
1612 995 1755 1053 aenatorum
1768 1010 1872 1050 numem

1089 1084 1182 1149 posuit.
1215 1091 1247 1138 Et
1265 1092 1325 1140 tuno
1348 1091 1455 1155 primum
1472 1094 1581 1159 populus
1600 1097 1725 1148 Romanus
1747 1102 1871 1152 trecentos

1089 1193 1216 1242 senatores
1226 1191 1328 1255 habuit,
1339 1193 1383 1257 qui
1392 1195 1492 1248 ducenti
1501 1199 1598 1249 tantum
1607 1198 1640 1250 ad
1651 1212 1705 1251 eam
1716 1212 1796 1265 nsque
1804 1202 1871 1255 diem

1090 1295 1195 1347 tuerent.
1230 1297 1325 1349 Deinde
1341 1298 1476 1363 virginibus
1495 1302 1652 1367 vestalibus,
1667 1316 1681 1354 a
1698 1305 1790 1369 quibus
1808 1306 1871 1371 ignis

1090 1403 1225 1462 perpetuus
1239 1404 1361 1462 seruatur,
1372 1416 1429 1453 cum
1440 1407 1549 1467 quatuor
1559 1409 1655 1468 essent,
1666 1407 1729 1458 duas
1743 1409 1830 1461 allasa
1844 1424 1871 1464 ne
1916 1388 1920 1397 ⁴

1090 1500 1167 1551 lectas
1177 1499 1280 1552 addidit.
1314 1504 1376 1553 cnm
1387 1506 1451 1556 enim
1463 1506 1512 1557 iam
1524 1521 1627 1559 numam
1641 1510 1777 1563 crevissent
1787 1514 1865 1564 sacri·

1090 1599 1148 1651 licia
1162 1602 1277 1667 publico,
1294 1605 1385 1669 quibus
1399 1609 1482 1659 Veste
1496 1609 1622 1662 ministras
1636 1611 1758 1665 interesse
1769 1619 1869 1681 oporte7

1090 1701 1146 1763 bat,
1168 1706 1275 1767 quatuor
1296 1710 1391 1757 tantum
1412 1708 1527 1762 sufficere
1546 1726 1686 1777 possedon
1711 1716 1868 1769 uidebantur.

1090 1808 1252 1873 Tarquinium
1268 1813 1353 1861 autem
1369 1816 1496 1865 auctorem
1509 1815 1595 1879 reliqui
1608 1831 1680 1881 reges
1695 1819 1774 1871 secuti
1794 1823 1869 1882 sunt,
1914 1832 1918 1837 ·

1089 1910 1156 1959 etad
1171 1913 1255 1960 nostra
1267 1925 1346 1975 usqne
1362 1915 1473 1979 tempora
1489 1929 1535 1967 scr
1551 1919 1633 1969 Vestro
1647 1922 1768 1973 ministre
1781 1922 1868 1988 legun-

1089 2014 1139 2062 tur.
1173 2012 1217 2063 llle
1240 2015 1312 2065 elion
1335 2015 1431 2079 primus
1456 2018 1557 2070 uidetur
1576 2022 1730 2088 excogitasse
1755 2025 1869 2090 supplicii

1089 2126 1180 2176 genus,
1192 2127 1243 2177 quo
1256 2129 1271 2165 a
1286 2108 1445 2168 Pontificibus
1457 2119 1598 2173 alliciuntur
1611 2137 1655 2186 em,
1670 2138 1727 2187 quaa
1742 2125 1868 2189 virginita-

1088 2220 1139 2268 tem
1153 2218 1288 2280 violarunt,
1308 2219 1361 2274 sire
1378 2222 1461 2286 aliqua
1481 2226 1576 2278 ratione
1592 2226 1730 2291 adductus,
1746 2230 1800 2282 sire
1819 2233 1828 2293 (
1837 2234 1867 2282 ut

1088 2322 1198 2372 nonnulli
1215 2326 1320 2387 putant)
1339 2327 1441 2377 sommis
1456 2340 1561 2392 parens,
1580 2331 1790 2394 quemadmodum
1809 2338 1867 2399 post

1087 2419 1141 2469 eius
1153 2419 1246 2470 obitum
1253 2420 1279 2470 in
1292 2421 1417 2484 Sibyllinis
1428 2426 1535 2476 oraculis
1543 2429 1671 2492 pontilicea
1682 2435 1867 2495 aserepertnm

1087 2528 1211 2575 asserrmt.
1226 2525 1271 2576 illo
1283 2526 1348 2577 onim
1363 2531 1489 2594 regnante,
1501 2532 1617 2584 sacerdos
1629 2534 1754 2597 quedam,
1767 2537 1866 2591 nomine

1087 2626 1198 2689 Pinaria,
1213 2628 1295 2680 Publii
1313 2629 1380 2692 niis,
1391 2645 1448 2696 quoa
1467 2647 1571 2699 corpore
1587 2635 1682 2701 polluto
1695 2636 1728 2688 ad
1742 2651 1814 2690 sacra
1827 2653 1866 2691 ac·

1087 2729 1210 2787 cesserat,
1221 2725 1377 2790 deprehenso
1395 2732 1442 2780 est.
1475 2731 1537 2788 Quis
1553 2735 1636 2782 antem
1654 2736 1694 2783 est
1706 2734 1797 2786 modus
1809 2750 1866 2800 sup

1087 2821 1230 2887 plicll,quo
1250 2824 1358 2890 virgines
1379 2829 1499 2891 stupratas
1520 2828 1673 2891 alliciuntur,
1692 2829 1718 2881 in
1738 2834 1867 2897 superiore

1086 2919 1149 2970 libro
1169 2933 1184 2972 a
1204 2935 1244 2972 me
1263 2921 1415 2974 declaratum
1438 2927 1485 2975 est.
1518 2926 1609 2976 Forum
1623 2940 1740 2991 quoqne,
1764 2929 1807 2983 nbi
1823 2930 1865 2981 ius

1085 3021 1179 3074 dicitur
1195 3024 1221 3072 et
1242 3023 1372 3073 conciones
1381 3021 1513 3083 habentur,
1531 3027 1557 3075 et
1571 3026 1654 3076 cetera
1666 3025 1750 3077 civilia
1766 3028 1865 3092 negotia

1086 3124 1249 3188 peraguntur,
1273 3120 1315 3172 ille
1346 3120 1457 3172 tabernis
1486 3124 1512 3173 et
1535 3121 1673 3186 porticibus
1690 3122 1863 3177 circumdedit.

1084 3221 1115 3269 lit
1132 3229 1217 3266 muros
1234 3214 1320 3276 urbis,
1332 3214 1390 3266 rudi
1401 3219 1427 3265 et
1445 3215 1489 3265 rili
1507 3228 1581 3280 opere
1600 3221 1755 3281 exstructos,
1769 3219 1864 3284 primns

1083 3312 1224 3377 ingentibus
1241 3310 1372 3374 lapidibus,
1394 3311 1427 3363 ad
1442 3312 1552 3375 reguiam
1571 3314 1690 3375 formatis,
1706 3315 1863 3369 iabdcandos

1084 3416 1189 3467 curarit.
1222 3415 1302 3479 Coepit
1317 3416 1414 3465 cloacas
1433 3416 1530 3476 fodere,
1542 3416 1621 3468 fossas
1632 3417 1723 3468 scilicet
1737 3432 1781 3483 per
1798 3433 1863 3483 quas

1083 3514 1163 3567 omnis
1177 3528 1242 3578 aqua
1251 3528 1283 3565 ex
1300 3514 1416 3579 compitis
1429 3514 1557 3565 continens
1572 3514 1598 3562 in
1609 3512 1718 3564 Tiberim
1753 3529 1780 3566 se
1798 3528 1860 3566 exo·

1082 3619 1165 3675 uerat,
1184 3626 1260 3679 opera
1283 3611 1427 3663 admimnda
1448 3614 1473 3662 et
1492 3610 1585 3661 maiora
1605 3626 1681 3676 quam
1695 3627 1760 3676 quae
1779 3613 1865 3665 verbis

1082 3712 1187 3776 exprimi
1195 3711 1295 3775 possint.
1329 3714 1379 3773 Ego
1391 3713 1458 3761 corte
1468 3710 1493 3759 in
1504 3709 1583 3761 tribus
1590 3711 1863 3776 magnificentissimum

1081 3823 1165 3871 Roma
1176 3819 1303 3885 operibns,
1317 3816 1384 3868 unde
1401 3815 1508 3866 maxime
1522 3816 1615 3881 imperii
1633 3817 1770 3883 amplitudo
1780 3831 1861 3884 appa·

1081 3922 1131 3977 rot,
1145 3917 1307 3982 aquaeductus
1317 3928 1380 3981 pono
1391 3917 1417 3965 et
1429 3914 1483 3965 rins
1495 3916 1586 3965 stratas
1595 3917 1622 3965 ct
1632 3913 1770 3966 cloacamm
1783 3915 1861 3965 iubri-

1080 4028 1137 4077 cas,
1166 4029 1214 4065 non
1236 4015 1319 4065 solnm
1340 4013 1418 4079 ipsius
1435 4013 1518 4078 operis
1545 4011 1677 4063 utilitatem
1700 4011 1860 4065 considerans

1080 4112 1149 4176 (qua
1165 4113 1197 4164 de
1213 4126 1240 4163 re
1262 4126 1307 4163 sno
1327 4111 1382 4161 loco
1405 4109 1516 4171 dicam),
1530 4108 1574 4159 sed
1590 4107 1664 4159 ctiam
1690 4107 1860 4171 impensarum

1079 4209 1287 4276 magnitudinem,
1299 4222 1374 4273 quarn
1385 4208 1425 4258 rei
1438 4221 1470 4257 ex
1481 4221 1531 4257 nna
1543 4219 1571 4257 re
1581 4205 1664 4269 quiris
1674 4205 1796 4270 conjicere
1810 4220 1859 4272 po·

1079 4313 1141 4369 lest,
1163 4322 1224 4358 usus
1249 4308 1278 4355 (l.
1300 4304 1398 4368 Aquilio
1418 4305 1533 4363 auctore,
1560 4302 1603 4364 qui
1624 4302 1702 4352 reiert
1733 4304 1860 4366 neglectas

1079 4401 1212 4469 aliquando
1223 4402 1331 4459 cloacas,
1347 4412 1393 4450 neo
1407 4398 1513 4462 amplius
1524 4410 1613 4461 aquam
1622 4398 1831 4460 transmittentes,
1842 4414 1859 4450 a

1079 4502 1229 4559 censoribus
1243 4499 1383 4567 purgandas
1394 4504 1420 4552 et
1435 4500 1581 4552 reficiendas
1592 4499 1660 4551 mille
1672 4478 1772 4551 talentis
1786 4499 1858 4552 loca·

1078 4609 1118 4656 tta
1131 4617 1194 4656 este.

1109 4716 1220 4766 Llililll.
1247 4711 1394 4776 Tarquinius
1414 4712 1489 4763 etiarn
1514 4711 1614 4761 Circum
1634 4708 1771 4760 maximnm
1793 4707 1859 4760 inter

1078 4806 1228 4856 Aventinum
1242 4807 1268 4854 et
1280 4801 1418 4853 Palatinum
1431 4799 1519 4851 collem
1539 4799 1614 4850 situm
1627 4796 1778 4857 edificavit,
1792 4800 1859 4848 strn-

1078 4896 1125 4947 ctis
1134 4894 1241 4960 primum
1250 4892 1343 4957 opertis
1352 4890 1545 4952 circumquaque
1554 4886 1673 4939 sedilibus
1684 4902 1691 4935 ι
1702 4886 1770 4947 (nam
1777 4898 1859 4951 usquc

1079 4983 1111 5033 ad
1122 4995 1177 5033 eam
1187 4981 1253 5033 diem
1265 4981 1360 5030 stantes
1367 4977 1548 5042 spectaverant)
1558 4974 1634 5026 turcis
1647 4972 1787 5039 superiecta
1801 4985 1863 5022 con-

1078 5068 1211 5133 tignatione
1224 5066 1365 5132 spectacula
1376 5065 1455 5130 lignea
1469 5060 1646 5114 sustinentibus
1659 5080 1666 5111 ι
1681 5063 1707 5111 et
1715 5063 1857 5124 spectacu-

1078 5157 1164 5208 lorum
1177 5156 1232 5206 loca
1250 5155 1275 5205 iu
1285 5152 1384 5218 triginta
1395 5151 1477 5202 curias
1488 5148 1617 5207 dividens,
1633 5146 1767 5212 unicuique
1780 5144 1857 5196 curia

1077 5259 1152 5298 unam
1162 5247 1260 5310 partam
1269 5241 1416 5308 assignarit,
1424 5245 1454 5291 ut
1463 5239 1633 5303 uuusquisque
1643 5250 1690 5288 suo
1703 5233 1860 5287 locosedens
