3980 5936
607 442 901 520 ANTIQUITATUM
922 450 1073 519 bonan.
1096 458 1169 520 ΠΒ.
1194 460 1231 522 X.

123 554 191 632 εύθις
212 564 300 645 ἔτερος
311 567 398 626 αὐτῶν
412 566 456 629 ἐπὶ
476 569 524 643 τὴν
539 569 658 640 ἐξουσίαν
677 576 837 654 καθίστατο,
851 580 897 640 καλ

123 657 195 711 τοῦτο
207 655 238 712 ἐκ
250 658 413 734 περιτροπῆς
426 656 539 735 ἐγένετο,
563 659 674 721 ῖκάστου
688 663 735 736 τλν
752 667 896 744 ἡγεμονίαν

121 741 375 821 πσραλαμύάνσντος
389 746 426 811 είς
438 746 609 825 συγκείμενόν
621 773 680 809 τινα
694 755 803 833 ἡμερῶν
824 760 897 836 ἀριθ-

121 827 176 905 μόν.
218 827 348 899 Ἅπαντις
359 830 383 891 δ’
399 831 426 902 ίξ
449 837 556 895 iuuisse
578 838 767 918 καθεζόμενοι,
798 843 895 925 διῄτων

84 939 96 975 u
119 918 151 977 τά
168 942 196 979 τε
212 920 333 980 ἰδιωτικὰ
353 921 506 998 συμόάλαια
526 926 573 985 καί
591 925 625 987 τδ
648 928 785 1009 δημόσιοι,
809 932 896 994 ὁπόσα

119 1008 180 1088 πρός
204 1032 233 1068 τε
251 1008 382 1080 ὑπηκόους
401 1012 447 1071 καί
468 1014 625 1095 συμμάχους
646 1017 691 1077 καῖ
711 1018 772 1087 τούς
795 1023 896 1082 ἐνδοια-

120 1094 183 1164 στῶς
208 1097 390 1180 ἀκροωμένους
411 1103 459 1172 τῆς
478 1101 579 1170 πόλεως
598 1105 755 1185 έγκλήματα
768 1110 895 1190 τυγχάνοι

118 1185 253 1263 γινόμενα,
276 1187 344 1265 μετὰ
360 1189 449 1262 πάσης
471 1193 680 1263 ἀνασκοποῦντας
696 1195 798 1257 έκαστα
811 1202 892 1261 ίπιει-

118 1275 185 1342 κεέας
207 1299 236 1334 τε
259 1275 305 1335 καὶ
329 1276 508 1350 δικαιοσύνης.
552 1279 658 1343 Ἐδόκει
676 1282 704 1343 δέ
730 1285 827 1365 ἄριστα
848 1288 893 1348 τὀν

69 1375 93 1414 tv
117 1363 228 1425 ίνιαοτδν
246 1364 343 1424 έκεῖνον
358 1364 531 1443 ἠῬωμαέων
546 1370 623 1437 πολις
638 1372 688 1432 ὑπὸ
703 1377 751 1446 τῆς
765 1377 894 1455 δεκαδαρ·

115 1452 173 1531 χέας
188 1456 422 1533 έπιτροπευθῆναε.
467 1457 593 1519 Μάλιστα
615 1458 643 1518 δὲ
662 1464 749 1522 αὐτῶν
770 1466 893 1535 έπηνεῖτο

1673 474 1733 537 633

953 593 1112 648 succedebat.
1145 600 1199 650 lloc
1211 603 1296 651 autem
1314 601 1411 655 viclbus
1431 604 1536 657 serratis
1550 615 1670 675 perpetuo
1685 612 1731 666 ue

951 684 1006 748 bat,
1024 687 1100 751 idque
1111 690 1247 743 edcertum
1259 694 1357 746 dicrum
1370 710 1501 750 numerum
1512 702 1665 769 prestitum,
1682 707 1730 758 do-

950 790 995 828 nec
1008 780 1108 845 ternpus
1122 782 1197 833 annui
1222 783 1336 850 imperii,
1362 789 1429 853 quod
1448 797 1603 856 acceperant,
1621 797 1730 850 elabere·

950 873 1001 923 tur.
1034 875 1127 925 Omnes
1140 880 1231 938 autem,
1251 893 1266 928 a
1284 881 1413 931 matutinis
1433 881 1509 942 boris,
1532 899 1577 950 pro
1598 888 1729 951 tribunali,

950 965 1002 1014 tarn
1016 965 1048 1016 de
1059 967 1172 1030 privatis.
1185 983 1261 1032 quam
1278 973 1310 1022 de
1322 971 1427 1036 publicis
1441 978 1608 1029 contractibus
1625 994 1729 1047 coguos-

947 1057 1046 1119 ccbanl;
1062 1061 1088 1109 et
1101 1072 1188 1111 onmes
1206 1064 1397 1127 controversias,
1410 1079 1566 1135 quaecunque
1581 1076 1645 1126 ortae
1661 1074 1730 1126 'tuis-

947 1153 1001 1200 sent
1011 1163 1069 1202 cum
1082 1151 1211 1217 subjectis,
1231 1159 1275 1206 aul
1289 1158 1373 1219 sociis,
1384 1165 1430 1211 aul
1445 1164 1560 1227 genubus
1570 1166 1653 1219 dubia
1668 1168 1727 1220 ddei

947 1245 1133 1308 ergapcpuium
1148 1249 1294 1312 Romanurn,
1305 1250 1465 1315 dirimebant,
1475 1257 1507 1308 dc
1521 1258 1622 1323 singulis
1631 1274 1728 1315 summa

947 1337 1065 1399 aequitate
1073 1341 1100 1389 et
1111 1338 1208 1402 iustitia
1217 1341 1360 1405 judicantes
1401 1348 1496 1414 litoque
1508 1363 1572 1402 anno
1589 1355 1728 1419 respublica

946 1431 1056 1481 Romana
1077 1431 1240 1485 decemuirali
1257 1435 1363 1503 imperio
1386 1440 1480 1506 optimc
1493 1443 1663 1499 administrata
1685 1450 1726 1501 νῖ-

114 1546 192 1614 ἡτοῢ
205 1544 351 1619 δημοτικοῦ
373 1542 500 1623 πρόνοια,
519 1546 565 1604 κα,
584 1547 649 1628 πρὸς
664 1549 734 1611 ἅπαν
758 1554 788 1613 τὸ
807 1532 893 1633 χχιχ
946 1520 1059 1574 debatur.
1091 1522 1140 1576 Sed
1156 1529 1301 1634 maximein
1315 1531 1363 1581 illis
1383 1532 1531 1585 laudabatur
1549 1537 1628 1642 plebis
1647 1554 1724 1600 eura,
1803 1614 1806 1620 ⁴

115 1628 180 1709 ύπῖρ
192 1634 246 1689 τῶν
258 1631 604 1711 σῖσθενιστέρωνάντέταξις·
617 1636 815 1719 ίλέχθητιθπὸ
827 1645 892 1713 πολ·
945 1620 970 1722 ‚⁹⁸
982 1620 1068 1723 ΜΨ
1089 1633 1189 1724 f'mnem
1210 1638 1262 1674 ”m
1284 1631 1481 1730 pmffmmeum
1505 1631 1639 1737 ³⁰¹¹¹¹¹¹fflj
1658 1636 1726 1698 (ΨΜ

117 1716 177 1787 γῶν,
189 1718 225 1781 ὡς
237 1715 309 1774 οὐχ,
329 1718 367 1775 γρ,
382 1717 469 1790 pm
484 1719 570 1794 ρχμο,
588 1726 755 1798 προστατῶν,
770 1727 829 1788 ορδρ
841 1730 892 1786 τῶν
944 1709 1144 1764 ambecrlborrbus
1176 1716 1302 1780 terebant,
1324 1722 1497 1785 motatumque
1522 1737 1538 1773 a
1564 1725 1725 1788 multisona

63 1823 88 1860 rs
117 1803 202 1861 ἄλλων
227 1801 341 1883 άρχείων
364 1809 398 1885 τῇ
421 1807 508 1879 πολιι,
532 1817 594 1884 μιᾶς
617 1810 766 1884 διωκούσης
787 1813 893 1876 ἅπαντα
945 1804 996 1854 iore
1014 1805 1121 1870 amplius
1136 1821 1199 1872 opus
1214 1808 1307 1861 deitati
1321 1811 1427 1863 tribunis
1444 1814 1524 1879 plebis
1536 1816 1623 1869 aliisve
1632 1821 1722 1885 magis-

112 1895 250 1970 φφρμοςγρς
265 1895 417 1976 σώφρονος,
436 1891 467 1969 ἧς
486 1900 602 1980 ἀρχηγὸς
615 1901 730 1972 ⁷,me
749 1895 818 1965 ,im
830 1906 889 1968 330¹,
943 1900 1059 1962 mribus,
1086 1902 1151 1966 quod
1175 1904 1249 1954 unios
1277 1905 1395 1969 prudenti
1423 1906 1600 1973 moderatoque
1620 1912 1724 1977 imperio

112 2002 161 2040 κη,
204 1982 259 2042 Καὶ
280 1982 326 2041 τὸν
341 1984 407 2063 ,sulp
428 1984 492 2050 ὅλης
511 1992 558 2059 τῆς
582 1988 760 2071 δεκαδαρχίας
780 1991 888 2054 imo„
941 1992 1023 2042 omnia
1035 1995 1104 2045 recte
1112 1994 1350 2058 administrarentur,
1366 1996 1437 2060 cuius
1450 1999 1566 2065 princeps
1583 2001 1721 2055 laudabatur

111 2070 206 2137 ἐκεῖνος
226 2069 333 2151 ῖφέρετο
356 2072 430 2151 παρὰ
445 2079 491 2134 τοῦ
505 2074 601 2151 δήμου.
643 2081 684 2138 Οὐ
701 2078 753 2160 γὰρ
769 2081 848 2157 μόνον
870 2083 887 2143 ἃ
942 2087 1045 2152 Appius,
1057 2090 1101 2152 qai
1116 2089 1193 2141 totius
1201 2090 1387 2143 decemviratus
1400 2092 1527 2145 laudema
1544 2097 1635 2160 populo
1655 2099 1721 2151 lere·

114 2155 181 2232 μετά
195 2160 248 2216 τῶν
262 2160 350 2218 ἄλλων
364 2157 511 2239 ἔπραττεν,
528 2162 581 2223 ἀπὸ
595 2168 642 2223 τοῦ
657 2166 797 2245 κρατίστου
818 2191 887 2250 χρη·
941 2179 992 2232 bat.
1025 2183 1087 2232 Nam
1110 2197 1160 2233 uou
1181 2184 1390 2248 casulamque
1412 2188 1599 2253 cumcoltegiis
1627 2192 1722 2255 optimo

111 2246 232 2319 στότητος
245 2245 334 2327 έφιρεν
348 2248 421 2328 αύτῷ
434 2249 564 2329 δόκησιν,
577 2253 647 2311 ἀλλὰ
667 2254 734 2313 πολὺ
748 2259 853 2332 μᾶλλον
869 2259 887 2318 ά
941 2272 1128 2336 εινῖυιοαασῖιοῑ,
1140 2274 1280 2339 opinionem
1294 2278 1425 2341 probitatis
1442 2280 1465 2333 ei
1483 2282 1660 2346 conciliabant;
1675 2286 1721 2336 sed

110 2338 168 2394 κατ’
183 2335 252 2394 ἰδέαν
266 2336 428 2409 έπιτηδεύων
444 2338 572 2412 διετέλει,
586 2342 656 2401 κατά
676 2365 706 2402 τε
726 2346 886 2423 ἀσπασμοὺς
939 2369 1118 2433 multomagis
1138 2383 1177 2431 en,
1190 2385 1249 2434 quae
1269 2385 1315 2436 per
1331 2386 1358 2424 se
1376 2374 1429 2438 lpse
1449 2377 1548 2428 ossillum
1569 2382 1717 2443 exercebat,

109 2422 152 2482 καί
175 2424 396 2505 προσαγορεύσεις
419 2426 635 2505 φιλανθρώπως,
660 2433 706 2489 καὶ
731 2432 780 2501 τὰς
804 2434 886 2503 άλλας

108 2514 158 2569 τῶν
173 2510 292 2581 πενήτων
310 2512 520 2592 φιλοφρονήσεις.
562 2506 645 2574 Οὗτοι
659 2519 684 2576 σί
699 2517 764 2578 δέκα
779 2518 883 2600 ἄνδρες,

108 2597 305 2678 συγγράψαντες
324 2599 419 2676 νόμους
441 2599 473 2659 ίκ
493 2625 524 2661 τι
542 2605 594 2661 τῶν
609 2602 776 2676 Ἑλληνικῶν
797 2609 885 2686 νόμων

106 2685 151 2743 καῖ
164 2687 217 2744 τῶν
229 2685 302 2764 παρά
314 2709 402 2765 σφισιν
417 2690 505 2757 αὐτοῖς
520 2691 645 2774 ἀγράφων
659 2695 787 2772 ἐθισμῶν,
802 2696 885 2779 πρού·

106 2779 188 2844 θηκαν
203 2777 230 2834 έν
245 2774 310 2835 δέκα
326 2774 425 2844 δελτοις
440 2779 479 2856 τῷ
495 2779 649 2862 βουλομένῳ
665 2790 789 2861 σκοπεῖν,
806 2785 885 2867 δεχό-

106 2884 178 2935 μενοι
201 2869 292 2922 πᾶσαν
314 2863 492 2942 ῖπανόρθωσιν
517 2868 647 2944 ἰδιωτῶν,
672 2870 719 2929 καὶ
743 2870 809 2952 πρδς
835 2873 884 2945 ris

104 2950 192 3024 κοινὴν
208 2952 379 3031 εὐαρέστησιν
394 2952 583 3022 άπευθύνοντες
596 2955 631 3014 τὰ
641 2959 787 3039 γραφέντα.
828 2961 883 3022 Καὶ

103 3039 184 3121 μέχρι
193 3042 293 3100 πολλοῦ
307 3040 453 3101 διετέλεσαν
469 3045 496 3101 ἐν
517 3048 596 3125 κοινῷ
612 3047 680 3121 μετδι
699 3050 752 3106 τῶν
768 3050 882 3129 ἀρίστων

39 3134 71 3172 ³⁰
103 3132 205 3211 ἀνδρῶν
221 3129 434 3209 συνεδρεύοντες,
453 3133 498 3191 καῖ
511 3134 559 3207 τὴν
575 3134 770 3215 ἀκριὸιστάτην
790 3139 881 3200 ποιού·

102 3241 177 3296 μενοι
190 3222 237 3290 τῆς
254 3218 407 3298 νομοθεσίας
423 3219 553 3288 ἐξέτασιν.
573 3221 686 3298 Ἐπειδὴ
696 3226 724 3285 dl
739 3228 882 3310 άποχρέιν-

102 3331 155 3375 τως
176 3307 298 3386 ίραῖνετο
312 3308 399 3375 αὐτοῖς
409 3309 443 3369 τά
456 3309 591 3391 γραφέντα
608 3311 697 3392 ἔχειν,
712 3318 818 3394 πρῶτον
832 3317 881 3395 μὲν

99 3395 151 3467 τὴν
174 3393 271 3474 βουλὴν
292 3394 504 3476 συναγαγόντες,
528 3399 632 3466 οὐδενὸς
648 3401 687 3459 έτι
706 3404 878 3483 μεμφομένου

83 3488 155 3551 ’τοῖς
179 3484 282 3561 νόμοις,
311 3484 500 3566 προύούλιυμα
526 3487 588 3566 πιρλ
616 3492 705 3548 αὐτῶν
728 3493 878 3572 ἐκύρωσαν.

940 2460 1069 2512 salutando
1082 2465 1108 2512 et
1135 2463 1281 2527 appellando
1295 2467 1409 2524 comiter,
1430 2468 1534 2531 aliisquo
1552 2471 1640 2521 otlrciis
1659 2486 1720 2538 pau·

940 2564 1012 2616 peres
1034 2552 1192 2604 demerendo.
1225 2555 1258 2605 lli
1269 2555 1404 2607 decemviri
1415 2557 1483 2621 leges
1494 2562 1645 2627 conscriptas
1665 2568 1719 2617 tum

939 2657 971 2695 ex
987 2645 1129 2697 Graecorum
1141 2647 1212 2709 jure,
1222 2651 1278 2698 tum
1297 2662 1330 2700 en
1348 2650 1401 2700 anis
1418 2652 1530 2703 moribus
1541 2667 1591 2704 non
1604 2657 1717 2721 scriptis,

940 2737 1063 2792 indecem
1082 2739 1174 2791 tabulis
1197 2740 1299 2793 cuilibet
1320 2745 1504 2808 cognoscendas
1519 2755 1716 2812 proposuerunt,

938 2831 1047 2883 omnium
1065 2834 1217 2898 privatorum
1235 2836 1414 2888 correctionem
1437 2836 1605 2903 admittentes,
1623 2847 1649 2893 et
1670 2842 1717 2894 troc

937 2928 1045 2988 agentes,
1060 2929 1089 2975 ut
1106 2925 1174 2988 leges
1198 2927 1298 2992 scripte
1316 2929 1431 2980 omuibus
1453 2931 1587 2995 placerent.
1619 2936 1718 3000 Diuque

936 3017 962 3067 ln
972 3018 1072 3083 publico
1094 3032 1153 3070 cum
1175 3020 1277 3085 optimis
1298 3022 1440 3086 quibusque
1453 3024 1516 3076 uiris
1531 3026 1563 3078 de
1575 3028 1605 3078 iis
1622 3029 1716 3093 legibus

936 3112 1117 3174 consultarunt,
1131 3126 1174 3164 eas
1183 3113 1370 3167 accuratissime
1384 3119 1561 3170 examinantes.
1594 3120 1641 3172 Ubi
1656 3136 1716 3175 vero

936 3200 1003 3269 leges
1028 3206 1127 3271 scriptus
1143 3207 1205 3258 uisoe
1228 3212 1290 3259 sunt
1312 3209 1374 3260 satis
1398 3209 1716 3279 benehabcre,pr1mum

936 3302 1023 3350 coacto
1033 3301 1130 3359 senatu,
1144 3301 1242 3351 nemine
1255 3302 1362 3366 amplius
1371 3316 1413 3352 eas
1430 3303 1498 3369 leges
1512 3306 1713 3372 reprehendente,

935 3392 1177 3443 senatusconsultum
1194 3393 1227 3444 de
1247 3393 1307 3458 ipsis
1317 3395 1437 3449 lecerunt.
1470 3398 1563 3449 Deinde
1576 3398 1714 3474 populo'ad

936 3484 1035 3535 comitia
1046 3485 1184 3536 centuriata
1197 3492 1351 3549 convocato,
1369 3489 1539 3552 pontificibus,
1559 3493 1711 3559 auguribus,

935 3577 1038 3642 aliisque
1069 3578 1240 3628 sacerdotibus
1266 3581 1446 3643 praesentibus,
1470 3585 1497 3633 et
1523 3596 1550 3633 re
1573 3583 1657 3635 divina
1681 3598 1714 3636 ea

936 3682 1023 3719 eorum
1042 3668 1187 3734 prescripto
1201 3670 1233 3719 de
1250 3684 1318 3721 ruore
1334 3672 1399 3723 lacta
1413 3674 1539 3725 centurias
1553 3676 1579 3726 in
1596 3677 1713 3742 sutfragia

938 3759 1059 3810 misemnt
1092 3760 1170 3821 Leges
1184 3764 1267 3811 antem
1284 3760 1414 3825 plebiscito
1429 3778 1528 3828 qnoque
1539 3766 1711 3830 confirmatas,

33 3577 64 3616 ³⁶
96 3568 218 3632 Ἔπειτα
232 3572 276 3632 τδν
291 3575 375 3652 δῆμον
392 3574 551 3644 καλέσαντες
563 3578 600 3644 ιῖς
615 3575 662 3648 τλν
673 3580 773 3658 λοχῖτιν
783 3583 881 3654 έκκλη-

96 3659 179 3737 σίαν,
194 3662 391 3740 ἱερομνημόνων
409 3686 438 3721 τε
454 3663 501 3723 καῖ
515 3668 678 3737 οῖωνιστῶν,
692 3668 739 3725 καῖ
755 3671 808 3726 τῶν
825 3671 875 3730 άλ-

96 3756 154 3810 λων
170 3752 260 3830 ίιρέων
275 3751 427 3831 παρόντων,
447 3756 492 3812 καῖ
506 3753 541 3812 τά
559 3760 616 3813 θεῖα
631 3758 665 3822 ὡς
678 3756 757 3833 νόμος
779 3757 877 3836 έξηγη-

94 3840 240 3916 σαμένοιν,
251 3842 385 3902 ἀνέδωκαν
400 3844 454 3910 τοῖς
469 3843 617 3930 λόχοιςμὰς
631 3845 745 3928 ψήφους,
765 3847 880 3910 Ἐπεχυ-
933 3852 994 3903 etin
1007 3852 1065 3904 eris
1081 3852 1202 3903 columnia
1224 3854 1324 3914 incisas,
1347 3854 1372 3906 iu
1394 3856 1450 3907 loeo
1464 3857 1512 3915 lori
1526 3861 1634 3910 maxime
1648 3874 1709 3911 oon·

94 3930 232 4010 ρόνσαντος
256 3930 284 3989 di
308 3930 413 3991 καὶτοῦ
439 3930 524 4010 δήμου
545 3932 604 4000 τοὺς
630 3932 744 4009 νόμους,
767 3939 879 4008 στήλαις
935 3945 1023 4010 sptcuo
1044 3944 1130 3996 ordine
1148 3946 1281 4011 dispositas
1300 3954 1490 4011 proposuerunt.
1523 3953 1555 4001 Et
1578 3964 1657 4013 quum
1680 3952 1712 4004 de

24 4028 58 4067 ευ
90 4020 212 4098 χαλκαῖς
247 4017 456 4099 ῖγχαράξαντες,
492 4019 584 4088 αύτούς
613 4021 702 4102 έφεξῆς
730 4024 822 4086 ἔθεσαν
851 4029 879 4087 όν
932 4053 1107 4092 annuoeornm
1123 4039 1269 4105 magistratu
1292 4054 1343 4091 nou
1358 4040 1467 4092 mulium
1487 4047 1638 4108 superesset,
1649 4059 1709 4096 cou-

89 4087 202 4188 σίγορᾷ,
217 4104 261 4166 τὸν
277 4105 485 4188 {mmmm
500 4106 670 4188 trititiam:
691 4111 782 4173 τόπον.
822 4116 878 4175 Καί
931 4134 1028 4184 vocatis
1048 4133 1169 4197 patribus,
1184 4133 1216 4183 ad
1235 4147 1279 4183 eos
1297 4133 1329 4183 de
1341 4134 1451 4184 comitiis
1470 4136 1618 4197 retulerunt,
1632 4139 1710 4191 utri·

88 4195 190 4265 ἕπῑῑδῆ
206 4193 330 4276 imit&
340 4199 387 4267 ῒῆς
396 4198 481 4277 ἀρχῆς
493 4201 580 4264 αὖτῡῖε
591 4198 683 4279 χρόνοι
697 4199 877 4278 &hiddi-illo<
930 4224 1018 4276 dorent
1028 4227 1131 4289 quinam
1146 4225 1246 4276 creandi
1259 4230 1341 4277 essent
1352 4228 1523 4291 magistratus.

86 4276 147 4356 ἦν,
172 4284 363 4363 συναγαγόντες
385 4284 445 4352 τούς
468 4288 629 4362 βουλευτάς,
646 4288 791 4370 προύθεσαν
810 4292 877 4376 ὑπέρ

87 4372 277 4453 ἀρχαιρεσίων
292 4362 335 4431 οἷα
346 4370 400 4453 χρὴ
411 4371 533 4451 γενέσθαι
544 4380 662 4436 σκοπεῖν.

20 4476 48 4513 ιο
136 4460 240 4523 LVttl.
262 4461 374 4521 Πολλῶν
393 4459 422 4520 δέ
435 4462 600 4542 λιχθέντων,
615 4464 736 4537 ῖνῖκησεν
750 4471 768 4540 ἡ
782 4468 876 4547 γνώμη
960 4482 1048 4533 Lvlll.
1072 4482 1132 4531 l’ost
1161 4480 1254 4533 multos
1277 4484 1361 4534 numm
1388 4485 1537 4549 sententias,
1561 4484 1625 4539 bine
1648 4489 1711 4541 iude

84 4551 149 4607 τῶν
165 4547 365 4631 παραινούντων
382 4548 558 4630 δεκαδαρχίαν
576 4543 648 4618 αὖθις
670 4552 808 4623 ἀποδεῖξαι
823 4558 876 4615 τῶν
930 4567 1026 4627 dictes,
1051 4579 1082 4617 ea
1106 4564 1175 4625 uicit,
1198 4580 1257 4629 qnae
1281 4567 1413 4631 censebat,
1442 4570 1599 4622 decemviros
1621 4575 1710 4628 itemm

87 4639 195 4696 κοινῶν
209 4636 313 4717 κυρίαν.
328 4637 435 4710 Ἀτελής
452 4661 481 4698 τε
495 4639 549 4722 γάρ
561 4646 579 4714 ἡ
591 4643 733 4719 νομοθεσία
744 4643 876 4723 ἐφαίνετο,
930 4655 1063 4717 creandos,
1077 4657 1204 4718 totiusque
1227 4656 1369 4721 reipublice
1386 4672 1512 4709 summam
1529 4660 1578 4711 illis
1594 4664 1708 4715 commit·

83 4729 131 4789 ὡς
144 4723 179 4784 δν
193 4724 220 4795 t}
233 4727 322 4804 ὀλίγον
340 4732 494 4788 συντεθεῖσα
512 4728 623 4810 χρόνου,
637 4730 684 4789 καῖ
698 4730 743 4788 let
756 4739 811 4797 τοῖς
824 4731 875 4804 ἤδη
930 4747 1037 4796 leudam.
1070 4745 1209 4797 Videbatur
1234 4746 1300 4797 enim
1323 4746 1418 4810 aliquid
1444 4747 1531 4800 deesse
1555 4749 1639 4813 legum
1659 4767 1708 4803 ηη.

84 4814 305 4896 κεκυρωμένας,
327 4813 372 4876 ἵνα
391 4815 493 4885 έκόντις
515 4841 545 4877 τε
565 4819 610 4876 καὶ
625 4817 733 4885 ἄκοντες
748 4821 775 4877 tu
790 4821 877 4888 αὐτοῖς
929 4846 1013 4894 mero,
1035 4839 1137 4899 propter
1151 4834 1299 4887 brevitatem
1314 4835 1449 4899 temporis,
1464 4850 1515 4899 qno
1534 4838 1633 4890 tuerent
1647 4855 1708 4892 eou-

20 4922 42 4951 ν·
82 4903 218 4978 μένοιεν,
242 4904 326 4964 ῖδόκιι
348 4906 402 4965 δεῖν
415 4927 485 4972 τινος
505 4907 589 4986 ἀρχῆς
608 4906 809 4986 αὐτοκράτορος.
837 4909 876 4968 tl
929 4921 1058 4979 dilectet,
1071 4926 1100 4973 ut
1117 4921 1184 4988 leges
1198 4936 1250 4987 pam
1269 4923 1327 4974 latre
1340 4937 1355 4974 ε
1368 4923 1511 4975 volentibus
1524 4928 1551 4975 et
1568 4927 1709 4978 nolentibus

81 4992 121 5051 δὲ
137 4992 257 5068 μάλιστα
270 5003 367 5054 πεῖσαν
380 4993 476 5063 αύτούς
495 4997 655 5076 προελέσθαι
678 4997 726 5070 τὴν
743 4997 876 5079 δεκαδαρ-
928 5008 1128 5067 observarentur,
1151 5022 1215 5073 opus
1225 5023 1281 5061 esse
1300 5023 1410 5062 rursum
1423 5012 1530 5077 aliequ
1545 5014 1708 5077 magistratus

77 5080 157 5162 yies
183 5073 216 5154 ἦν
229 5088 248 5155 ἡ
263 5088 316 5144 τῶν
330 5088 477 5165 δημάρχων
492 5084 656 5157 κατάλυσις,
681 5084 808 5153 θπαντδς
821 5086 875 5164 μά·
928 5108 1026 5146 summa
1039 5108 1069 5146 ac
1090 5095 1169 5146 libera
1187 5099 1317 5159 potestate.
1352 5097 1425 5157 Quod
1449 5104 1535 5151 autem
1550 5100 1707 5164 potissimum

78 5150 177 5230 beorn
193 5171 343 5238 έόούλοντο.
385 5177 479 5237 Ταῦτα
492 5173 541 5253 μέν
556 5176 582 5234 έν
594 5178 674 5257 καινῷ
688 5174 876 5250 σκοπουμένοις
929 5198 972 5236 eos
980 5183 1086 5245 induxit,
1094 5184 1286 5236 utdecemriros
1299 5186 1378 5237 creari
1389 5187 1500 5247 mallent,
1514 5187 1563 5238 init
1573 5189 1706 5240 tribunitiae

76 5260 186 5330 αὐτοῖς
199 5262 296 5323 έδύκιι·
316 5262 371 5348 trip
391 5262 419 5325 tt
436 5266 460 5325 οῖ
477 5264 653 5345 πρωτεύοντες
674 5269 720 5322 τοῦ
740 5262 873 5346 συνεδρίου
930 5272 1213 5340 μοιεείειῖιεῖιτυμείῖο,
1227 5288 1303 5338 quam
1319 5277 1425 5328 maxime
1435 5276 1592 5344 exoptabant.
1627 5282 1707 5342 Atque
