4068 5924
593 455 887 528 AN‘HQUITATUM
909 456 1057 518 ROMAN.
1080 459 1153 518 ΜΒ.
1177 460 1228 519 tit.

120 616 134 642 ιι
157 589 274 669 παρεῖχέ
296 611 340 665 μοι
368 589 414 647 καί
437 588 598 667 ἀμηχανίαν.
642 587 851 663 Ἐνθυμούμενος
871 587 903 659 δὴ

121 707 135 732 ι
154 685 243 737 ταῦτα
265 681 311 748 τῆς
336 675 384 754 μὲν
406 675 450 733 ἐπί
470 674 529 742 τοὺς
547 679 650 753 ἀγῶνας
668 678 750 755 ὁρμῆς
774 674 904 756 ἐπέσχον,

122 796 134 817 ι
156 764 293 831 ἀντύολδις
307 764 335 821 δέ
350 764 395 823 καί
411 763 546 843 διατριόδις
559 765 701 840 ἐποιούμην
718 768 762 822 τοῖνΙ
773 764 902 840 πολίμου,

120 881 133 906 ι
155 853 301 932 προτέρους
320 858 389 929 ὑμᾶς
406 851 523 927 οἰόμενος
536 853 589 909 δεῖν
607 851 697 930 ἄρχειν
716 854 767 910 τῶν
783 852 844 931 περὶ
862 876 904 935 φι-

84 964 96 999 s
120 972 133 997 ι
155 944 219 1011 λίας
241 944 339 1018 λόγων·
362 943 408 1000 καὶ
431 942 482 999 ἔδει
497 963 540 1020 γε,
562 929 584 998 ιδ
605 940 709 1016 Τύλλε,
730 947 806 1000 τοῦτο
821 950 903 1001 ποιεῖν

122 1060 134 1083 ι
158 1036 231 1108 ὑμᾶς
247 1033 371 1096 ἀποίκους
385 1029 462 1095 ὄντας
475 1030 568 1106 ἡμῶν,
585 1027 679 1106 καὶμὴ
695 1028 844 1107 περιμένειν
856 1029 904 1097 ἕως

121 1149 134 1174 ι
157 1127 176 1191 ἠ
204 1118 366 1198 μητρόπολις
391 1117 468 1197 άρξ..
508 1112 597 1189 Ὅσης
629 1116 680 1197 γδιρ
705 1116 804 1185 ἀξιοῦσι
827 1124 904 1195 τιμῆς

121 1236 133 1265 ι
156 1210 301 1288 τυγχάνειν
318 1210 341 1266 οἱ
355 1206 468 1287 πατέρες
482 1204 556 1286 παρδι
570 1209 621 1263 τῶν
635 1205 763 1284 ἐκγόνων,
776 1208 903 1280 τοσαύτης

121 1327 133 1351 ι
158 1298 338 1364 οἰκτίσαντες
359 1295 406 1362 τδς
427 1295 516 1359 πολεις
530 1296 603 1375 παρὰ
617 1298 669 1353 τῶν
686 1294 814 1356 ἀποίκων.
857 1295 903 1356 Ἐν

76 1406 98 1441 ιιι
123 1415 134 1439 ι
157 1377 220 1465 ‘bb'
233 1390 311 1462 ἡμεῖς
327 1385 471 1462 ἐμέλλομεν
486 1381 532 1440 καί
546 1390 745 1462 παρετηροῦμεν
761 1386 903 1459 ἀλλήλους,

20 1460 21 1533 ί
122 1502 134 1528 ι
157 1474 270 1553 πότεροι
283 1476 335 1531 τῶν
351 1469 521 1550 εὐγνωμόνων
537 1469 642 1549 ἀρξουσι
655 1472 758 1550 λόγων,
776 1471 851 1551 ἑτέρα
865 1498 904 1540 τις

122 1592 134 1616 ε
157 1568 235 1637 ἡμᾶς
250 1561 352 1639 ἀνάγκη
372 1560 497 1639 κρείττων
515 1559 628 1627 ἅπαντος
644 1559 806 1638 ἀνθρωπίνου
827 1563 901 1640 λογι-

122 1680 134 1705 «
160 1656 233 1728 σμοῦ
254 1648 437 1728 περιλαύοῦσα
457 1647 621 1725 συνάγονῆν
636 1646 688 1725 ἐγὼ
706 1648 850 1725 πυθόμενος
864 1649 903 1707 ἔτι

122 1770 134 1795 ι
156 1739 340 1799 λανθάνουσαν
364 1740 448 1821 ὑμᾶς,
468 1736 552 1794 οὐκέτ’
568 1736 659 1810 ᾠόμην
679 1736 731 1793 δεῖν
745 1740 792 1807 τῆς
808 1736 903 1816 εὖπρε·

77 1846 97 1883 ιο
123 1858 134 1880 ι
158 1828 238 1895 πείας
251 1831 304 1886 τῶν
319 1826 467 1900 διαλλαγῶν
480 1823 662 1904 στοχάζεσθαι.
707 1816 903 1904 uerenda&

122 1948 133 1971 ι
156 1918 262 1987 Τύλλε,
282 1913 402 1993 μηχαναί
421 1913 563 1973 πλέκονται
582 1912 641 1971 καθ’
656 1916 749 1988 ἡμῶν,
765 1911 809 1971 καί
831 1913 904 1982 δόλος

121 2035 134 2059 ι
157 2010 274 2086 ἄφυκτος
289 2003 419 2082 ἔρραπται
431 2001 488 2060 κατ’
502 2001 672 2081 ἀμφοτέροιν,
683 1999 710 2067 ὃς
721 1999 829 2075 ἔμελλεν
841 2004 902 2060 ἀκο·

125 2123 136 2145 ·
158 2094 213 2153 νιτί
231 2091 276 2151 καί
293 2091 355 2171 δίχα
371 2089 452 2149 πόνου
466 2089 553 2149 πάντα
569 2088 716 2167 συντρίψειν
738 2087 783 2147 καί
798 2089 903 2170 διαρθε·

124 2214 136 2235 ι
160 2191 214 2262 priv
238 2183 316 2258 ἡμῶν
338 2178 373 2238 τά
395 2179 541 2257 πράγματα
566 2177 645 2255 πυρὸς
661 2174 678 2245 ἢ
694 2181 814 2254 ποταμοῦ
828 2176 902 2250 δίκην

76 2287 98 2322 ar
124 2299 136 2324 ι
157 2268 294 2346 ἐμπεσών.
335 2265 497 2345 Δημιουργοὶ
515 2263 543 2323 δὲ
559 2267 612 2322 τῶν
627 2262 739 2322 ἀνοσίων
755 2267 903 2342 βουλευμά-

124 2387 136 2412 ι
158 2382 212 2418 των
227 2356 292 2416 εἰσὶν
308 2360 332 2413 οἱ
346 2353 523 2413 δυνατώτατοι
539 2353 693 2424 Φιδηναίων
706 2375 735 2410 τε
749 2352 794 2410 καὶ
809 2356 904 2414 Ούῖεν-

124 2475 136 2500 ι
159 2448 245 2505 τανῶν
269 2443 443 2508 συνελθόντες.
485 2437 581 2507 Ὅστις
609 2439 632 2499 δ’
657 2444 671 2498 6
695 2444 742 2511 τῆς
762 2441 903 2513 ἐπιόουλῆς

123 2564 135 2587 ι
159 2536 247 2591 αὐτῶν
264 2530 358 2611 τρόπος
372 2520 422 2602 ἦν,
438 2528 483 2587 καί
499 2528 579 2588 πόθεν
595 2530 631 2592 είς
647 2527 693 2604 ἐμὲ
713 2533 731 2600 ἡ
752 2531 805 2586 τῶν
821 2531 903 2609 cnop·

124 2652 136 2675 ι
158 2622 243 2703 ρήτων
261 2619 446 2701 βουλευμάτων
461 2621 554 2694 γνῶσις
570 2617 708 2690 ἐλήλυθεν,
721 2616 861 2677 ἀκούσατε.
879 2648 891 2671 ι

75 2730 98 2764 ‘⁵
166 2714 238 2774 b'lll.
259 2710 345 2771 Ταῦτ’
357 2707 437 2768 εἰπὼν
454 2709 544 2766 δίδυισι
557 2711 608 2766 τῶν
620 2705 757 2784 παρόντων
774 2703 824 2764 τινί
841 2707 903 2763 ἀντ-

123 2805 220 2876 γνῶναι
230 2799 278 2866 τάς
289 2797 441 2869 ἐπιστολάς,
453 2796 483 2863 ἃς
493 2798 564 2876 αὐτῷ
574 2793 721 2870 κεκομικώς
733 2816 771 2859 τις
777 2790 902 2873 ἐτύγχανε

123 2890 196 2970 παρὰ
213 2892 263 2948 τῶν
280 2891 307 2947 ἐν
323 2887 430 2966 Φιδήνῃ
445 2884 539 2956 ξένων,
554 2885 600 2944 καὶ
613 2882 658 2942 τδν
674 2881 812 2961 κομίσαντ’
822 2881 902 2948 αύτάς

125 2979 289 3058 παρήγαγεν.
331 2974 558 3052 Ἀναγνωσθεισῶν
575 2972 602 3031 δέ
616 2975 667 3030 τῶν
692 2971 836 3029 ἐπιστολῶν
857 2972 902 3028 καί

125 3071 170 3125 τοῦ
184 3068 275 3146 ἀνδρὸς
291 3062 487 3142 διηγησαμένου
507 3061 585 3122 πάνθ’
599 3060 649 3119 ὅσα
663 3059 737 3137 παρὰ
753 3062 806 3117 τῶν
820 3062 902 3118 ἐπιτι·

75 3176 99 3215 σο
125 3155 237 3231 θεμένων
255 3153 334 3221 αύτδς
350 3151 403 3211 aab
418 3151 548 3227 στόματος
564 3150 691 3223 ἤκουσεν,
707 3145 856 3219 ἐκπλήξεώς
873 3172 902 3206 τε

125 3243 241 3320 μεγάλης
254 3239 443 3321 κατασχούσης
458 3239 517 3304 τοὺς
540 3238 696 3309 ἀκούοντας,
712 3226 745 3294 οἷ’
762 3236 831 3303 είκδς
858 3236 901 3294 ἐπὶ

125 3332 273 3410 τηλικούτῳ
293 3330 369 3408 κακῷ
393 3331 459 3404 παρ’
485 3327 592 3391 ἐλπίδας
616 3323 784 3396 ἀκουσθέντι,
810 3324 901 3401 μικρὸν

125 3417 241 3497 ίπισχὼν
257 3422 271 3475 6
284 3416 448 3496 Φουφέττιος
461 3415 540 3473 πάλιν
553 3413 653 3481 ἔλεξεν·
674 3439 688 3465 ιι
700 3412 842 3483 ’λκηκόκτε
856 3412 903 3479 τὰς

126 3532 139 3558 ι
161 3509 263 3581 αἰτίας,
287 3504 380 3582 ἄνδρες
401 3500 550 3577 Ῥωμαῖοι,
577 3503 610 3560 δι’
634 3500 664 3567 ἀς
688 3498 739 3576 ἐγὼ
767 3500 831 3565 τέως
854 3498 902 3573 μὲν

77 3622 100 3659 τ’,
126 3621 138 3645 ι
162 3592 347 3668 ἀνείολλόμην
364 3589 426 3656 τοὺς
449 3590 511 3668 πρὸς
527 3593 595 3667 ὑμᾶς
618 3591 734 3665 ἀγῶνας,
755 3590 800 3645 ν’ύν
816 3584 843 3644 δέ
857 3586 902 3644 καί

126 3709 138 3735 ι
161 3684 215 3739 τῶν
240 3680 301 3759 περί
326 3680 412 3758 φιλίας
433 3677 535 3751 ἠξίωσα
550 3678 674 3756 πρότερος
690 3674 781 3755 άρχειν
806 3674 900 3747 λόγων.

126 3798 138 3822 ι
163 3769 257 3846 Ὑμεῖς
281 3766 308 3825 δὲ
328 3768 356 3827 τδ
383 3766 452 3843 μετὰ
477 3766 545 3826 τοῦτ’
561 3764 612 3838 ἤδη
632 3770 770 3836 σκοπεῖτε,
794 3762 902 3843 πότερον

125 3887 138 3913 ι
160 3858 247 3918 οἴεσθε
272 3857 325 3916 δεῖν
346 3855 405 3936 περὶ
430 3855 534 3934 βοῖδίων
555 3855 601 3914 καί
623 3851 764 3931 προύαίτων
782 3852 904 3932 ἁρπαγῆς

126 3977 138 3999 ι
160 3948 303 4007 άσπειστον
322 3945 437 4019 πόλεμον
454 3944 593 4025 φυλάττειν
608 3940 671 4020 πρὸς
686 3938 745 4007 τούς
763 3940 904 4006 κτίσαντας

80 4063 102 4099 ιο
128 4064 140 4089 τ
159 4036 204 4095 καλ
218 4033 355 4114 πατέρας,
375 4035 402 4091 ἐν
419 4022 441 4113 ᾧ
457 4032 501 4090 καί
517 4030 691 4111 κρατηθέντες
706 4028 845 4085 ἀπολεῖσθε
859 4027 904 4086 καὶ

128 4152 141 4177 ι
162 4123 356 4203 κρατήσαντες,
373 4119 390 4192 ἢ
414 4120 603 4196 διαλυσάμενοι
619 4115 665 4188 τὴν
681 4115 746 4194 πρὸς
760 4113 819 4180 τοὺς
837 4137 901 4191 συγ-

129 4240 141 4261 ·
161 4220 243 4287 γονεῖς
264 4211 364 4290 ίχθραν
381 4208 439 4285 μεθ’
453 4212 531 4285 ἡμῶν
548 4207 592 4265 ἐπί
611 4204 670 4271 rob<
684 4200 784 4269 κοινοὶις
799 4200 904 4281 ἐχθρούς

130 4329 141 4353 ι
162 4309 275 4380 χωρεῖν,
292 4298 320 4358 oi
330 4298 357 4377 γ’
370 4299 400 4357 οὗ
418 4297 495 4375 μόνον
520 4296 666 4354 ἀπόστασιν
682 4290 841 4353 ἐόούλιυσαν
860 4292 905 4371 ἀφ’

130 4418 142 4441 ·
165 4395 238 4465 ἡμῶν
253 4388 324 4449 ἀλλά
337 4389 383 4446 καὶ
398 4386 597 4455 ἐπανάστασιν,
612 4383 672 4442 οὔτε
686 4378 842 4446 πεπονθότες
855 4379 906 4436 δει-

82 4502 102 4539 ts
131 4508 144 4532 ι
165 4482 208 4538 νδν
228 4476 318 4550 οὐδέν,
333 4474 395 4534 οὔτε
417 4474 455 4552 μὴ
480 4473 585 4533 πείθοντι
601 4469 725 4534 δεδιότες·
741 4468 787 4527 καί
805 4465 859 4526 οὐδ’
875 4467 906 4524 ἐκ

129 4595 143 4620 ι
163 4572 208 4626 τοῦ
223 4568 338 4648 ρανιροδ
359 4563 479 4622 ἐπέθεντο
500 4562 564 4637 ἡμῖν
573 4606 582 4639 ,
598 4563 632 4625 b<
648 4561 662 4617 6
676 4558 760 4623 κοινὸς
777 4554 842 4623 ἀξιοῖ
860 4559 905 4613 τοῦ

130 4682 142 4707 ·
164 4654 281 4729 πολέμου
296 4652 388 4729 νόμος,
405 4651 464 4709 ἀλλ’
480 4650 531 4708 ὑπὸ
555 4648 678 4720 σκότους,
702 4647 738 4710 ὡς
758 4643 789 4702 δν
815 4640 904 4713 ἥκισθ’

130 4771 143 4797 ι
166 4741 283 4802 ὑπίδοιτό
300 4764 341 4808 τις
357 4741 444 4799 αὐτῶν
460 4740 509 4810 τὴν
524 4736 666 4809 ἐπιδουλην
688 4735 734 4793 καί
750 4730 904 4813 φυλάξαιτο.

130 4862 142 4887 ι
163 4831 243 4892 iiiii
257 4828 309 4911 γάρ
332 4830 373 4888 dra
394 4827 442 4905 μὲν
463 4829 506 4887 ἐπὶ
530 4825 589 4893 τοὺς
615 4823 733 4888 ἀνοσίους
758 4816 907 4896 ἀνθρώπους

81 4954 105 4994 ω
130 4946 142 4969 ι
162 4919 230 4978 ἰτέον
242 4920 308 4995 ἡμῖν
323 4915 416 4996 ἀπάτη
431 4915 533 4994 σπουδῇ
545 4908 769 4986 καταλυσαμένοις
782 4905 815 4963 τδι
828 4902 906 4983 ἔχθη·

131 5035 142 5059 ι
164 5007 261 5081 μανίας
284 5003 336 5084 γδρ
354 5003 442 5085 θάτερ’
457 4992 557 5071 strobi·
572 5005 607 5068 ὣς
630 4997 770 5073 ἐγνωκόσιν
786 4993 846 5070 ὑμῖν
861 4990 907 5050 καλ

131 5124 143 5147 s
162 5095 319 5165 ποιήσουσιν
332 5090 408 5151 ούδέν
423 5091 517 5168 δέομαι
531 5089 615 5148 πλείω
628 5087 712 5166 λέγειν
728 5087 772 5143 καί
788 5102 906 5160 παρακε·

131 5209 144 5235 ι
164 5184 297 5241 λεύεσθαι.
340 5177 394 5239 ‘oo
410 5180 437 5238 δέ
454 5180 550 5258 τρόπον
574 5180 602 5236 αί
621 5174 751 5239 διαλύσεις
765 5170 845 5230 καλαί
862 5166 906 5225 καί

131 5300 143 5323 ·
164 5269 350 5352 συμφέρουσαι
372 5266 480 5346 γένοιντ’
494 5265 526 5326 ἀν
550 5265 708 5345 ἀμφοτέραις
723 5265 780 5326 ταῖς
800 5257 906 5315 πόλισι·
927 5262 930 5268 “

1677 466 1731 524 131

962 618 975 643 a
991 611 1046 649 rum
1071 602 1126 650 exta
1158 598 1284 661 constitui,
1305 599 1365 648 nibil
1386 600 1436 649 laeti
1461 600 1520 650 mibi
1548 600 1736 664 portenderent,

963 708 975 731 s
993 689 1075 740 animo
1089 690 1164 756 dnbio
1177 695 1253 755 atque
1272 691 1346 742 anxio
1359 705 1414 742 esse
1427 692 1498 755 caepi.
1532 695 1592 742 ttaec
1605 694 1679 757 igitur
1692 709 1737 747 ω-

961 801 973 825 <a
992 784 1070 845 girans
1083 783 1151 833 iilum
1163 782 1285 846 pugnandi
1297 784 1417 845 impetum
1436 784 1556 847 repressi,
1569 799 1674 849 pugnam
1686 787 1735 838 dit-

961 876 1071 926 «terens
1091 879 1117 926 et
1130 887 1211 924 moras
1225 879 1338 935 nectens,
1358 880 1428 925 ratus
1448 888 1494 926 roa
1510 877 1603 940 priores
1624 877 1656 928 rte
1677 892 1736 942 pace

960 984 973 1011 ι
989 979 1061 1029 agere
1080 970 1201 1030 oportere.
1234 968 1266 1015 Et
1285 979 1356 1027 sanc,
1371 967 1459 1032 Tulle,
1475 971 1586 1032 oportuit
1603 984 1660 1034 ros,
1678 985 1735 1021 cum

960 1060 1068 1109 «nostri
1089 1059 1170 1109 coloni
1189 1059 1259 1120 sitis,
1272 1061 1367 1123 priores
1389 1059 1440 1111 -hoe
1463 1063 1543 1112 iacere
1566 1075 1610 1113 noc
1631 1076 1735 1127 exspec-

960 1168 973 1194 e
990 1154 1056 1210 tare,
1069 1147 1148 1198 donec
1159 1152 1243 1200 vestra
1255 1149 1356 1213 antiqua
1372 1150 1451 1214 patria
1462 1165 1505 1201 ros
1519 1152 1550 1200 asi
1571 1165 1656 1215 pacem
1671 1152 1735 1203 in'vi·

960 1262 971 1286 ι
990 1245 1075 1292 ίοτεῖτ
1094 1255 1167 1305 quem
1184 1242 1249 1291 enim
1269 1242 1387 1293 honorem
1405 1247 1547 1306 parentesa
1564 1243 1662 1305 liberis,
1678 1258 1734 1296 eum

960 1356 972 1379 ι
990 1336 1089 1386 urbium
1099 1333 1239 1385 conditores
1253 1348 1267 1384 a
1280 1334 1373 1384 colonis
1385 1335 1433 1385 sibi
1444 1335 1534 1386 deterri
1543 1336 1637 1387 retunt.
1670 1340 1735 1390 Dum

960 1447 972 1473 a
989 1432 1074 1478 autem
1087 1430 1239 1487 cunctamur,
1253 1431 1275 1476 et
1292 1426 1398 1475 invicem
1413 1432 1567 1490 spectamus,
1581 1429 1628 1477 utri
1643 1429 1735 1491 priores
1793 1490 1798 1497 ,

960 1534 972 1560 ιι
989 1516 1020 1565 ι1ε
1035 1516 1117 1566 titium
1130 1517 1308 1581 compositione
1325 1521 1414 1579 agant,
1436 1517 1484 1567 alia
1504 1517 1617 1580 quedam
1633 1522 1736 1569 externa

960 1611 1122 1660 «necessitas
1144 1610 1210 1660 omni
1225 1610 1334 1659 humano
1353 1610 1454 1661 consitio
1472 1609 1576 1661 validior
1590 1624 1634 1659 nos
1653 1612 1736 1661 eonci-

960 1698 1031 1750 atiat
1056 1720 1063 1749 :
1087 1714 1160 1764 quam
1179 1714 1237 1751 cum
1257 1699 1378 1750 audierim
1402 1699 1473 1749 vobis
1493 1699 1574 1749 adbuc
1595 1700 1735 1763 occultam,

959 1810 972 1837 «ι
988 1792 1127 1844 existimavi
1140 1807 1188 1843 non
1200 1793 1250 1843 iam
1260 1792 1391 1844 honestam
1404 1792 1472 1857 pacis
1484 1793 1603 1843 facienda
1615 1795 1736 1845 rationem

960 1900 972 1925 a
988 1882 1141 1947 captandam.
1164 1886 1258 1934 Graves
1270 1883 1349 1943 enim,
1361 1898 1377 1934 ο
1388 1883 1470 1946 ΤιιΙΙο,
1480 1885 1505 1935 in
1518 1898 1564 1935 nos
1577 1884 1736 1935 machinatio·

959 1992 972 2018 a
989 1988 1033 2024 nes
1052 1978 1192 2036 struuntur,
1204 1978 1231 2025 ei
1246 1974 1272 2023 in
1290 1978 1408 2037 atrosque
1425 1974 1497 2024 dotus
1515 1972 1663 2025 inevitabilis
1678 1988 1737 2026 eon·

959 2084 971 2110 a
988 2070 1060 2116 sutus
1079 2071 1133 2129 est,
1153 2066 1196 2130 qui
1210 2068 1288 2116 instar
1302 2067 1365 2128 ignis
1377 2067 1417 2116 vel
1438 2065 1552 2116 torrentis
1574 2065 1690 2129 ingruens
1703 2067 1739 2116 ta·

959 2178 972 2203 ι
988 2160 1035 2210 cite
1057 2164 1082 2210 et
1104 2160 1157 2210 sine
1178 2160 1261 2211 tabere
1283 2174 1324 2210 res
1345 2173 1430 2211 omnes
1448 2163 1546 2210 nostras
1560 2159 1691 2209 attriturus
1710 2164 1736 2210 et

959 2269 971 2294 ι
988 2253 1131 2316 perditurus
1148 2257 1210 2304 erat.
1243 2257 1362 2304 auctores
1376 2258 1461 2304 antem
1474 2252 1634 2304 scelestorum
1651 2253 1733 2303 consi-

959 2364 972 2390 ι
989 2346 1076 2395 tiorum
1104 2349 1163 2397 sunt
1188 2344 1343 2395 Fidenatium
1371 2349 1398 2395 et
1416 2345 1554 2395 veientium
1575 2343 1737 2407 potentissimi

958 2454 972 2481 ι
988 2435 1089 2500 quique,
1099 2436 1143 2499 qui
1151 2434 1344 2485 coniurationem
1357 2433 1477 2487 iecerunt.
1507 2434 1636 2484 Rationem
1652 2435 1736 2484 autern

958 2548 971 2573 ι
987 2528 1148 2588 insidiarum,
1166 2528 1193 2577 et
1212 2524 1315 2577 modum
1328 2537 1382 2589 quo¹
1396 2525 1493 2576 occulta
1509 2538 1619 2588 ipsorum
1635 2524 1735 2575 consilia

959 2638 972 2665 a
988 2616 1159 2682 cognoverim,
1170 2614 1264 2666 audite.
1282 2632 1296 2657 ν

989 2717 1056 2766 vtlt.
1070 2714 1116 2764 ttis
1129 2714 1203 2764 dicits
1217 2713 1302 2764 literas
1318 2710 1417 2762 cuidam
1429 2724 1515 2762 eorrrrn
1524 2710 1567 2775 qui
1580 2711 1682 2762 aderant
1698 2710 1735 2761 ie·

956 2812 1048 2875 gendes
1061 2811 1176 2872 tradidit,
1188 2822 1251 2872 quas
1262 2809 1287 2860 ei
1298 2808 1417 2859 attulerat
1427 2806 1529 2872 quidum
1547 2807 1579 2856 ab
1594 2807 1735 2872 hospitibus

957 2906 1126 2967 Fidenatibus,
1141 2908 1167 2955 et
1179 2918 1238 2955 enm
1255 2905 1298 2968 qui
1319 2904 1385 2968 ipsas
1398 2901 1514 2953 attulerat
1533 2900 1658 2965 produxit.
1691 2902 1733 2953 Li·

956 3009 1017 3059 teris
1035 3010 1117 3056 autem
1132 3006 1202 3056 lectis
1217 3008 1243 3056 et
1256 3004 1332 3054 rebus
1345 3003 1461 3053 omnibus
1481 3002 1513 3053 ab
1527 3002 1569 3052 illo
1587 3002 1640 3052 rire
1661 3015 1733 3052 enar·

957 3107 1030 3169 ratis,
1052 3118 1116 3168 quus
1134 3104 1186 3167 ipse
1207 3102 1320 3153 audiemt
1338 3116 1369 3153 ex
1397 3114 1481 3152 eorum
1505 3113 1547 3151 ore
1565 3099 1609 3164 qui
1630 3099 1733 3149 insidias

956 3201 1090 3267 parabant,
1109 3201 1135 3250 et
1156 3199 1269 3249 omnibus
1289 3199 1332 3261 qui
1350 3199 1450 3249 siderant
1467 3196 1736 3261 raldeperterritis‚ut

956 3299 985 3348 tit
1003 3301 1072 3347 tanto
1092 3295 1157 3344 mato
1175 3298 1265 3359 praeter
1286 3307 1356 3358 spem
1366 3294 1459 3354 audito,
1478 3293 1549 3344 brevi
1568 3306 1638 3343 rnora
1657 3291 1733 3343 inter·

956 3392 1052 3457 posita,
1075 3391 1196 3441 Futietius
1209 3404 1297 3440 rursus
1313 3390 1348 3439 ita
1367 3389 1434 3453 toqui
1453 3389 1526 3453 erepit
1546 3407 1553 3438 ι
1576 3408 1588 3432 ι
1610 3387 1735 3449 Audistis,

959 3511 971 3535 a
989 3489 1111 3549 Quirites,
1133 3502 1178 3538 cur
1197 3487 1319 3537 hactenus
1347 3499 1435 3536 manus
1455 3485 1582 3536 vobiscum
1607 3498 1736 3537 conserere

958 3605 970 3628 a
988 3587 1118 3635 cunctatus
1136 3583 1199 3644 sim,
1220 3585 1246 3633 et
1265 3595 1310 3631 cur
1327 3593 1373 3643 ego
1395 3580 1463 3645 prius
1482 3595 1528 3630 vos
1549 3581 1580 3630 ad
1599 3582 1733 3633 amicitiam

960 3700 972 3725 ι
987 3690 1122 3743 provocare
1134 3675 1262 3726 voluerim.
1295 3679 1411 3726 Vestrum
1428 3674 1475 3724 erit
1488 3674 1539 3724 iam
1553 3675 1637 3727 ridere
1651 3679 1734 3725 uuum

958 3795 971 3820 ι
988 3773 1080 3838 putetis
1100 3773 1178 3823 satius
1190 3770 1223 3821 ob
1239 3770 1342 3821 buculas
1360 3774 1386 3821 et
1401 3783 1461 3819 ores
1476 3773 1559 3834 raptas
1578 3769 1670 3820 betium
1685 3773 1736 3820 tm·

959 3869 1106 3936 aptteabite
1125 3882 1211 3933 gerere
1232 3881 1288 3918 cum
1311 3865 1480 3937 conditoribus
1498 3865 1590 3915 vestris
1610 3868 1637 3916 et
1657 3866 1733 3928 patai-

960 3988 972 4011 ι
989 3968 1052 4028 bus,
1070 3967 1096 4016 in
1113 3979 1163 4030 qrro
1185 3967 1210 4015 et
1237 3963 1297 4013 victi
1316 3966 1341 4013 et
1360 3962 1468 4013 victores
1488 3959 1588 4024 perituri
1612 3959 1682 4019 sitis;
1704 3972 1736 4008 an

960 4089 972 4112 ι
990 4066 1107 4132 depositis
1121 4065 1147 4114 in
1167 4065 1283 4127 cognatos
1298 4060 1361 4111 odiis
1374 4058 1501 4109 nobiscum
1517 4058 1603 4107 eontra
1622 4071 1735 4108 commn-

961 4188 972 4210 ιι
990 4180 1035 4216 nes
1050 4165 1135 4215 hostes
1160 4162 1211 4222 ire,
1233 4160 1276 4223 qui
1296 4172 1344 4208 non
1357 4156 1438 4207 sotum
1452 4171 1468 4207 a
1482 4155 1552 4205 nobis
1571 4155 1735 4206 detectionem

960 4285 971 4307 ο
991 4264 1087 4322 tacere,
1100 4259 1144 4309 sed
1157 4259 1232 4308 etiam
1247 4270 1291 4305 nos
1309 4267 1412 4320 prorsus
1431 4257 1542 4305 evertere
1557 4245 1735 4315 decreverunt,

961 4383 972 4403 ι
990 4373 1070 4423 neque
1088 4358 1138 4408 utta
1157 4356 1247 4405 iniuria
1268 4368 1283 4404 a
1304 4354 1375 4404 nobis
1388 4352 1472 4403 aitecti
1493 4366 1574 4417 neque
1587 4354 1661 4404 etiam
1681 4365 1733 4402 me·

961 4466 1088 4510 «tuentes
1112 4472 1143 4508 ne
1175 4457 1235 4520 qnid
1268 4455 1352 4506 damni
1383 4454 1513 4520 accipiant.
1560 4457 1646 4517 Neque
1677 4465 1736 4502 uero

961 4580 973 4603 ι
988 4562 1071 4624 aperte
1083 4571 1128 4608 nos
1142 4561 1210 4609 erant
1224 4554 1380 4619 aggressuri,
1393 4557 1421 4605 ut
1432 4555 1490 4605 betti
1505 4552 1605 4616 legitimi
1617 4552 1655 4601 ius
1665 4562 1735 4599 oom-

961 4679 974 4704 a
991 4672 1067 4709 mnne
1085 4657 1205 4724 postutat3
1224 4655 1268 4705 sed
1294 4654 1371 4715 ctam,
1392 4652 1481 4716 nequis
1500 4651 1613 4715 ipsorum
1635 4647 1735 4697 insidias

961 4777 973 4801 ι
990 4755 1138 4821 praevideret
1152 4766 1182 4804 ac
1194 4751 1241 4802 sibi
1253 4752 1285 4802 ab
1304 4751 1353 4800 ittis
1367 4752 1473 4800 careret.
1506 4748 1555 4798 sed
1574 4745 1639 4796 enin
1652 4744 1677 4793 in
1689 4743 1733 4793 im

962 4882 974 4906 ι
991 4861 1045 4926 pios
1061 4857 1172 4909 homines
1196 4856 1255 4906 totis
1271 4852 1367 4903 viribus
1388 4850 1459 4900 nobis
1474 4861 1529 4898 esse
1552 4845 1661 4897 eundum
1684 4844 1733 4893 ini·

962 4980 974 5004 ιι
991 4958 1092 5009 micitiis
1113 4954 1232 5019 depositis
1251 4951 1348 5013 (insani
1371 4949 1437 5000 enim
1458 4950 1522 4999 esset
1539 4946 1612 4996 atiter
1626 4944 1736 5004 sentire)

964 5080 976 5105 ιι
993 5060 1090 5109 nonest
1107 5069 1169 5120 opus
1180 5053 1293 5119 pluribus
1305 5062 1427 5115 exponere
1439 5050 1466 5099 et
1478 5062 1524 5098 ros
1536 5046 1672 5108 cohortari,
1694 5045 1737 5109 qui

963 5180 975 5204 ι
992 5160 1058 5209 idem
1069 5167 1168 5221 qunque
1176 5154 1311 5206 statueritis
1322 5157 1348 5204 et
1357 5151 1447 5203 tacturi
1459 5149 1521 5201 sitis.
1553 5148 1603 5201 Sed
1613 5148 1736 5214 quomodo

964 5284 977 5308 ι
994 5274 1025 5313 εκ
1041 5260 1169 5323 utriusque
1184 5257 1291 5308 civitatis
1309 5254 1429 5319 dignitate
1441 5254 1466 5304 at
1479 5250 1615 5303 commodis
1625 5261 1671 5311 pax
1684 5245 1738 5297 bert

1618 5340 1641 5388 e.
