4068 5924
267 417 320 479 lli

264 551 308 625 ροῦ
333 544 468 620 δαίμονος,
491 543 517 609 ὃς
534 543 612 602 αὑτὸν
636 546 666 603 ἐκ
681 551 773 624 μικροῦ
798 547 880 623 μέγαν
906 550 932 606 ἐν
956 548 1036 629 ὀλίγῳ

263 636 314 700 θεὶς
335 633 424 713 χρόνῳ
446 634 490 690 καὶ
511 634 547 699 είς
567 632 719 712 ἐπιφάνειαν
740 636 894 710 θαυμαστήν
911 636 956 694 καί
980 661 1032 694 πα-

264 720 369 804 ράδοξον
383 719 473 800 ἐξάρας
488 718 620 778 κατίόαλε
634 721 717 799 φέρων
733 722 879 801 αὐθημερὸν
895 725 929 789 εἰς
940 723 1034 803 ἀχαριν

263 806 398 887 συμφοράν
413 807 609 888 ἀδελφοκτόνον.
652 807 702 875 Ὦς
717 808 768 889 γάρ
782 809 858 887 ἐγγὺς
871 810 972 886 ἐγένετο
982 815 1033 870 τῶν

222 907 235 944 b
263 898 368 968 πυλῶν,
389 893 468 953 ἀλλον
489 892 513 951 Ιτ’
525 894 603 973 όχλον
621 897 669 974 ὁρῇ
688 897 856 955 παντοδαπὸν
880 899 1034 978 ἐκχεόμενον

263 985 293 1041 ἐκ
308 986 355 1053 τῆς
368 982 485 1053 πόλεως,
505 981 549 1039 καί
564 982 596 1052 δή
619 1004 665 1040 και
681 986 728 1055 τὴν
747 984 860 1066 ἀδελφήν
882 987 1034 1066 τρέχουσαι·

262 1071 444 1150 διαταραχθεὶς
454 1067 481 1126 δέ
491 1070 561 1129 κατά
573 1071 621 1142 τήν
636 1071 743 1150 πρώτην
762 1073 903 1155 πρόσοψιν,
926 1072 966 1133 δτι
986 1099 1034 1134 κα·

260 1160 408 1218 ταλιποῦσα
428 1155 476 1228 τήν
491 1157 558 1235 μετὰ
578 1159 675 1238 μητρθς
688 1160 819 1241 οἰκουρίαν
833 1161 958 1241 παρθένος
974 1164 1033 1222 ἐπί-

260 1268 343 1325 γαμος
357 1249 392 1313 εἰς
406 1243 486 1324 ὄχλον
500 1244 581 1318 αθτήν
594 1246 690 1306 ἔδωκεν
717 1253 838 1327 ἀγνῶτα,
855 1250 901 1308 καί
923 1251 1034 1319 πολλούς

209 1340 234 1380 ¹⁰
261 1320 403 1410 λαμόάνων
423 1334 563 1413 λογισμοὺς
598 1333 725 1408 ἀτόπους,
752 1339 879 1397 τελευτῶν
906 1336 950 1396 ἐπὶ
975 1338 1034 1405 τοὺς

261 1425 384 1489 ἐπιεικεῖς
401 1421 447 1481 καλ
470 1420 666 1502 φιλανθρώπους
686 1421 837 1495 ἀπέκλινεν,
857 1428 892 1491 ὡς
912 1426 1033 1484 ἀσπάσα·

261 1511 322 1568 σθαί
336 1535 365 1568 τε
375 1509 467 1587 πρώτη
481 1510 526 1567 τὸν
538 1508 645 1569 σωθέντ’
660 1511 771 1592 ἀδελφὸν
783 1516 913 1584 ποθοῦσα,
924 1511 970 1570 καλ
987 1512 1034 1576 τάς

259 1597 354 1675 ἀρετδις
377 1600 429 1653 τῶν
447 1595 608 1666 τεθνηκότων
632 1600 696 1676 παρ’
718 1601 796 1657 αὐτοῦ
819 1604 911 1675 μαθεῖν
938 1601 1033 1679 βουλο-

258 1684 325 1758 μένη
349 1687 400 1741 τῶν
422 1683 592 1761 εὐσχημόνων
617 1685 749 1762 ὑπερίδοι,
763 1686 909 1763 γυναικεῖόν
929 1711 956 1745 τι
980 1712 1032 1746 πα-

207 1784 231 1823 ta
259 1794 371 1852 σχυυσα.
414 1769 448 1830 Ἥ
472 1774 494 1830 δ’
516 1771 608 1850 ἀραοῦ
622 1770 681 1838 τοὺς
704 1771 829 1855 ἀδελφοθς
850 1779 966 1834 ποθοῦσα
987 1775 1034 1844 τάς

260 1860 396 1932 ἀσυνήθεις
410 1861 554 1935 ἐτόλμησεν
572 1860 682 1929 ἐξελθεῖν
697 1860 788 1935 θδοθς,
801 1865 861 1922 ἀλλ’
877 1864 954 1944 ἔρωτι
968 1888 1032 1946 κρα-

259 1948 371 2025 τουμένη
387 1951 438 2007 τῶν
454 1950 566 2028 ἀνεψιῶν
579 1938 687 2029 ἐνδς,ᾧ
705 1948 904 2029 καθωμολόγηθ’
921 1952 972 2010 ὑπὸ
987 1956 1033 2010 τοῦ

258 2036 356 2114 πατρὸς
371 2035 414 2095 ἐπλ
423 2035 511 2113 γάμῳ,
525 2035 570 2093 καὶ
582 2032 734 2114 κρύπτουσα
745 2036 775 2096 τδ
784 2038 863 2106 πάθος
875 2039 1032 2117 ἀπόρρητον·

258 2124 349 2194 ἐπειδή
372 2125 400 2181 δὲ
423 2127 474 2181 τῶν
495 2124 547 2180 ἀπὸ
569 2132 614 2182 τοῦ
629 2125 804 2201 στρατοπέδου
824 2125 893 2194 τινδς
918 2127 1028 2198 ήκουσεν

204 2219 232 2258 2⁰
258 2212 467 2290 ἀπαγγέλλοντος
480 2211 513 2270 ric
526 2212 585 2288 περὶ
599 2210 647 2282 τήν
661 2211 769 2292 μάχην,
794 2214 881 2273 σύκέτι
894 2214 1033 2295 κατέσχεν,

260 2301 318 2357 ἀλλ’
335 2301 477 2358 ἐκλιποῦσα
497 2298 544 2369 τήν
571 2301 655 2358 οἰκίαν
674 2299 764 2379 ῶσπερ
780 2304 807 2359 αί
829 2303 952 2378 μαινάδες
970 2304 1031 2384 ἐφέ-

260 2409 318 2466 ρετο
337 2388 401 2466 πρὸς
421 2387 466 2453 τάς
485 2386 585 2460 πύλας,
597 2387 671 2447 οὐδὲν
686 2387 892 2468 ἐπιστρεφομένη
908 2392 955 2460 τῆς
970 2395 1032 2450 ἀνα·

240 2471 389 2545 Ικαλούσης
411 2498 440 2532 τε
462 2474 507 2533 καλ
528 2472 740 2552 μεταδιωκούσης
764 2480 873 2556 τροφοῦ.
914 2475 988 2546 Ἔξω
1005 2480 1032 2537 δέ

257 2559 383 2639 γινομένη
399 2566 445 2632 τῆς
456 2562 572 2634 πόλεως,
587 2565 623 2630 ὡς
637 2564 680 2622 τὸν
697 2564 807 2644 ἀδελφὸν
822 2555 875 2623 εἶδε
894 2570 1027 2645 περιχαρῆ

204 2664 230 2703 aa
258 2648 318 2715 τοθς
340 2650 479 2715 ἐπινικίους
503 2652 667 2727 ἐπικείμενον
684 2651 848 2734 στεφάνους,
872 2644 909 2719 οἷς
927 2653 1032 2713 αθτθνδ

260 2737 382 2815 βασιλεὺς
396 2737 514 2809 ἀνέδησε,
522 2737 567 2796 καλ
578 2742 637 2805 τοθς
648 2738 764 2814 ἑταίρους
773 2741 851 2797 αὐτοῦ
864 2737 986 2820 φέροντας
998 2741 1032 2801 τά

259 2828 310 2882 τῶν
325 2825 522 2906 πεφονευμένων
535 2829 636 2902 σκῦλα,
652 2828 678 2885 ἐν
693 2818 731 2893 οἷς
743 2817 776 2893 ήν
790 2825 889 2893 πέπλος
900 2829 1031 2900 ποικίλος,

257 2910 359 2985 δναύτή
369 2914 436 2987 μετά
450 2917 496 2985 τῆς
508 2914 609 2996 μητρὸς
621 2915 770 2996 ἐξυφήνασα
782 2917 820 2996 τῷ
831 2919 964 2994 μνηστῆρι
979 2917 1031 2974 δῶ·

258 3004 344 3080 porei<
355 3003 398 3061 τὸν
409 3004 537 3078 μέλλοντα
550 3004 636 3080 γάμον
646 3003 816 3063 ἀπεστάλκει·
832 3004 965 3072 ποικίλους
980 3003 1031 3085 γάρ

203 3102 230 3141 ³⁰
257 3088 313 3160 ἐθος
336 3089 407 3150 ἐστίν
425 3091 612 3171 ἀμφιέννυσθαι
629 3091 743 3158 πέπλους
759 3091 879 3152 Λατίνων
906 3102 959 3160 τοῖς
979 3117 1031 3170 με·

257 3183 341 3238 τιοῦσι
354 3178 402 3246 τάς
417 3180 530 3259 νύμφας·
546 3183 638 3238 τοῦτον
652 3179 685 3251 δὴ
706 3180 748 3238 τὸν
766 3178 867 3238 πέπλον
881 3182 1030 3254 θεασαμένη

257 3267 423 3347 πεφυρμένον
437 3265 550 3343 αἵματι,
567 3266 610 3325 τόν
630 3291 659 3326 τε
682 3271 781 3348 χιτῶνα
796 3266 973 3348 κατερρήξατο
985 3268 1030 3327 καὶ

257 3356 314 3419 ταῖς
332 3353 421 3431 χερσίν
442 3354 604 3435 ἀμφοτέραις
622 3355 737 3415 παίουσα
760 3355 789 3413 τὸ
812 3358 906 3425 στῆθος
930 3353 1031 3433 ἐθρήνει

257 3440 302 3498 καὶ
318 3443 468 3500 ἀνεκαλεῖτο
484 3443 529 3501 τὸν
544 3444 668 3524 ἀνεψιὸν,
684 3442 753 3502 ὥστε
775 3443 874 3512 πολλὴν
890 3443 1029 3513 κατάπλη·

258 3527 295 3597 ξιν
313 3530 434 3587 εἰσελθεῖν
448 3529 576 3603 ἅπαντας,
594 3531 650 3589 ὅσοι
669 3530 737 3590 κατά
748 3530 792 3588 τθν
811 3528 888 3588 αύτδν
902 3519 969 3601 ἦσαν
985 3530 1031 3588 τό·

257 3639 315 3675 πον.
357 3617 591 3695 ’ἀνακλαυσαμένη
606 3618 633 3677 δέ
655 3618 700 3677 τδν
717 3618 796 3697 μόρον
814 3622 861 3676 τοῦ
882 3620 1029 3694 μνηστῆρος

257 3706 359 3767 ἀτενέσι
373 3714 425 3773 τοῖς
441 3708 583 3786 ὀφθαλμοῖς
594 3710 631 3773 είς
645 3708 689 3766 τὸν
702 3706 812 3787 ἀδελφὸν
826 3709 876 3786 δρᾷ
892 3705 937 3765 καὶ
951 3704 1029 3783 λέγει·

258 3817 273 3850 ιι
288 3793 444 3876 Μιαρώτατ’
461 3794 598 3874 ἄνθρωπε,
611 3795 713 3875 χαίρεις
727 3793 884 3859 ἀποκτείνας
899 3790 957 3859 τοὺς
971 3797 1029 3852 ἀνε·
1048 3816 1049 3819 ’

258 3882 377 3961 αψιοθς,
392 3882 461 3961 κάμέ
477 3882 524 3954 τήν
539 3883 687 3943 παναθλίαν
707 3880 821 3961 ἀδελφήν
846 3880 1029 3958 ἀποστερήσας

193 3958 220 4011 ⁹¹
259 3994 273 4031 α
293 3971 392 4051 γάμου,
407 3946 430 4033 όν
452 3970 577 4045 δύστηνεί
593 3961 651 4050 Ἆρ’
674 3972 728 4029 οὐδ’
744 3969 819 4037 έλεος
829 3966 979 4048 εἰσέρχεταί
998 3991 1027 4026 σε

258 4084 274 4116 ιι
290 4065 344 4120 τῶν
358 4060 535 4122 ἀπολωλότων
551 4063 697 4137 συγγενῶν,
716 4056 760 4124 οῦς
775 4052 901 4136 ἀδελφούς
915 4056 1026 4128 ἐκάλεις,

257 4171 273 4204 τ
289 4149 348 4206 ἀλλ’
364 4148 452 4227 ὥσπερ
472 4148 568 4226 ἀγαθόν
591 4171 617 4206 τι
639 4143 866 4224 διαπεπραγμένος
889 4142 1029 4215 ἐξέστηκας

257 4260 272 4293 α
292 4239 344 4294 τῶν
359 4240 457 4315 φρενῶν
472 4226 582 4310 ὑπὸτῆς
597 4238 690 4309 ἡδονῆς
704 4235 749 4294 καλ
767 4232 908 4314 στεφάνους
921 4231 965 4291 ἐπὶ
977 4240 1028 4299 τοῖς

258 4350 274 4383 α
291 4323 414 4391 τοιούτοις
427 4325 558 4383 ἐπίκεισαι
581 4333 684 4397 κακοῖς,
707 4322 775 4390 τίνος
793 4320 861 4401 ἐχων
877 4320 965 4401 ψυχήν
980 4326 1027 4392 θη-

159 4476 161 4480 ,
258 4438 273 4469 ς
291 4414 363 4492 ρίου;
377 4439 389 4464 ν
405 4413 532 4478 Κάκεῖνος
544 4410 694 4485 θπολαόιθν,
707 4411 883 4483 «planescere,
896 4407 958 4486 ἐφη,
979 4407 1026 4479 τήν

257 4525 271 4559 ι
288 4502 403 4581 πατρίδα
416 4501 539 4572 πολίτου,
551 4500 596 4558 καὶ
609 4499 667 4566 τοθς
678 4503 765 4565 κακῶς
777 4498 843 4577 αὐτῇ
857 4494 1028 4575 βουλομένους

257 4615 273 4645 α
287 4590 457 4661 κολάζοντος,
471 4587 516 4647 ἐάν
535 4587 559 4646 τ’
573 4588 704 4666 ἀλλότριοι
725 4587 841 4667 τύχωσιν
856 4585 935 4655 αὐτῆς
959 4584 1028 4648 ὄντες

257 4703 272 4734 α
291 4678 335 4739 ἐόν
348 4681 372 4737 τ’
386 4679 484 4737 οἰκεῖοι·
499 4677 526 4734 ἐν
540 4667 578 4743 οἷς
587 4675 690 4750 τίθεμαι
702 4677 747 4734 καὶ
760 4676 788 4734 σέ
799 4718 806 4745 ,
818 4671 876 4745 ήτις
892 4670 929 4729 ἑνὶ
943 4675 1026 4749 καιρῷ

255 4791 271 4824 α
287 4767 320 4825 τά
335 4766 437 4845 μέγιστ’
454 4767 558 4844 ἀγαθῶν
568 4788 598 4823 τε
609 4763 655 4822 καί
668 4770 755 4824 κακῶν
771 4759 949 4840 συμθεάηκόθ
963 4760 1026 4833 ἡμῖν

256 4879 271 4910 n
288 4852 506 4933 ἐπιγνοῦσα,τήν
526 4875 554 4912 τε
576 4852 650 4922 νίκην
674 4856 719 4922 τῆς
737 4850 873 4929 πατρίδος,
894 4847 926 4920 ήν
946 4850 960 4904 θ
982 4846 1026 4913 σθς

257 4965 272 4996 ιι
291 4942 399 5020 ἀδελφδς
422 4941 474 5019 ἐγὼ
497 4941 607 5020 πάρειμι
628 4938 769 5017 κατάγων,
791 4940 837 4996 καῖ
858 4937 902 4997 τὸν
915 4934 1025 4995 θάνατον

257 5053 273 5084 α
289 5033 340 5087 τῶν
356 5033 491 5109 ἀδελφῶν,
506 5030 553 5086 οὐκ
569 5027 612 5086 tol
627 5034 678 5094 τοῖς
692 5030 813 5103 ἀγαθοῖς,
834 5016 1022 5104 ῶμιαρά·σθ,

257 5140 272 5171 a
288 5119 341 5182 τοῖς
361 5120 454 5182 κοινοῖς
470 5119 518 5187 τῆς
536 5116 659 5194 πατρίδος
677 5113 793 5193 χαίρεις,
819 5113 872 5170 οὐδ’
901 5110 944 5170 ἐπὶ
965 5117 1021 5176 ταῖς

255 5230 272 5261 ιι
288 5213 430 5284 συμφοραῖς
442 5211 498 5270 ταῖς
512 5202 589 5270 ἰδίαις
603 5207 649 5275 τῆς
664 5202 747 5268 οἰκίας
755 5203 853 5280 ἀλγεῖς,
870 5198 928 5257 ἀλλ’
941 5201 1022 5275 ὓπερ-

782 415 951 477 DlONYSll
974 418 1346 481 llALICbRNASSENSlS
1425 484 1433 505 ⁴

1090 559 1121 607 ab
1140 559 1232 609 invidia
1247 560 1350 609 tortuose
1366 560 1477 625 accipere
1494 579 1500 609 z
1518 576 1574 626 qnae
1589 576 1645 612 curn
1661 576 1718 612 eum
1734 576 1764 613 ex
1786 575 1861 627 perro

1089 665 1204 715 magnum
1226 653 1314 716 exiguo
1337 656 1453 717 temporis
1470 655 1549 718 spatio
1565 656 1674 714 fecisset,
1692 655 1765 706 etad
1786 669 1860 707 surn-

1088 760 1159 796 mum
1179 748 1314 811 splendoris
1339 755 1365 801 ct
1382 751 1467 813 gloriae
1489 751 1612 815 fastigium
1640 755 1730 815 preter
1749 740 1870 802 omnium¹

1088 842 1224 905 opinionem
1244 847 1389 905 extulisset,
1407 847 1492 899 eodem
1515 847 1556 898 die
1574 847 1663 899 afflixit
1685 852 1711 898 et
1729 848 1755 898 in
1776 849 1860 911 ingra-

1089 938 1140 986 tam
1160 937 1325 989 calamitatem
1350 940 1383 990 ob
1405 942 1497 991 sororis
1519 940 1612 991 cedem
1641 941 1753 992 coniecit.
1797 942 1861 992 Cum

1088 1029 1153 1080 enim
1167 1031 1197 1080 ad
1214 1036 1310 1094 portam
1323 1034 1474 1094 accessisset,
1489 1048 1544 1085 cum
1556 1035 1628 1085 aliam
1640 1036 1739 1085 turbam
1753 1048 1785 1086 εκ
1799 1037 1861 1087 urbe

1087 1128 1192 1178 effusam
1226 1133 1279 1178 turn
1308 1136 1381 1180 enam
1408 1144 1517 1180 sororem
1547 1136 1685 1181 currentem
1717 1131 1861 1194 mnsperb,

1087 1222 1215 1286 primoque
1228 1227 1327 1286 aspectu
1340 1223 1463 1285 turbatus,
1476 1224 1543 1287 quod
1556 1224 1623 1286 virgo
1641 1225 1690 1274 ianr
1707 1224 1797 1275 nubilis
1815 1224 1860 1275 de-

1087 1324 1155 1369 serta
1167 1320 1253 1369 matris
1271 1319 1382 1370 custodia
1400 1321 1479 1370 turbe
1495 1321 1624 1381 incognita
1641 1336 1668 1371 se
1682 1322 1861 1379 commisisset,
1935 1348 1939 1355 ·

1086 1418 1143 1479 post
1159 1415 1251 1466 multas
1276 1414 1394 1464 absurdas
1410 1414 1567 1479 cogitationes
1584 1416 1682 1466 modern
1707 1414 1738 1465 ad
1761 1416 1860 1481 requio-

1086 1526 1127 1563 res
1143 1517 1169 1563 et
1185 1512 1303 1563 humanas
1326 1511 1521 1563 ratiocinationes
1541 1514 1650 1563 animum
1668 1513 1810 1575 inclinanti,
1834 1517 1861 1563 el

1086 1614 1234 1665 existimarit
1244 1628 1315 1676 eam,
1328 1615 1392 1677 quod
1405 1614 1484 1678 prima
1492 1616 1589 1665 fratrem
1598 1613 1744 1665 ineolumem
1755 1613 1863 1665 salutare

1086 1708 1207 1772 etenipso
1218 1721 1362 1771 cognoscere
1373 1706 1528 1783 ¹velletquam
1542 1708 1638 1759 fortiter
1646 1709 1859 1760 ceterioccubuis·

1086 1805 1154 1864 sent,
1175 1815 1243 1853 more
1258 1803 1386 1852 mulierum
1402 1802 1518 1853 decorum
1534 1802 1679 1865 neglexisse.
1710 1806 1742 1852 bt
1752 1803 1794 1853 illu
1810 1817 1860 1853 non

1085 1897 1189 1948 fratrum
1207 1898 1328 1949 desiderio
1347 1899 1372 1948 in
1384 1899 1449 1949 riam
1462 1900 1583 1951 insolitam
1596 1913 1657 1950 ausa
1670 1906 1723 1950 erat
1734 1900 1860 1965 progredi,
1947 1955 1951 1959 ,

1085 1993 1129 2044 sed
1140 2007 1223 2044 amore
1231 1997 1302 2058 capta
1312 1993 1404 2044 uniusc
1414 1994 1579 2054 consobrinIs,
1591 1996 1631 2045 coi
1645 1999 1737 2058 apatrc
1752 1996 1859 2059 despin-

1085 2088 1242 2148 semineret,
1254 2101 1490 2152 amoremquesuum
1499 2088 1616 2141 hactenus
1624 2091 1802 2152 occultaverat,
1814 2091 1860 2141 sed

1085 2196 1143 2232 cum
1156 2182 1265 2233 audisset
1280 2196 1368 2248 pugne
1385 2188 1514 2247 eventum,
1528 2199 1602 2249 quem
1615 2184 1755 2250 qnidamex
1770 2184 1861 2235 castris
1935 2250 1939 2254 ι

1084 2292 1198 2328 reversus
1209 2280 1367 2341 renuntiarat,
1378 2294 1425 2329 nou
1435 2282 1516 2344 potnit
1525 2282 1629 2345 amplius
1640 2293 1668 2332 se
1679 2280 1816 2341 continere,
1830 2286 1858 2331 et

1084 2375 1157 2426 domo
1173 2376 1273 2438 relicta,
1290 2376 1368 2429 instar
1385 2378 1537 2428 Baccharum
1550 2378 1582 2428 ad
1604 2383 1701 2442 portam
1723 2377 1857 2439 ferebatur,

1084 2472 1206 2522 nutricem
1220 2476 1373 2523 revocantem
1393 2487 1423 2523 ao
1443 2473 1611 2536 insequentem
1634 2473 1695 2523 nibil
1713 2472 1857 2538 respiciens.

1084 2576 1187 2636 Egressa
1200 2578 1283 2624 autem
1302 2587 1335 2624 ex
1356 2574 1416 2624 urbe
1436 2587 1492 2623 cum
1513 2575 1614 2625 fratrem
1626 2575 1792 2639 eonspexlssct
1810 2587 1858 2625 cx·

1084 2667 1217 2719 saltantem
1233 2671 1259 2718 et
1277 2668 1388 2718 neone
1415 2668 1511 2718 coronis
1531 2672 1657 2727 ornatum,
1684 2668 1777 2733 quibam
1800 2681 1859 2720 enm

1085 2787 1128 2824 ren
1163 2779 1305 2836 coronaret,
1341 2773 1444 2836 eiusque
1473 2773 1569 2824 sodales
1598 2773 1703 2824 ferentes
1732 2787 1855 2827 cesorum

1085 2868 1175 2934 spolie,
1201 2869 1265 2919 inter
1286 2881 1343 2931 ques
1365 2871 1418 2918 erat
1441 2867 1640 2931 paludamentum
1664 2867 1767 2931 pictum,
1790 2871 1856 2933 quod

1083 2965 1136 3030 ipsa
1153 2966 1284 3017 adiuvante
1300 2970 1378 3016 matre
1393 2964 1529 3015 confecerat
1545 2967 1570 3013 et
1587 2977 1676 3026 sponso
1695 2977 1739 3029 pro
1751 2966 1855 3029 nuptiali

1083 3061 1147 3112 dono
1164 3048 1377 3124 miserestmons
1401 3061 1467 3112 enim
1489 3064 1528 3110 est
1548 3059 1638 3109 Latinis
1656 3064 1686 3109 ut
1705 3062 1787 3124 proci,
1812 3066 1857 3125 qul

1083 3157 1214 3209 mulierum
1237 3157 1334 3221 nuptias
1364 3156 1490 3217 ambiunt,
1520 3155 1693 3219 paludamento
1716 3155 1784 3220 picto
1813 3159 1854 3207 in-

1082 3253 1224 3317 duantur);
1247 3253 1291 3304 ubi
1305 3254 1354 3303 hoc
1372 3253 1447 3316 igitur
1461 3251 1658 3316 paludamentum
1673 3253 1789 3315 sanguine
1805 3254 1856 3303 fm-

1083 3353 1168 3403 datum
1187 3351 1322 3415 conspexit,
1334 3349 1435 3414 pallium
1458 3349 1583 3410 lacerarit,
1605 3353 1633 3400 et
1653 3353 1758 3414 utraque
1776 3364 1852 3400 niano

1083 3451 1168 3511 pectus
1192 3446 1297 3498 tundens
1319 3444 1433 3510 lugebat,
1463 3448 1488 3496 et
1516 3444 1689 3495 consobrinum
1719 3443 1854 3511 identidem

1083 3539 1202 3602 vocabat,
1227 3540 1263 3590 ila
1289 3542 1316 3590 ut
1336 3553 1421 3590 omnes
1443 3539 1487 3602 qui
1515 3540 1617 3589 aderant
1645 3539 1854 3604 obstupescerent.

1083 3639 1177 3687 Deflete
1199 3640 1282 3687 autem
1305 3636 1389 3701 sponsi
1411 3639 1505 3695 morte,
1531 3635 1588 3685 fixis
1612 3634 1639 3706 in
1654 3635 1755 3686 fratrem
1773 3635 1853 3686 oculis

1083 3733 1137 3782 bae
1154 3733 1265 3782 effatur:
1283 3750 1296 3776 α
1320 3734 1342 3781 0
1364 3730 1537 3781 scelestissime
1559 3730 1715 3791 mortalium,
1743 3730 1856 3781 exsultas

1083 3848 1097 3875 ι
1112 3829 1178 3895 quod
1193 3829 1349 3880 consobrinos
1367 3828 1533 3889 interfeceris,
1550 3840 1639 3891 meque
1659 3832 1727 3879 tuam
1740 3841 1850 3878 sororem

1083 3945 1096 3969 ι
1111 3924 1275 3975 miserrimam
1296 3923 1387 3988 nuptiis
1405 3922 1514 3983 orbaris,
1538 3936 1554 3972 ο
1583 3922 1686 3972 infelint
1707 3921 1798 3972 obulus
1822 3922 1851 3971 lc

1083 4039 1095 4063 κ
1109 4020 1209 4070 miseret
1221 4024 1380 4083 cognatorum
1390 4031 1519 4078 caesorum,
1531 4031 1593 4081 quos
1603 4018 1691 4067 fratres
1701 4014 1850 4080 appellabas.

1083 4134 1095 4158 ι
1110 4115 1151 4164 sed
1169 4114 1240 4178 quasi
1260 4095 1405 4179 preclarum
1426 4113 1524 4176 aliquod
1547 4112 1643 4162 facinus
1664 4111 1776 4175 patratis,
1800 4125 1852 4176 pras

1082 4209 1199 4271 «gaudio
1220 4211 1308 4260 mentis
1331 4222 1358 4259 es
1377 4208 1470 4271 impos,
1490 4211 1515 4258 ct
1534 4207 1559 4257 lu
1578 4209 1654 4259 έευῑῖε
1672 4208 1855 4260 calamitatibus

1082 4323 1094 4345 «ι
1109 4306 1238 4352 mronatns
1258 4301 1366 4352 incedis?
1385 4301 1513 4352 cuiusnam
1536 4301 1593 4351 fere
1609 4301 1716 4351 animum
1735 4300 1851 4353 bobas„

1080 4398 1127 4449 Cui
1136 4399 1176 4448 ille
1186 4397 1311 4461 respondit
1325 4416 1333 4447 r
1346 4418 1358 4440 a
1376 4399 1454 4447 Immo
1467 4409 1527 4447 vero
1542 4395 1604 4446 civis
1622 4397 1728 4460 patriam
1738 4398 1853 4458 amantis,

1083 4516 1095 4541 a
1109 4500 1189 4547 eleos
1205 4496 1247 4559 qui
1268 4495 1332 4544 rnale
1353 4495 1376 4545 ei
1396 4494 1483 4545 volunt
1500 4492 1656 4554 ulciscentis,
1668 4494 1722 4543 sire
1733 4497 1854 4554 externos,

1081 4617 1093 4640 ι
1109 4598 1161 4648 sire
1182 4597 1338 4647 domesticos.
1372 4598 1398 4646 ln
1420 4610 1469 4658 quo
1484 4609 1586 4645 numero
1606 4599 1631 4646 te
1653 4610 1751 4660 quoque
1771 4609 1853 4660 pono,

1081 4719 1092 4743 ι
1112 4712 1168 4762 quse
1183 4712 1232 4748 uuo
1248 4697 1384 4759 eodemque
1397 4700 1587 4759 tempore,eu1n
1600 4695 1743 4757 cognoveris
1752 4698 1851 4745 etsum·

1080 4821 1092 4844 ιι
1108 4814 1148 4850 ma
1158 4800 1221 4850 bona
1238 4801 1264 4849 et
1281 4809 1377 4848 summa
1393 4794 1457 4846 inda
1477 4808 1534 4860 qum
1545 4793 1615 4845 nobis
1633 4794 1784 4855 acciderunt,
1803 4794 1853 4844 ric·

1080 4923 1091 4944 ι·
1108 4903 1197 4953 loriam
1217 4898 1302 4963 patrio
1313 4900 1417 4961 partam,
1430 4907 1505 4958 quam
1523 4907 1568 4957 ego
1580 4894 1655 4944 frater
1670 4897 1730 4943 tuus
1743 4898 1850 4958 reporto,

1080 5004 1131 5049 net
1156 5000 1260 5048 fratrom
1282 4995 1389 5055 casdem,
1413 4996 1508 5048 tamen,
1536 4990 1691 5049 oscelcsta,
1719 5002 1798 5054 neque
1819 4988 1852 5037 ob

1079 5119 1091 5143 ι
1109 5097 1231 5162 publicam
1240 5094 1326 5160 patrias
1339 5093 1479 5144 felicitatem
1494 5088 1595 5151 laetaris,
1608 5102 1689 5152 neque
1698 5089 1730 5139 ub
1741 5088 1852 5152 privatas

1079 5218 1091 5242 ι
1107 5197 1195 5248 domus
1216 5194 1367 5247 calamitates
1391 5191 1476 5255 doles,
1499 5189 1542 5241 sed
1562 5187 1710 5252 contemptis
1729 5185 1847 5237 fratribus
