3980 5936
241 433 302 494 602

243 564 361 643 κειμένη.
407 553 642 641 Στρατοπεδεύσας
666 551 695 612 δέ
719 550 831 624 πλησίον
856 554 903 621 τῆς
923 546 1025 612 πόλεως

246 654 290 716 ἐπὶ
307 649 407 718 πολλάς
427 647 544 726 ἡμέρας,
560 642 619 703 κατ’
632 639 730 701 ἐλπίδα
749 645 795 697 τοῦ
818 635 1025 718 προελεύσεσθαι

245 742 303 810 τούς
316 740 388 800 ἔνδον
404 740 439 806 εἷς
455 734 563 816 μάχην,
577 736 613 799 ῶς
624 728 735 805 οὐδεμία
752 726 820 799 ἐξήει
834 726 960 805 στρατιά,
975 722 1024 794 τὴν

244 835 295 910 γῆν
310 830 396 887 αὐτῶν
408 825 486 905 ἐδῄου
499 819 644 901 ἀνθρώπων
655 815 754 896 μεστὴν
766 838 847 874 ουσαν
862 813 909 873 καί
925 817 1025 893 βοσκη-

205 950 219 987 ς
246 919 349 996 μάτων.
393 916 435 974 Οὐ
457 909 510 991 γάρ
533 909 653 989 ἔφθασαν
671 903 917 979 ἀνασκευασάμενοι
943 902 978 960 τδι
997 903 1028 958 ἐκ

245 1011 298 1067 τῶν
313 1006 412 1086 ἀγρῶν,
428 998 557 1081 αἰφνιδίου
574 994 727 1077 γενηθείσης
748 994 835 1060 αὐτοῖς
854 997 902 1063 τῆς
921 990 1024 1072 ἐφόδου.

246 1094 337 1176 Ἐφιὶς
351 1093 379 1152 δὲ
395 1090 440 1151 καί
461 1094 546 1149 ταῦτα
565 1094 620 1153 τοῖς
642 1082 819 1164 στρατιώταις
841 1080 994 1160 διαρπάζειν
1014 1081 1028 1137 δ

247 1182 370 1253 didiae,
385 1176 546 1243 καὶ’πολλδις
562 1177 588 1233 ἐν
607 1178 641 1254 τῇ
661 1175 781 1255 προνομῇ
802 1169 942 1248 διατρίψας
957 1164 1028 1243 ἡμί-

248 1297 294 1352 ρας
308 1274 410 1348 ἀπῆγεν
422 1269 463 1327 ἐπ’
477 1263 549 1325 οίκου
560 1261 608 1335 τὴν
624 1260 745 1337 δύναμιν.
791 1257 823 1320 Ὁ
839 1256 861 1316 δ’
874 1256 959 1338 ἕτερος
976 1258 1028 1314 τῶν

197 1387 222 1425 lo
247 1360 356 1420 ὑπάτων
376 1355 535 1436 Κορνήλιος,
549 1352 594 1411 ἐπὶ
608 1349 668 1418 τούς
689 1352 716 1410 ἐν
729 1347 820 1428 Ἀντίῳ
835 1345 986 1424 Ῥωμαίους
1000 1368 1029 1404 τε

247 1450 294 1508 καὶ
309 1446 493 1512 Οὐολούσκους
512 1440 644 1513 ἐλαύνων,
661 1436 831 1518 ἐπιτυγχάνει
852 1442 963 1514 στρατιᾷ
977 1432 1030 1509 πρύ

247 1543 300 1599 τῶν
314 1538 391 1619 ὁρίων
411 1537 496 1594 αὐτῶν
519 1528 713 1611 ὐπσδεχομίνη.
760 1523 987 1605 Παραταξάμενος
1002 1523 1029 1582 δέ

250 1631 352 1695 αὐτοῖς,
369 1623 414 1684 καί
430 1619 541 1688 πολλοὺς
561 1619 609 1696 μὲν
633 1616 774 1699 φονεύσας,
798 1612 858 1682 τούς
879 1612 907 1671 δέ
925 1610 1031 1678 λοιπούς

248 1714 431 1796 τρεψάμενος,
446 1713 530 1790 ἀγχοῦ
544 1711 591 1779 τῆς
606 1706 708 1772 πόλεως
728 1698 1029 1782 κατεστρατοπέδευσεν.

198 1826 221 1864 ιο
249 1808 288 1866 (lt
301 1801 460 1877 τολμώντων
479 1798 506 1860 di
528 1801 580 1856 τῶν
601 1797 631 1853 ἐκ
644 1798 693 1865 τῆς
711 1793 813 1858 πόλεως
826 1792 914 1851 οὐκέτι
934 1797 1030 1870 χωρεῖν

248 1895 285 1960 εἷς
299 1891 518 1970 μάχην,πρῶτον
529 1883 576 1961 μὲν
588 1884 637 1957 τὴν
653 1888 702 1961 γῆν
714 1882 800 1939 αὐτῶν
816 1879 926 1960 ἔκειρεν,
941 1880 1031 1937 ἔπειτα

249 1983 297 2054 τὴν
313 1981 389 2038 πολιν
415 1973 534 2055 [αὐτῶν]
556 1971 723 2051 ἀπετάφρευε
748 1968 794 2028 καί
823 1964 1029 2049 περιεχαράκου.

248 2071 317 2132 Τότε
332 2068 363 2139 δὴ
375 2067 455 2126 πάλιν
476 2059 684 2143 ἀναγκασθέντες
702 2058 809 2130 ἐξῆλθον
826 2059 856 2115 ἐκ
869 2061 917 2126 τῆς
930 2056 1031 2121 πολεως

250 2163 435 2238 πανστρατιᾷ,
448 2151 529 2219 πολύς
547 2151 591 2208 καλ
607 2146 769 2213 ἀσύντακτος
788 2145 882 2225 ὄχλος,
900 2144 946 2203 καὶ
962 2166 1034 2215 συμ-

198 2271 225 2311 οο
252 2246 375 2312 δαλόντες
397 2246 432 2311 είς
448 2240 539 2321 μάχην
550 2238 612 2313 ,ἔτι
627 2239 719 2298 κάκιον
735 2233 929 2315 ἀγωνισάμενοι
948 2254 1032 2290 κατα-

253 2336 383 2398 κλείονται
407 2332 438 2392 τδ
455 2330 575 2410 δεύτερον
596 2331 631 2395 είς
657 2328 703 2399 riu
724 2324 818 2395 πόλιν,
844 2323 962 2401 αἰσχρῶς
988 2319 1034 2378 καί

254 2424 387 2499 ἀνάνδρως
400 2420 549 2503 φεύγοντες.
593 2416 628 2478 ‘0
643 2417 670 2474 δὲ
680 2414 791 2483 ὕπατος,
807 2410 933 2486 οὐδεμίαν
947 2410 1034 2476 αὐτοῖς

253 2511 418 2596 ἀναστροφὴν
429 2511 468 2569 ἐτι
481 2501 553 2581 δούς,
566 2505 699 2581 κλίμακας
711 2499 857 2582 προσίφερι
869 2504 924 2565 τοῖς
935 2497 1035 2577 τείχεσι

252 2602 298 2661 καί
320 2604 403 2684 κριοῖς
419 2596 544 2668 ἐξέκοπτε
561 2594 608 2662 τθς
630 2593 726 2658 πύλας.
770 2586 920 2655 Ἐπιπύνως
946 2585 1035 2646 δὲκαὶ

198 2712 225 2752 ει
251 2690 426 2769 ταλαιπώρως
448 2690 501 2746 τῶν
529 2684 601 2744 ἐνδον
630 2680 861 2761 ἀπομαχομένων,
891 2678 921 2735 οὐ
949 2673 1037 2735 πολλθ

253 2776 466 2859 πραγματιυθελς
487 2773 557 2834 κατά
576 2772 671 2853 κράτος
688 2771 757 2849 αἱρεῖ
775 2771 823 2840 τὴν
839 2767 926 2827 πολιν.
956 2763 1034 2844 Χρή-

254 2890 327 2944 ματα
342 2865 390 2943 μέν
406 2856 450 2925 οὐν
476 2866 580 2939 αὐτῶν,
595 2860 646 2921 ὅσα
672 2858 769 2939 χρυσὸς
790 2857 836 2915 καί
860 2854 971 2934 οίργυρος
992 2851 1038 2912 καί

253 2956 353 3038 χαλκὸς
377 2958 458 3027 ἐνῆν,
477 2955 513 3019 εἰς
532 2952 562 3010 τὸ
580 2950 707 3026 δημόσιον
724 2946 861 3006 ἐκέλευσεν
879 2940 1035 3022 ἀναφέρειν,

255 3042 408 3124 ἀνδράποδα
434 3040 461 3101 δὲ
478 3039 534 3106 τούς
555 3036 653 3114 ταμίας
668 3032 926 3115 παραλαμύάνοντας
936 3031 989 3089 ,καὶ
1003 3029 1037 3087 τὰ

200 3157 228 3197 30
254 3130 335 3191 λοιπδι
348 3130 452 3211 λάφυρα
471 3129 581 3186 πωλεῖν.
631 3125 696 3189 Ἰὀὶς
708 3121 737 3181 δὲ
752 3117 925 3201 στρατιώταις
939 3120 1037 3191 ἐσθῆτα

254 3221 300 3280 καὶ
315 3224 429 3300 τροφάς,
444 3217 489 3278 καί
504 3214 545 3275 do’
558 3214 628 3273 ἄλλα
642 3214 753 3271 τοιαῦτα
773 3208 898 3268 ἐδύναντο
912 3208 1039 3287 ώφελεῐσ-

256 3316 316 3380 θαι,
332 3307 485 3387 ἐπίτρεψον.
527 3298 644 3363 Ἔπειτα
660 3298 794 3378 διακρίνας
808 3301 861 3356 τῶν
876 3320 905 3356 τε
920 3294 1039 3375 κληρού-

255 3422 311 3479 χων
326 3395 437 3456 καὶτῶν
453 3392 572 3474 ἀρχαίων
588 3391 730 3451 Ἀντιατῶν.
740 3387 800 3455 τούς
815 3384 1039 3466 ἐπιφανεστάτους

255 3486 341 3547 τεκαὶ
353 3489 399 3557 τῆς
414 3480 585 3546 ἀποστάσεως
597 3478 708 3545 αἰτίους·
724 3467 793 3550 ἦσαν
809 3476 837 3534 δὲ
852 3473 955 3532 πολλοί·
972 3471 1039 3551 poid-

206 3600 232 3640 σε
258 3579 310 3644 δοις
324 3577 347 3634 τ’
360 3571 473 3653 ᾐκίσατο
489 3570 568 3649 μέχρι
579 3569 678 3627 πολλοῦ
692 3566 738 3625 καὶ
749 3564 809 3630 τούς
826 3561 940 3644 αὐχένας
952 3563 1038 3619 αὐτῶν

257 3663 392 3724 ἐκίλευσεν
409 3660 561 3735 ἀποτεμεῖν.
606 3658 699 3717 Ταῦτα
723 3650 934 3731 διαπραξάμενος
954 3650 1040 3727 ἀπῆγε

257 3750 303 3811 καί
318 3749 393 3815 αὐτὸς
406 3746 449 3806 ἐπ’
464 3745 536 3805 οἴκου
555 3744 602 3815 τὴν
623 3744 762 3819 δύναμιν.·
791 3740 902 3805 Τούτοις
922 3742 938 3808 ἡ
957 3736 1039 3815 βουλὴ

257 3848 311 3907 τοῖς
328 3839 438 3904 ὑπάτοις
459 3834 599 3915 προσιούσί
614 3856 643 3892 τε
657 3832 817 3906 ἀπήντησε,
838 3829 883 3887 καλ
895 3826 1038 3907 θριάμύους

259 3928 414 4009 ἀμφοτέροις
439 3928 600 4004 καταγαγεῖν
621 3923 779 4004 ἐψηφίσατο.
825 3917 879 3978 Καί
904 3915 968 3996 πρὸς
989 3919 1039 3977 Αί-

205 4038 232 4078 to
258 4017 353 4082 κανούς
377 4014 624 4095 πρεσύευσαμένους
653 4009 718 4090 ὑπὲρ
745 4010 850 4089 εἰρήνης
895 4006 1039 4078 ἐποιήσατο

260 4107 388 4177 συνθήκας
403 4104 464 4185 περὶ
475 4101 645 4166 καταλύσεως
661 4106 707 4160 τοῦ
723 4097 854 4174 πολέμου,
867 4098 894 4154 ἐν
905 4086 947 4161 αἶς
962 4095 1042 4174 ἐγρά-

259 4216 310 4276 φη·
349 4220 361 4246 α
380 4192 474 4261 Πύλαις
495 4191 586 4251 τεκαὶ
607 4187 697 4270 χώρας
717 4187 825 4267 ἔχοντας
841 4187 989 4258 Αἰκανούς,
1004 4174 1041 4243 ῶν

261 4311 273 4337 u
290 4281 415 4362 ἐκράτουν
428 4280 471 4342 ὅτε
485 4284 512 4340 ai
532 4278 643 4339 σπονδαί
662 4276 792 4357 ἐγίνοντο,
807 4273 952 4350 Ῥωμαίοις
974 4262 1041 4331 εἶναι

261 4401 274 4427 ι
289 4370 438 4445 ὐπηκύους,
456 4371 520 4431 άλλο
536 4368 583 4447 μέν
599 4370 788 4434 ὑποτελοῦντας
800 4364 896 4444 μηθέν,
912 4363 938 4421 ἐν
950 4360 978 4421 δέ
988 4365 1042 4429 τοῖς

206 4493 232 4531 to
261 4490 274 4517 ιι
290 4461 415 4531 πολέμοις
440 4458 596 4539 συμμαχίαν
623 4455 833 4520 ἀποστελλοντας
854 4450 1039 4525 δοηνδήποτε,

261 4580 274 4606 ι
289 4554 379 4631 ὥσπερ
393 4550 440 4610 καὶ
454 4552 477 4609 oi
494 4548 570 4608 ἄλλοι
585 4545 758 4626 σύμμαχοι.»
775 4541 831 4603 llal
843 4541 873 4600 τὸ
893 4541 950 4608 ἔτος
964 4545 1041 4598 τοῦτο

261 4640 393 4701 ἐτελεύτα.
611 4704 614 4711 ⁴

302 4730 394 4789 l'llll.
416 4729 464 4806 Τῷ
490 4726 513 4784 δ’
538 4723 596 4795 ἑξῆς
621 4725 732 4803 ἐνιαυτῷ
770 4720 849 4786 Γάϊος
874 4716 987 4783 Ναύτιος
1011 4717 1041 4775 τὸ

264 5254 456 5336 πλησιοχώρων
470 5259 550 5315 ἐθνῶν
564 5254 679 5331 πολεμος
693 5252 829 5331 ἐπεγίνετο
843 5257 876 5332 τῇ
890 5251 981 5324 πολιι,
997 5246 1042 5308 καὶ

769 414 933 478 ololll'sll
954 410 1336 474 HALIGARNASSENSIS

1080 553 1215 619 oppidanos
1241 553 1267 603 iu
1296 551 1376 602 aciem
1401 547 1543 614 prodituros
1565 567 1572 598 ι
1600 546 1646 598 sed
1669 560 1748 611 quum
1778 547 1867 599 nullus

1080 656 1206 708 exercitus
1216 654 1305 715 exiret,
1318 664 1404 716 agrum
1417 662 1505 701 eorum
1522 648 1663 699 bominibus
1678 652 1704 698 et
1720 661 1810 712 pecore
1822 661 1867 700 re-

1081 755 1171 807 tertum
1188 754 1306 808 vastavit.
1339 757 1418 812 llam,
1430 750 1558 815 repentino
1568 747 1677 799 advento
1690 749 1812 813 oppressi,
1822 763 1867 801 res

1081 864 1139 911 aute
1162 860 1187 909 in
1200 858 1293 909 tutiora
1313 856 1369 906 loca
1380 867 1411 905 ex
1431 852 1497 918 agris
1511 854 1668 916 comportare
1689 850 1865 915 nequiverant

1082 963 1181 1019 Fabius,
1201 960 1357 1023 hacquoque
1374 956 1459 1022 praeda
1478 954 1600 1007 militibus
1614 966 1749 1013 concessa,
1763 954 1867 1003 multis·

1082 1059 1227 1125 quediebus
1242 1059 1267 1110 in
1283 1056 1442 1122 populatione
1460 1054 1591 1117 inauratis,
1607 1052 1691 1117 copias
1705 1053 1809 1103 domum
1826 1069 1869 1105 re·

1083 1167 1164 1217 duxit.
1198 1167 1231 1215 lt
1246 1160 1389 1223 cornelios,
1417 1160 1481 1210 alter
1500 1157 1603 1217 conam,
1631 1158 1757 1222 protectos
1778 1163 1870 1209 eontra

1083 1267 1206 1315 Romanos
1219 1264 1246 1312 ei
1263 1259 1385 1321 Volscos,
1403 1259 1446 1322 qul
1470 1257 1632 1318 actiterunt,
1655 1257 1869 1309 ottmditexerci·

1083 1372 1147 1429 tum,
1164 1379 1241 1430 aquo
1252 1365 1278 1415 ln
1300 1364 1393 1415 sinibus
1411 1362 1611 1427 exspectabatur,
1624 1374 1681 1411 cum
1693 1361 1788 1427 quibus
1805 1376 1869 1412 eon·

1083 1481 1196 1536 gressus,
1208 1465 1294 1516 multis
1303 1464 1384 1524 casis,
1399 1468 1424 1515 et
1438 1464 1539 1527 reliquis
1548 1462 1573 1512 in
1589 1461 1671 1527 iugum
1682 1462 1780 1523 versis,
1793 1478 1871 1528 prope

1084 1573 1173 1625 urbem
1185 1570 1269 1619 castra
1282 1567 1376 1630 posuit.
1411 1568 1494 1624 Quum
1510 1568 1595 1614 autem
1616 1562 1734 1628 oppidani
1751 1564 1787 1615 ad
1799 1579 1870 1629 μω).

1086 1673 1146 1724 lium
1166 1668 1265 1735 prodire
1291 1664 1398 1730 amplius
1423 1679 1472 1715 nou
1490 1664 1626 1725 auderent,
1646 1665 1756 1729 pnmum
1780 1681 1871 1718 eorum

1086 1794 1172 1845 agrum
1188 1774 1312 1837 vastant,
1335 1771 1425 1823 deinde
1441 1770 1528 1820 urbem
1548 1769 1614 1818 fossa
1625 1766 1745 1833 valloque
1759 1770 1871 1822 circum·

1086 1882 1163 1935 dedit.
1174 1884 1244 1931 Tunc
1254 1876 1330 1941 igitur
1336 1888 1426 1925 rursus
1437 1873 1583 1924 necessitate
1595 1871 1686 1933 eoacti,
1699 1871 1760 1923 totis
1773 1875 1871 1927 viribus

1086 2000 1144 2037 cum
1165 1979 1258 2047 ingenti
1278 1983 1304 2030 et
1317 1978 1419 2029 mninsa
1441 1975 1651 2027 multitudinem
1664 1975 1727 2027 urbe
1744 1976 1771 2027 in
1789 1981 1871 2032 aciem

1086 2085 1243 2152 prodierunt,
1256 2083 1282 2129 et
1292 2076 1433 2141 congressi,
1447 2076 1483 2127 ibi
1497 2088 1596 2139 quoque
1611 2074 1700 2140 proelio
1717 2080 1869 2139 commisso,

1085 2186 1152 2236 intra
1161 2180 1251 2232 nroenia
1260 2178 1352 2229 iterum
1364 2175 1486 2241 compulsi
1501 2178 1570 2237 sunt,
1585 2175 1692 2238 turpiter
1707 2180 1732 2225 et
1744 2175 1872 2239 ignaviter

1087 2288 1111 2337 in
1123 2280 1291 2347 tugamversi.
1326 2278 1418 2330 consul
1438 2281 1536 2337 autem,
1558 2276 1627 2327 nulla
1641 2278 1794 2342 respiratione
1810 2279 1868 2329 illis

1087 2381 1270 2450 ampliusdata,
1294 2379 1376 2431 scalas
1397 2378 1430 2428 ad
1451 2379 1674 2439 murosadmorit,
1693 2380 1869 2444 atqueportas

1087 2484 1205 2539 arietibus
1226 2479 1305 2546 tregit.
1340 2478 1477 2544 oppidanis
1495 2493 1557 2530 vero
1576 2480 1698 2531 laboriose
1707 2484 1809 2545 etoegre
1827 2497 1872 2534 re-

1089 2587 1244 2645 sistentibus,
1257 2597 1308 2634 nou
1331 2596 1421 2647 magno
1435 2581 1535 2647 negotio
1546 2580 1636 2634 urbem
1654 2582 1681 2632 vi
1693 2583 1765 2646 oepit.
1788 2583 1873 2641 Quia.

1087 2688 1150 2755 quid
1165 2690 1248 2737 autem
1268 2684 1324 2734 auri
1340 2685 1367 2733 ei
1379 2682 1473 2747 argenti
1487 2686 1562 2745 atque
1581 2682 1640 2733 reris
1656 2683 1682 2733 in
1695 2696 1727 2734 ea
1742 2658 1872 2735 inventum

1088 2793 1136 2853 esi,
1148 2787 1175 2838 id
1192 2787 1219 2836 in
1231 2783 1348 2835 cerarium
1369 2784 1470 2842 interri3
1494 2784 1617 2848 mancipia
1631 2788 1657 2835 et
1669 2785 1794 2852 reliquam
1807 2801 1872 2852 prae·

1088 2894 1147 2944 dam
1159 2908 1174 2943 e
1185 2891 1353 2956 quaestoribus
1370 2888 1442 2940 vendi
1465 2887 1552 2951 jussit;
1572 2887 1694 2937 militibus
1707 2889 1808 2947 restes,
1826 2887 1874 2937 ali·

1090 2999 1180 3056 menta,
1204 2998 1230 3044 ei
1245 2993 1355 3057 reliquas
1365 2990 1510 3042 huiusmodi
1525 3004 1575 3052 res,
1588 2990 1723 3055 exquibus
1738 2991 1876 3042 utilitatem

1089 3090 1310 3154 caperepolerani,
1329 3087 1355 3137 in
1376 3085 1489 3150 praedam
1503 3086 1635 3136 concessit.
1668 3086 1766 3137 Deinde
1779 3091 1832 3137 tam
1845 3101 1877 3137 ex

1091 3192 1153 3256 ipsis
1163 3189 1267 3251 colonis,
1277 3201 1352 3251 quam
1369 3200 1401 3237 ex
1418 3186 1545 3238 veteribus
1555 3185 1696 3236 endufibos
1706 3225 1713 3245 ,
1724 3186 1876 3237 nobilissimi

1090 3291 1183 3357 quique
1197 3292 1223 3340 et
1235 3285 1381 3338 delectionis
1400 3289 1516 3338 auctores
1536 3286 1568 3335 ab
1581 3300 1611 3336 eo
1625 3285 1709 3335 selecti
1735 3286 1818 3349 (erant
1830 3299 1876 3335 aa

1092 3399 1143 3447 tem
1162 3392 1241 3454 multi)
1259 3390 1335 3455 virgis
1348 3389 1392 3440 diu
1415 3389 1487 3450 caesi,
1512 3393 1539 3440 et
1557 3388 1639 3439 securi
1660 3389 1735 3451 jussu
1755 3388 1812 3450 ejus
1824 3402 1880 3452 per·

1092 3496 1159 3546 cussi
1183 3494 1292 3545 luerunt.
1308 3492 1353 3542 llis
1364 3491 1481 3556 peractis,
1505 3488 1642 3540 exercitum
1664 3491 1691 3538 et
1707 3488 1762 3551 ipse
1775 3488 1879 3538 domum

1093 3596 1201 3648 reduxit.
1227 3594 1272 3645 llis
1293 3592 1438 3645 consulibus
1460 3589 1618 3642 venientibus
1644 3591 1747 3640 senatus
1778 3590 1881 3640 obuiam

1093 3698 1222 3764 processit,
1233 3699 1259 3747 et
1280 3695 1403 3745 ambobus
1414 3692 1573 3757 triumphum
1592 3690 1713 3741 decreuit.
1748 3694 1782 3741 Et
1792 3693 1882 3757 AEquis

1070 3841 1075 3851 .
1092 3814 1189 3865 paoem,
1202 3812 1278 3863 quam
1293 3810 1338 3862 per
1356 3796 1450 3882 legatos
1468 3794 1606 3859 petierant,
1634 3794 1767 3853 concessit,
1783 3793 1883 3845 tradem

1094 3916 1152 3952 cum
1172 3901 1221 3950 illis
1235 3899 1274 3949 bis
1288 3895 1472 3949 conditionibus
1488 3896 1553 3945 lacto
1568 3912 1575 3943 ι
1589 3913 1603 3941 ι
1617 3898 1646 3944 ιιι
1662 3894 1748 3958 AEqui,
1765 3896 1845 3945 urbes
1858 3902 1884 3946 et

1095 4024 1107 4047 a
1119 4017 1191 4067 agros
1204 4014 1264 4052 suos
1277 4000 1420 4058 retinentes,
1432 4010 1496 4061 quos
1507 3995 1643 4056 habebant,
1653 3996 1679 4044 in
1688 4008 1737 4045 sua
1746 3997 1883 4059 potestate.

1094 4127 1106 4150 ι
1119 4119 1198 4169 quum
1210 4101 1289 4152 loedus
1302 4102 1395 4151 tactum
1413 4103 1460 4156 esi,
1476 4097 1579 4162 imperio
1588 4096 1673 4161 populi
1684 4097 1792 4147 Romani
1807 4110 1883 4161 pare-

1094 4229 1106 4251 «
1122 4212 1191 4269 rent;
1211 4210 1245 4268 et,
1260 4207 1406 4255 caeterorum
1425 4199 1577 4251 tributorum
1595 4198 1730 4257 immunes,
1743 4201 1846 4247 tantum
1859 4199 1886 4249 iu

1094 4311 1190 4362 «bellis
1208 4308 1301 4360 auxilia
1317 4304 1457 4363 mitterent,
1471 4301 1572 4367 quantis
1588 4314 1650 4366 opus
1665 4305 1747 4357 esset,
1757 4299 1887 4362 quemad·

1094 4391 1105 4459 ‹'‹
1121 4415 1259 4465 manumet
1270 4408 1390 4462 alumen.
1408 4428 1420 4451 ‚‚
1435 4403 1652 4471 lamentamus
1667 4402 1703 4452 ru
1718 4400 1791 4451 aunt.

1125 4721 1202 4770 llllll.
1219 4720 1292 4767 Anno
1307 4712 1430 4777 sequenti,
1447 4713 1477 4761 c.
1492 4708 1597 4761 Nautius
1610 4708 1701 4759 iterum
1716 4706 1743 4755 et
1761 4706 1790 4753 L.
1802 4704 1883 4754 itinn,

262 4820 381 4899 δεύτερον
399 4816 508 4896 αἱρεθεὶς
521 4813 567 4873 καί
583 4810 694 4881 Λεύκιος
711 4812 857 4883 Μηνύκιος,
874 4805 1040 4887 παραλαύόνι
1093 4810 1148 4861 cius
1161 4805 1277 4858 consules
1290 4803 1358 4861 iacti,
1374 4799 1527 4865 aliquamdiu
1543 4798 1569 4848 in
1580 4797 1642 4847 urbe
1656 4809 1716 4845 cum
1729 4793 1847 4857 l'irgiuio
1861 4796 1887 4842 et

221 4929 304 4973 οντες
322 4904 370 4977 τὴν
383 4903 481 4963 ύπατον
495 4901 600 4984 ἀρχὴν,
613 4901 677 4969 τίως
692 4900 740 4977 μέν
754 4899 820 4979 ὑπὲρ
834 4902 885 4956 τῶν
898 4897 1042 4956 πολιτικῶν
1094 4897 1147 4961 ejus
1157 4896 1267 4958 collegis,
1278 4895 1396 4957 quartum
1409 4889 1460 4953 jam
1474 4900 1567 4939 annum
1579 4885 1685 4938 eundem
1703 4882 1887 4947 magistratum

263 4994 369 5053 δικαίων
385 4994 502 5069 πόλεμον
521 4992 591 5057 ἐντὸς
614 4989 717 5070 τείχους
739 4991 883 5063 ἐπολέμουν
903 4983 968 5063 πρὸς
982 4983 1042 5050 τούς
1094 4984 1278 5043 obtinentibus,
1301 4982 1406 5044 dejure
1425 4976 1525 5042 publico
1551 4972 1741 5025 contendemni.
1786 4967 1888 5021 Deittk

264 5081 321 5156 άμα
335 5082 482 5161 Οὐεργινίῳ
505 5077 672 5159 δημάρχους,
692 5079 751 5145 τούς
772 5077 896 5155 τέταρτον
913 5074 969 5140 ίτος
991 5073 1042 5144 ἤδη
1095 5074 1161 5125 bello
1180 5087 1195 5124 a
1212 5069 1324 5123 finitimis
1342 5066 1457 5133 gentibus
1479 5066 1567 5115 contra
1593 5060 1716 5127 populum
1742 5062 1889 5109 Romanurn

264 5166 311 5237 τλν
333 5168 415 5238 αὐτὴν
442 5165 626 5245 κατασχόντας
642 5166 740 5246 ἀρχήν.
783 5164 863 5226 Ἐπεί
878 5162 905 5222 δὲ
922 5161 976 5222 ἀπδ
989 5163 1041 5220 τῶν
1094 5170 1191 5229 exorto,
1207 5178 1285 5229 quum
1304 5163 1387 5213 metus
1403 5158 1479 5213 esset.
1503 5152 1678 5218 neimperiom
1696 5153 1719 5202 ei
1733 5151 1888 5217 eriperetur,

1096 5254 1212 5305 consules
1234 5251 1343 5303 libenter
1357 5249 1421 5300 hauc
1439 5244 1597 5296 occasionem
1622 5254 1637 5292 a
1655 5241 1757 5291 fortuna
1771 5240 1890 5293 oblatam
