4034 5922
639 398 929 474 ANi'lQUlTllTUM
950 405 1097 469 ROMAN.
1120 411 1191 475 Lis.
1213 411 1235 472 I.
1692 418 1729 476 Π

129 530 185 585 τῶν
201 524 376 603 Ἀύοριγίνων
396 549 518 609 προνοιᾳ.
564 532 677 607 Πρῶτον
703 530 752 607 μίν
781 525 827 593 οόν
855 538 903 607 τῆς

129 614 297 694 οἰκοφθορίας
314 621 374 680 ταῖς
388 615 495 676 πόλισιν
512 616 597 676 ίδόκει
611 621 710 699 αὐχμῷ
729 626 747 692 ἡ
764 627 904 698 γῆκακω-

129 708 206 763 θεῖσα
226 701 325 781 ἄρξαι,
342 701 419 790 ,ἡνίκ’
444 702 499 787 odt'
523 703 569 764 tol
583 710 639 773 τοῖς
663 707 782 787 δένδρεσι
804 713 905 791 καρπὸς

128 790 217 858 οθδελς
230 795 326 870 ὡραῖος
338 790 458 869 γενέσθαι
474 793 618 869 διέμεινεν,
641 796 701 854 ἀλλ’
717 795 787 872 ὠμοί
802 800 902 879 κατίρ-

128 901 203 957 ρεον,
221 877 275 938 oit‘
290 877 378 941 δπόσα
393 880 554 958 σπερμάτων
567 880 660 940 άνέντα
675 884 806 963 βλαστοὺς
822 887 902 959 dout-

129 991 203 1026 σειεν
221 967 270 1035 ἕως
285 969 401 1046 στάχυος
422 972 510 1045 ἀκμῆς
531 969 590 1036 τοὺς
608 971 678 1028 κατά
693 971 773 1047 νόμον
790 972 902 1046 ίξεπλή·

129 1078 194 1132 ρουν
204 1060 325 1136 χρόνους,
339 1055 399 1114 οὔτε
411 1056 463 1114 πόα
476 1056 596 1128 κτήνεσιν
608 1058 701 1137 ἐφύετο
713 1061 833 1139 διαρκὴς,
849 1066 902 1121 τῶν

127 1168 160 1204 τε
169 1147 294 1222 ναμάτων
310 1143 345 1203 τά
359 1144 407 1219 μὲν
418 1146 507 1204 οὗκίτι
520 1145 640 1204 πίνεσθαι
658 1150 790 1207 σπουδαῖα
803 1141 848 1222 ἦν,
864 1150 898 1209 τδι

127 1234 154 1294 δ’
164 1234 330 1312 ὑπελίμπανε
351 1230 460 1312 θέρους,
476 1236 509 1293 τά
526 1233 548 1292 δ’
563 1236 599 1299 είς
609 1237 683 1302 τέλος
702 1236 897 1301 άπεσύέννυτο.

126 1322 242 1404 Ἄδελφά
263 1323 291 1381 dt
315 1322 414 1388 τούτοις
434 1320 534 1399 ίγίνιτσ
555 1321 615 1402 περί
639 1346 667 1381 τε
692 1324 831 1401 προύάτων
855 1326 901 1386 καί

125 1414 260 1487 γυναικῶν
283 1410 371 1487 γονάς’
397 1409 484 1489 ἢγδρ
506 1409 669 1486 ὀξημύλοθτο
688 1411 723 1469 τδι
740 1410 862 1491 ipsene,
883 1412 900 1486 ἢ

34 1542 35 1573 φ
127 1500 200 1559 κατὰ
213 1498 272 1565 rod<
292 1498 383 1564 τόκους
397 1497 576 1578 διεφθείρετο,
591 1498 663 1558 ίστιν
689 1498 706 1556 ἃ
724 1498 770 1558 καί
785 1502 832 1566 τὰς
844 1525 898 1582 φε-

34 1588 35 1635 Ῡ
127 1587 223 1665 ρούσας
245 1587 524 1664 συνδιαλυμηνάμενα.
561 1590 596 1647 hi
617 1586 688 1646 δέτι
711 1588 833 1667 διαφύγοι
858 1589 901 1649 τδν

34 1668 35 1683 ’
127 1679 224 1735 ἐκτῶν
249 1675 349 1735 ὠδίνων
373 1675 514 1745 κίνδυνον,
536 1673 656 1754 ἔμπηρον
679 1675 804 1746 ἢόιτελές
828 1675 845 1749 ἢ
867 1679 900 1737 δι’

34 1830 35 1833 ς
127 1766 214 1837 άλλην
227 1764 285 1825 τινδ
301 1765 386 1844 τύχην
403 1764 518 1845 βλαφθίν
542 1765 685 1844 τρέφεσθαι
709 1766 827 1842 χρηστὸν
853 1771 901 1827 οὐκ

126 1845 174 1927 ἦν.
231 1850 345 1914 Ἔπειτα
356 1853 402 1912 καί
416 1853 446 1911 τδ
464 1852 530 1912 ἄλλο
545 1854 645 1923 πλῆθος
663 1852 694 1911 τδ
714 1856 742 1910 tv
754 1854 829 1934 ἀκμῇ
845 1856 899 1932 μά-

34 1936 36 2015 ῗ
127 1946 209 2003 λιστα
226 1946 352 2006 ίκακοῖντο
370 1942 455 2009 νόσοις
471 1941 516 2000 καί
535 1942 653 2006 θανάτοις
668 1942 743 2022 παρδι
762 1942 796 2001 τά
809 1946 900 2004 είκότα

34 2048 35 2053 ’
128 2035 243 2111 συχνοῖς.
301 2028 515 2107 Μαντευομίνοις
536 2029 558 2087 δ’
582 2031 668 2095 αὐτοῖς
703 2030 767 2088 τίνα
788 2035 898 2107 θεῶνῆ

126 2120 257 2197 δαιμόνων
268 2120 438 2200 παραόάντες
451 2119 515 2178 τάδε
538 2120 687 2197 πάσχουσι,
712 2119 759 2177 καὶ
775 2120 801 2179 τί
814 2121 899 2193 ποιή-

34 2268 35 2293 ,
126 2234 203 2270 σασιν
218 2212 306 2277 αὐτοῖς
318 2212 442 2288 λωφῆσαι
455 2206 489 2266 τδι
503 2207 575 2267 δεινδι
586 2207 671 2280 ἐλπίς,
687 2213 701 2268 ὁ
715 2208 771 2275 θεὸς
786 2212 898 2292 άνεῖλεν,

34 2314 35 2327 ’
125 2299 165 2358 ὀτι
178 2300 304 2378 τυχόντες
318 2290 355 2358 ῶν
372 2297 512 2358 ὀόούλοντο
525 2298 574 2355 οὐκ
589 2297 753 2358 άπίδοσανδ
771 2297 897 2380 εὔξαντο,

124 2387 194 2447 iiii
213 2386 418 2467 προσοφειλουσι
443 2384 478 2445 τδι
512 2382 636 2444 πλείστου
663 2383 736 2453 άξια.
781 2390 816 2446 Οἱ
846 2389 898 2470 γὰρ

124 2474 263 2554 Πελασγοὶ
277 2473 388 2554 ἀφορίας
405 2474 494 2539 αὐτοῖς
507 2473 649 2550 γενομένης
663 2475 690 2531 tv
700 2477 778 2552 τῇγῇ
792 2474 898 2537 πάντων

122 2564 271 2644 χρημάτων
284 2561 392 2631 εὔξαντο
405 2564 443 2637 τῶ
461 2585 490 2619 τε
512 2558 558 2621 Διί
578 2562 624 2619 καὶ
639 2564 676 2640 τῷ
690 2562 837 2622 Ἀπόλλωνι
851 2567 897 2626 καλ

124 2661 180 2718 τοῖς
196 2650 335 2729 Καόείροις
354 2648 513 2710 καταθύσειν
526 2649 637 2714 δεκάτας
651 2652 704 2708 τῶν
717 2654 897 2730 προσγενηθο·

122 2741 212 2818 μένων
225 2739 359 2798 ἁπάντων·
373 2736 539 2809 τελεσθείσης
552 2738 579 2795 δὲ
595 2740 642 2809 τῆς
657 2742 736 2817 εὐχῆς
749 2738 897 2819 ἐξελόμενοι

120 2833 233 2909 καρπῶν
244 2828 327 2891 τεκαὶ
343 2825 522 2908 βοσκημάτων
537 2826 664 2886 ἁπάντων
679 2828 709 2886 τὸ
729 2828 811 2907 λάχος
827 2832 895 2891 άπέ-

120 2921 203 2974 θυσαν
217 2923 270 2982 τοῖς
283 2920 368 2991 θεοῖς,
385 2917 421 2981 ῶς
431 2912 464 2985 δὴ
479 2912 547 2971 κατδι
563 2912 661 2971 τούτων
679 2913 768 2991 μόνων
784 2914 893 2992 εὖξάμε·

119 3026 186 3064 νοι.Δ
213 3004 307 3062 Ταῦτα
323 3001 355 3073 δὴ
370 3000 505 3082 Μυρσίλος
525 3002 539 3059 θ
555 2998 668 3068 Λίσύιος
684 3004 825 3083 ἱστόρηκεν
840 3006 895 3065 ὀλί·

64 3111 92 3149 το
120 3115 170 3170 γου
195 3091 248 3148 δεῖν
268 3098 322 3156 τοῖς
341 3092 428 3156 αὐτοῖς
447 3087 557 3163 ὀνόμασι
576 3090 683 3168 γράφων
705 3079 743 3157 οἷς
764 3089 816 3167 ἐγὼ
829 3099 893 3164 νῦν,

119 3178 192 3251 πλὴν
204 3178 266 3237 ὅσον
277 3180 306 3237 οό
322 3176 478 3252 Πελασγοὺς
491 3179 567 3235 καλεῖ
579 3176 814 3259 τοθςάνθριιίπους,
826 3182 895 3242 άλλδι

119 3264 282 3344 Τυρρηνούς·
296 3264 344 3337 τὴν
359 3266 381 3323 δ’
396 3264 483 3323 αἰτίαν
498 3264 587 3341 ὀλίγον
603 3263 712 3346 ὕστερον
727 3268 789 3347 ίρῶ.

34 3420 35 3445 γ
161 3356 266 3415 xxiv.
281 3354 328 3420 Ὡς
346 3354 369 3412 δ’
389 3356 565 3432 ἀπενεχθέντα
583 3354 626 3412 τδν
640 3356 761 3434 χρησμὸν
776 3357 890 3433 ἔμαθον,

34 3464 35 3467 ’
117 3444 167 3503 οὔκ
181 3432 253 3521 ε’ίχον
262 3443 297 3501 τθι
305 3441 436 3519 λεγόμενα
450 3442 606 3519 nuptuire.
620 3440 801 3520 ’λμηχανοῶσι
815 3445 893 3505 δἀὀ-

64 3551 92 3588 τε
117 3539 172 3598 τοῖς
185 3535 237 3590 τῶν
250 3530 409 3611 γεραιτέρων
425 3555 465 3597 τις
483 3529 555 3609 λέγει
572 3530 716 3606 αυμόαλὼν
735 3530 765 3590 τὸ
789 3531 889 3613 λόγιον,

117 3620 161 3679 ὅτι
174 3626 220 3679 τοῦ
243 3620 340 3687 παντὸς
355 3618 558 3698 ἡμαρτήκασιν,
585 3621 608 3677 εί
627 3617 726 3678 οίονταε
746 3622 805 3687 τοὺς
820 3621 893 3689 θεοὺς

117 3709 216 3773 άδίκως
240 3708 325 3774 αότοῖς
349 3707 479 3785 ίγκαλεῖν·
505 3706 655 3787 χρημάτων
675 3705 724 3783 μέν
746 3706 798 3786 γδιρ
817 3710 890 3769 άπο-

117 3796 239 3855 δεδόσθαι
254 3794 299 3861 τάς
317 3795 441 3875 άπαρχδις
459 3795 547 3862 αύτοῖς
570 3795 678 3860 ἁπάσας
698 3797 780 3874 ὀρθῶς
794 3820 823 3855 τε
845 3798 890 3858 καλ

116 3883 165 3944 σὺν
191 3886 261 3963 δίκη·
288 3883 431 3964 ἀνθρώπων
456 3882 485 3942 dd
510 3886 588 3963 γονῆς
613 3882 643 3941 τδ
669 3883 769 3963 λάχος,
794 3888 890 3963 χρῆμα

66 4001 93 4039 eu
116 3973 214 4038 παντὸς
232 3973 349 4048 μαλιστα
368 3974 435 4038 θεοῖς
454 3970 629 4050 τιμιώτατον,
650 3971 837 4050 ὀφιίλεσθαι·εί
861 3974 890 4034 δί

118 4059 150 4130 δὴ
167 4058 213 4118 καὶ
234 4060 334 4118 τούτοιν
355 4057 462 4118 λάύοιεν
485 4058 533 4130 τὴν
554 4057 658 4118 δικαίαν
685 4067 796 4138 μοῖραν,
812 4061 884 4126 τέλος

116 4148 180 4215 stara
195 4148 269 4229 σφίσι
286 4146 317 4206 τὸ
337 4147 437 4225 λόγιον.
493 4150 557 4213 Τοῖς
575 4146 623 4223 μέν
648 4145 680 4218 δὴ
704 4148 787 4227 ὀρθῶς
802 4146 888 4210 ίδόκτι

115 4236 236 4314 λίγτοθαι
251 4237 352 4309 ταῦτα’,
372 4244 427 4303 τοῖς
443 4237 466 4294 δ’
490 4235 516 4303 tt
540 4235 685 4306 ίπιόονλῆς
708 4240 889 4314 συγκεῖσθαιθ

116 4325 202 4403 λύγος.
246 4322 470 4401 Είσηγησαμίνου
496 4322 525 4383 ὀί
546 4346 616 4391 τινος
637 4324 685 4396 τὴν
709 4324 830 4402 γνώμην,
844 4328 889 4385 τὀν

64 4442 90 4480 st
117 4419 174 4473 triu
198 4412 340 4491 ίπερίσθαι
369 4415 392 4473 τί
414 4414 486 4493 αύτῷ
510 4413 584 4491 φίλον
606 4411 717 4478 δεκάτας
745 4413 889 4492 ἀνθρώπων

118 4499 331 4578 ἄπολαμύάνεεν,
355 4500 492 4579 πέμπωσι
506 4501 538 4563 τδ
561 4499 681 4579 δεύτιρον
706 4502 886 4581 θεοπρόπους,

117 4590 163 4650 καί
174 4596 189 4650 θ
199 4591 255 4655 θεὸς
267 4592 367 4649 άνεῖλιν
381 4589 451 4650 ούτω
462 4593 559 4650 ποιεῖν.
602 4588 654 4651 Ἐκ
666 4588 693 4648 ei
706 4590 801 4652 τούτου
817 4591 883 4651 στά-

117 4701 157 4743 σις
171 4680 264 4745 αι’ντοίνς
278 4678 482 4755 καταλαμόάνει
499 4676 562 4760 περὶ
573 4682 621 4737 τοῦ
631 4679 730 4759 τρόπον
749 4681 830 4749 τῆσδε
842 4683 889 4748 τῆς

115 4769 305 4834 δεκατεύσεως·
321 4768 366 4826 καί
383 4769 411 4826 έν
433 4766 557 4840 άλλήλοις
572 4768 597 4826 οἱ
620 4767 812 4846 προεστηκότες
833 4770 887 4825 τῶν

64 4878 90 4918 tn
114 4856 216 4915 πόλεων
239 4857 300 4916 τότε
323 4860 431 4937 πρῶτον
450 4857 647 4936 ἐταράχθησαν·
668 4856 760 4915 ἔπειτα
783 4853 830 4913 καί
855 4854 887 4913 τὸ

112 4944 203 5003 λοιπδν
224 4946 323 5015 πλῆθος
336 4945 369 5004 δι’
383 4945 498 5026 θποφίιις
519 4945 579 5012 τοὺς
597 4945 625 5002 δν
638 4946 709 5004 τίλει
724 4942 886 5019 ίλάμθανιν·

111 5031 226 5107 ἐγίνοντό
246 5033 271 5090 τ’
294 5033 379 5093 uideri
400 5032 494 5112 κόσμῳ
524 5034 551 5092 αί
570 5031 795 5108 μεταναστάσεις,
816 5030 885 5109 ἀλλ’,

111 5118 201 5200 ύσπτρ
222 5120 314 5191 είκδς,
336 5120 434 5201 οίστριρ
456 5120 503 5180 καί
528 5119 687 5202 θεθόλαόείερ
702 5120 885 5192 induerant-

34 5264 35 5269 ,
112 5231 172 5267 νων·
185 5207 234 5267 καλ
248 5208 338 5267 πολλὰ
349 5210 458 5289 ίφέστια
470 5209 520 5267 tiu
534 5207 673 5290 ἐξηλείφθη
690 5210 785 5289 μέρους
799 5208 884 5267 αὐτῶν

188 5317 296 5355 ΝὒΜθΙΙ

960 545 1035 609 igitur
1043 563 1099 613 quae
1112 553 1218 604 familias
1230 554 1254 603 iu
1264 554 1520 620 urbibusperdebaul,
1530 556 1652 621 praecipua
1662 570 1737 608 cansa

959 629 1013 679 visa
1023 635 1061 681 est
1072 633 1196 695 sterilitas,
1208 649 1264 698 qun
1274 650 1347 697 agros
1362 651 1462 701 pessum
1474 638 1552 699 dedit,
1568 653 1626 689 cum
1638 651 1683 690 nen
1694 653 1735 690 ar·

959 709 1059 764 boribus
1071 714 1115 764 ulii
1127 716 1222 766 tructus
1232 731 1311 781 usque
1323 718 1355 767 ad
1367 721 1534 771 maturitatem
1546 718 1678 783 harerent,
1690 722 1733 772 sed

958 793 1041 843 amnti
1050 795 1206 859 deciderent,
1220 812 1264 850 nec
1274 801 1323 849 ulla
1334 814 1443 862 semiim,
1456 803 1479 853 si
1492 815 1542 869 qua
1560 804 1737 868 germinassent

958 879 985 927 et
1007 877 1288 945 llorerent,iegiti1num
1314 886 1410 948 tempus
1431 887 1563 950 implerent
1585 887 1662 938 etad
1683 887 1733 938 ins·

957 964 1009 1011 tam
1021 963 1145 1025 spicarum
1166 967 1359 1031 magnitudinem
1382 972 1538 1033 pervenirent
1561 994 1568 1023 ι
1589 986 1636 1024 nec
1652 973 1736 1037 pecori

957 1043 1080 1096 sufficeret
1107 1048 1239 1111 pabulum,
1272 1051 1338 1114 quod
1362 1054 1429 1101 terra
1459 1053 1600 1118 proterebat
1624 1069 1632 1104 ε
1660 1058 1735 1119 atque

957 1140 1028 1189 aquo
1041 1131 1131 1193 partim
1147 1145 1195 1181 nou
1217 1134 1321 1197 emplius
1336 1136 1406 1198 potui
1424 1139 1506 1186 essent
1524 1137 1634 1200 idoneo,
1646 1140 1735 1202 partin

956 1215 1043 1263 astate
1066 1214 1213 1277 desinerent,
1241 1219 1330 1281 partim
1353 1220 1427 1269 eliam
1459 1233 1561 1284 prorsus
1585 1222 1732 1278 arescerent,

957 1297 1025 1347 idem
1051 1300 1126 1350 etiam
1146 1302 1242 1365 pecon's
1267 1307 1293 1354 et
1315 1303 1448 1354 mulierum
1472 1302 1571 1353 toetilms
1595 1302 1730 1354 accidebat.

955 1383 1017 1430 iiam
1057 1387 1101 1433 aut
1132 1384 1213 1435 aborti
1245 1387 1319 1437 suetus
1351 1387 1517 1447 eiciebantur,
1545 1392 1590 1437 unt
1625 1386 1650 1435 in
1680 1386 1735 1449 ipso

955 1468 1028 1527 partu
1049 1466 1181 1518 interibant
1204 1470 1336 1521 :nonnulii
1352 1472 1426 1521 edam
1450 1472 1585 1532 matribus,
1608 1468 1731 1534 aquibus

955 1545 1104 1608 terebantur,
1123 1551 1197 1600 exitio
1219 1556 1296 1604 crant.
1323 1553 1366 1604 Sin
1379 1568 1438 1605 vero
1451 1554 1511 1619 quid
1528 1559 1616 1619 partus
1634 1552 1733 1603 dolores

955 1644 985 1679 ac
1006 1632 1142 1694 periculum
1168 1636 1286 1700 vitasset,
1318 1640 1433 1690 mutilum
1463 1644 1538 1704 atque
1561 1639 1732 1704 imperfectum

954 1715 1113 1777 nascebatur,
1136 1722 1179 1767 aul
1197 1718 1245 1768 aiio
1264 1719 1374 1783 quolibet
1393 1723 1454 1772 vitio
1471 1722 1589 1772 essedum
1607 1716 1732 1781 iudlgnnm

953 1802 1008 1848 erat
1023 1800 1088 1862 quod
1114 1801 1228 1854 aleretur.
1271 1805 1363 1856 Deinde
1385 1809 1411 1856 et
1431 1806 1524 1869 reliqua
1542 1804 1675 1856 multitudo
1687 1801 1731 1852 ho-

953 1884 1061 1944 minnm,
1079 1888 1202 1951 precipue
1225 1889 1389 1949 verendum,
1414 1891 1488 1941 variis
1508 1895 1583 1954 atque
1608 1887 1732 1939 inusitatis

953 1968 1096 2020 morborum
1106 1970 1241 2035 mortisque
1248 1972 1377 2035 generibus
1383 1972 1560 2025 afflictabatur.
1573 1973 1634 2023 cum
1647 1973 1730 2021 autem

953 2055 1080 2104 oraculum
1090 2055 1280 2118 consuluissent,
1289 2058 1324 2119 ut¹
1333 2058 1432 2107 scirent
1446 2056 1479 2106 ob
1493 2056 1565 2106 cuius
1576 2055 1617 2105 dei
1631 2057 1675 2104 aut
1687 2066 1731 2114 ge·

953 2138 987 2187 nii
1004 2136 1094 2189 ortensi
1115 2138 1178 2188 irem
1199 2137 1254 2188 heco
1267 2138 1332 2189 mala
1352 2139 1398 2189 sihi
1417 2139 1570 2201 acciderent,
1593 2136 1729 2201 siquibus

952 2219 1090 2282 rationibus
1108 2222 1134 2270 et
1156 2221 1272 2272 remediis
1294 2222 1383 2271 horum
1394 2223 1517 2273 malorum
1531 2222 1648 2273 atrocitas
1669 2234 1684 2270 a
1703 2233 1731 2271 se

953 2304 1034 2360 sedari
1044 2307 1138 2368 posset,
1149 2304 1212 2355 deus
1226 2306 1354 2369 respondit
1367 2323 1374 2355 ι
1389 2307 1440 2356 voli
1453 2320 1495 2356 eos
1510 2309 1636 2369 compotes
1650 2304 1730 2354 iactos

953 2398 1002 2434 non
1013 2385 1161 2449 persolvisse
1172 2400 1230 2449 qun
1244 2387 1380 2446 vovissent,
1391 2388 1434 2438 sed
1443 2401 1484 2438 rsa
1495 2388 1566 2449 longe
1580 2385 1728 2450 pretiosissi-

952 2478 1005 2515 mas
1026 2465 1067 2516 dir
1086 2465 1168 2516 adhuc
1188 2466 1285 2517 debere.
1333 2470 1398 2518 cnm
1420 2467 1485 2517 enim
1507 2467 1603 2528 Pelasgi
1625 2465 1651 2515 in
1668 2477 1728 2527 agro

951 2560 997 2596 suo
1017 2548 1147 2602 sterilitate
1171 2558 1300 2612 rerumque
1321 2546 1430 2597 omnium
1449 2546 1552 2611 penuria
1569 2545 1726 2603 laborarent,

952 2625 1005 2675 lovi
1016 2628 1042 2675 et
1056 2626 1158 2690 Apollini
1172 2630 1198 2676 et
1206 2625 1301 2675 cabiris
1313 2638 1341 2676 se
1350 2639 1433 2676 rerum
1442 2626 1561 2686 omnium,
1571 2625 1659 2688 qnaein
1669 2638 1728 2688 pos·

950 2709 1030 2756 terum
1053 2708 1218 2765 nascerentur,
1237 2705 1346 2755 decimas
1368 2706 1494 2755 oblaturos
1514 2707 1643 2755 voverunt.
1677 2704 1724 2754 Sed

951 2798 1009 2835 cum
1045 2788 1095 2836 voti
1121 2787 1225 2836 tuissent
1247 2788 1373 2847 compotes
1398 2785 1470 2846 tacti,
1496 2785 1594 2848 trogum
1615 2785 1726 2835 omnium

950 2868 976 2916 et
989 2866 1086 2930 pecoris
1104 2865 1183 2915 omnis
1205 2867 1340 2929 portionem
1353 2866 1512 2923 exemerunt,
1526 2868 1553 2914 et
1568 2863 1607 2914 dis
1623 2864 1723 2915 obtule·

950 2950 1016 3007 runt,
1036 2947 1108 3012 quasi
1125 2947 1178 2997 hvnc
1192 2946 1244 2997 sola
1255 2947 1291 2997 eis
1302 2945 1436 2996 vovissent.
1465 2950 1546 3008 nique
1558 2944 1612 2995 inec
1624 2944 1725 3010 quidem

949 3028 1064 3091 Myrsilus
1076 3026 1179 3077 Lesbius
1193 3026 1281 3078 iisdem
1297 3027 1348 3077 iere
1360 3025 1457 3086 verbis,
1467 3025 1559 3089 quibus
1577 3032 1622 3089 ego
1636 3036 1703 3075 nuuc
1717 3060 1724 3084 ,

948 3122 1010 3159 usus
1028 3108 1053 3157 in
1071 3107 1175 3158 historia
1195 3119 1239 3156 saa
1253 3104 1330 3155 tradit
1351 3124 1358 3152 ι
1381 3104 1429 3154 nisi
1446 3103 1513 3168 quud
1530 3104 1641 3154 homines
1655 3105 1723 3166 ,istos

947 3201 997 3238 non
1010 3188 1139 3250 Pelasgos,
1162 3185 1206 3236 sed
1223 3185 1362 3249 Tyrrhenos
1379 3182 1495 3248 appellat.
1529 3185 1637 3233 caumm
1661 3194 1720 3233 vero

948 3268 1031 3334 paullo
1041 3272 1097 3332 post
1108 3266 1249 3317 dedareho.

980 3359 1065 3410 xxiv.
1078 3359 1142 3406 cnm
1155 3359 1238 3406 autem
1249 3353 1343 3404 oraculi
1355 3366 1499 3416 responsum
1511 3351 1646 3409 audissent,
1658 3351 1724 3401 coni·

947 3460 1002 3497 cere
1012 3448 1184 3509 nonpoterant,
1193 3437 1722 3506 quidsibivellenteaquaadicebautur.scd,

947 3538 996 3589 illis
1013 3536 1194 3596 hesitantibus,
1205 3535 1305 3598 quidem
1317 3533 1348 3583 de
1361 3532 1495 3582 senioribus
1512 3530 1638 3581 oraculum
1650 3529 1722 3581 inter·

945 3627 1044 3688 pretans
1058 3636 1100 3671 eos
1108 3624 1162 3672 toto
1177 3621 1238 3670 caelo
1251 3632 1333 3669 errare
1344 3618 1415 3679 dixit,
1433 3617 1453 3666 si
1463 3617 1524 3666 deos
1535 3614 1566 3666 de
1577 3616 1637 3679 ipsis
1654 3615 1720 3665 iniu-

946 3712 981 3760 ria
990 3709 1106 3772 conqueri
1119 3711 1247 3772 putarent=
1262 3720 1318 3757 nam
1328 3713 1477 3757 ceterorum
1486 3716 1570 3754 rerum
1579 3715 1665 3752 omues
1674 3703 1721 3765 pri·

945 3799 1029 3850 mitias
1037 3797 1073 3848 eis
1087 3799 1153 3846 recte
1165 3798 1192 3845 et
1202 3794 1256 3844 iure
1268 3792 1377 3844 redditas
1386 3806 1449 3853 esse,
1460 3790 1504 3841 sed
1518 3788 1593 3854 prolis
1607 3788 1721 3838 humane

945 3889 1096 3954 portionem,
1107 3895 1171 3936 irem
1187 3883 1225 3934 dis
1237 3883 1347 3933 omnium
1360 3882 1431 3945 longe
1445 3879 1612 3937 carissimam,
1628 3873 1718 3926 adhuc

944 3975 1036 4029 deberi.
1051 3973 1124 4034 Quod
1131 3970 1234 4024 sihuius
1242 3982 1342 4035 quoque
1349 3970 1445 4032 partem
1453 3967 1543 4014 iustam
1553 3962 1715 4027 accepissent,

945 4064 1046 4118 oraculo
1055 4064 1210 4115 satistactum
1221 4059 1252 4110 iri
1266 4057 1372 4109 dicebat.
1394 4052 1539 4117 iincipitur
1551 4053 1605 4103 aliis
1617 4051 1720 4115 quidem

944 4158 1011 4206 recte
1022 4153 1079 4215 diei,
1090 4151 1144 4202 aliis
1152 4164 1212 4202 vero
1220 4163 1251 4200 ex
1260 4142 1494 4208 insidiisoomposita
1502 4141 1657 4192 videbantur.
1671 4140 1720 4191 Sed

944 4257 1001 4296 cnm
1014 4240 1114 4307 qnidam
1124 4238 1271 4292 sententiam
1282 4234 1387 4296 tulisset,
1395 4235 1424 4282 ut
1434 4231 1509 4282 deum
1518 4243 1605 4281 rursus
1614 4229 1719 4280 interro-

944 4332 1038 4393 garent,
1052 4341 1084 4378 sn
1101 4326 1125 4377 ei
1138 4330 1235 4391 gratum
1248 4325 1314 4374 esset
1330 4319 1458 4371 hominnm
1467 4317 1577 4368 decimas
1594 4316 1716 4379 accipere,

943 4417 1034 4467 iterum
1050 4415 1142 4478 legatos
1151 4409 1324 4463 sdoreculum
1332 4406 1461 4466 miserunt,
1471 4404 1582 4468 deusque
1591 4402 1719 4465 respondit

943 4507 973 4554 ut
981 4504 1015 4553 ita
1026 4503 1141 4552 taoerent
1174 4499 1266 4550 Exinde
1280 4510 1340 4547 vero
1360 4494 1425 4545 inter
1440 4498 1580 4543 eoserorta
1597 4494 1637 4540 est
1650 4488 1716 4539 sedi·

943 4592 991 4651 tio,
1004 4592 1105 4656 propter
1120 4589 1195 4639 huius
1207 4584 1310 4637 decime
1322 4582 1410 4635 dandus
1428 4580 1539 4631 modum.
1570 4583 1650 4641 Atque
1662 4582 1717 4627 tum

942 4681 1050 4745 primum
1063 4677 1112 4744 ipsi
1124 4677 1251 4727 civitatum
1269 4675 1392 4739 principes
1405 4672 1470 4721 inter
1488 4682 1516 4719 se
1536 4668 1628 4718 turbati
1650 4668 1718 4724 sunt,

942 4770 1030 4821 mode
1043 4771 1074 4829 ⁴et
1093 4767 1189 4830 reliqua
1208 4766 1278 4830 plebs
1293 4766 1454 4829 magistratus
1475 4762 1604 4825 suspectos
1620 4756 1713 4807 habere

942 4858 1024 4921 cupit.
1058 4860 1139 4919 Atque
1161 4855 1214 4904 sine
1233 4853 1283 4903 ulla
1302 4851 1443 4915 disciplina,
1461 4848 1506 4899 sed
1529 4850 1560 4897 ut
1583 4845 1717 4895 consenta-

941 4960 1016 4997 neum
1029 4945 1104 4995 ιεεῖτο
1120 4942 1226 5007 quodam
1241 4954 1270 4991 ac
1284 4941 1366 4990 furore
1378 4935 1498 4987 divinitus
1522 4932 1634 4986 mmlsso
1660 4929 1715 4995 egi·

939 5034 986 5085 tati
1002 5038 1061 5084 lunc
1073 5030 1236 5093 emigrabant,
1254 5032 1279 5079 et
1290 5027 1376 5078 multas
1391 5024 1481 5075 domus
1491 5023 1593 5086 integre
1607 5019 1714 5070 desertas

941 5124 1014 5184 sunt,
1038 5120 1104 5186 quod
1124 5132 1182 5184 pars
1202 5115 1376 5168 eorumsedee
1396 5125 1456 5163 suas
1474 5111 1522 5162 alio
1539 5105 1716 5159 uanstulimet.

941 5212 989 5273 Qui
1011 5210 1075 5263 enim
1097 5205 1286 5260 necessitudinis
1305 5202 1404 5255 vinculo
1424 5199 1546 5252 coniuncti
1563 5200 1634 5251 erant
1657 5207 1716 5245 cnm

1611 5292 1626 5336 θ
