4034 5922
5 418 6 435 l

5 464 7 495 l

649 373 949 451 ANTlQUlTATUM
966 387 1111 457 ROMAN.
1138 400 1210 463 [ΑΒ.
1236 406 1259 466 Ι.

149 480 289 557 Δαρδάνου
308 507 339 544 τε
361 490 465 561 πόλεως
486 495 533 555 καὶ
557 497 760 581 ’οφρυνίου,τί”ιν
786 512 810 569 τ’
838 513 926 574 ἄλλων
975 534 979 541 ’

146 568 205 626 dens
220 574 267 641 τῆς
280 572 356 633 κάτω
374 580 477 647 πόλεως
488 585 661 664 ἁλισκομένης
675 593 792 675 έφθασαν
806 599 927 674 αἴσθησιν

145 660 192 714 τοῦ
210 658 296 719 δεινῶ
320 663 432 743 istria,
455 671 499 731 ἐπὶ
519 672 553 732 τδι
571 680 687 761 ιιαρτιρίι
712 690 759 744 τοῦ
785 690 927 768 Περγάμου

143 748 330 827 συμφυγόντες
348 752 398 823 τὴν
418 758 560 835 α’κρόπολιν
586 765 644 848 ίδίιμ
665 769 750 851 τείχει
764 782 927 856 φρουρουμέ-

104 848 118 883 ε
142 857 191 903 νην
223 840 489 920 καταλαμόάιιονται,
507 850 535 906 έν
561 843 581 930 ᾗ
601 855 645 915 καί
673 858 732 939 ίερδ
752 862 786 920 τά
813 870 925 947 πατρῷοι

138 924 197 989 τοῖς
221 926 331 1001 Τρωσὶν
355 921 388 1002 ἦν
413 933 458 992 καί
488 941 635 1017 χρημάτων
656 950 671 1004 ό
697 948 779 1018 πολύς
799 956 925 1030 πλοῦτος,

138 1001 187 1069 oin
203 1013 272 1082 εἰκὸς
289 1019 317 1074 έν
331 1019 429 1102 ἐχυρῷ,
441 1024 488 1082 καί
509 1033 554 1086 τοῦ
573 1043 766 1111 στρατιωτικοῦ
787 1040 817 1099 ιδ
831 1044 923 1123 κράτι-

139 1122 223 1157 στον·
241 1104 345 1164 ἐνταῦθ’
358 1110 532 1187 ὑπομένοντες
555 1120 730 1202 ἀπεκρούοντο
746 1128 807 1197 τούς
827 1154 923 1210 πειρω-

140 1188 239 1259 μένους
256 1193 402 1255 ἐπιόαίνειν
416 1203 465 1272 τῆς
479 1201 578 1285 ἄκρας,
601 1209 693 1272 καὶτὸ
713 1216 852 1278 διαπῖπτον
873 1222 923 1282 ὑπὸ

89 1301 112 1338 ιο
141 1281 191 1349 τῆς
214 1282 340 1351 ἁλώσεως
353 1288 452 1356 πλῆθος
472 1293 596 1377 έμπειρίφ
616 1307 755 1363 στενωπῶν
771 1309 921 1379 ὑποθέοντες

139 1366 345 1444 άντλάμόανον·
357 1376 403 1433 καὶ
411 1377 512 1454 ἐγένετο
522 1387 568 1440 τοῦ
575 1388 785 1467 καταληφθέντος
794 1397 884 1456 πλεῖον
891 1398 922 1458 τὸ

138 1454 295 1535 διαφεῦγον.
336 1464 396 1534 Τὴν
410 1465 459 1540 μὲν
469 1468 501 1541 dl,
513 1472 607 1532 αὐτίκα
620 1477 705 1555 ὁρμὴν
714 1485 765 1540 τῶν
776 1486 919 1563 πολεμίοιν,

139 1543 173 1613 ἦν
189 1536 267 1626 εἶχον
293 1548 358 1622 όλην
384 1553 581 1636 διαχρήσασθαι
595 1563 644 1636 τὴν
665 1569 752 1642 πολιν,
777 1573 865 1634 καὶτὸ
881 1578 918 1653 μὴ

137 1635 232 1702 esset
255 1636 349 1715 ἐφόδου
365 1644 566 1723 καταληφθῆναι
579 1651 609 1709 τὸ
623 1654 702 1731 άστυ,
723 1664 800 1718 τοῦτο
819 1662 850 1719 τὸ
864 1687 918 1740 μη·

87 1741 110 1780 ιτ
136 1721 237 1798 χάνημ’
258 1724 369 1804 ἐξευρὼν
390 1731 499 1798 Αἰνείας
517 1735 622 1817 ἐπέσχε.
665 1747 802 1821 ato-stepen
823 1748 850 1808 δὲ
873 1751 917 1811 τὸν

137 1810 227 1869 είκότα
243 1814 365 1893 περὶτοῦ
382 1820 524 1894 μέλλοντος
544 1826 704 1904 λαμόάνων,
728 1836 764 1901 ὡς
777 1836 916 1917 ἀμήχανον

136 1894 177 1966 εἴη
201 1907 316 1977 πρᾶγμα
342 1907 428 1965 σῶσαι
453 1908 540 1987 πόλιν,
563 1904 595 1984 ἧς
615 1914 649 1972 ali
672 1919 756 1977 πλείω
773 1924 824 1996 ἤδη
841 1928 917 2004 ἐκρα-

134 1993 223 2057 τεῖτο,
245 1991 282 2054 εἷς
308 1997 368 2050 νοῦν
396 1994 523 2073 βάλλεται
541 2005 588 2059 τοῦ
615 2003 664 2078 μὲν
691 2008 794 2088 τείχους
814 2014 914 2092 ἐρήμου

135 2082 335 2154 παραχωρῆσαι
359 2089 413 2148 τοῖς
433 2085 585 2162 πολεμίοις,
613 2091 647 2148 st
673 2094 701 2152 δὲ
724 2098 828 2174 σώματ’
844 2101 912 2161 αὐτὰ

80 2178 107 2216 ss
134 2160 177 2217 καὶ
190 2161 226 2220 τδ
244 2166 304 2241 ἱερὰ
317 2166 350 2225 τὰ
376 2175 486 2252 πατρῷα
510 2177 556 2234 καί
578 2180 705 2257 χρήματα
726 2188 811 2247 ὁπόσα
824 2191 910 2272 φέρειν

132 2249 236 2311 δύναιτο
249 2254 444 2318 διασώσασθαι.
461 2261 543 2330 Δόςαν
560 2267 582 2322 δ’
597 2269 679 2351 αύτῷ,
692 2275 789 2343 παῖδας
803 2278 851 2354 μέν
863 2280 910 2338 καλ

129 2340 257 2416 γυναῖκας
272 2344 318 2401 καὶ
341 2345 374 2403 τὰ
392 2350 491 2428 γηραιὰ
513 2352 627 2422 σώματα
641 2359 687 2419 καὶ
701 2363 808 2434 ὁπόσοις
822 2367 910 2437 ἄλλοις

130 2429 256 2506 βραδείας
275 2433 328 2492 ἔδει
346 2440 430 2513 φυγῆς
441 2438 605 2520 προεξελθεῖν
619 2448 720 2508 κιλεύει
742 2457 789 2523 τῆς
808 2454 909 2525 πόλεως

128 2515 198 2574 κατὰ
217 2517 268 2585 τὰς
283 2521 328 2578 ἐπὶ
342 2524 391 2593 τὴν
408 2521 484 2598 Ἴδην
499 2528 627 2607 φερούσας
639 2535 729 2610 ὁδούς,
746 2538 794 2606 ἕως
808 2539 908 2622 Ἀχαιοὶ

75 2634 101 2671 5,
125 2602 174 2672 τὴν
195 2606 280 2686 ἄκραν
303 2610 370 2668 tisri
390 2616 599 2692 προθυμούμενοι
614 2621 725 2692 διώξεως
747 2632 794 2687 τοῦ
817 2632 908 2691 διαπί·

123 2713 235 2761 πτσντσς
248 2696 278 2752 ἐκ
289 2701 337 2768 τῆς
349 2700 450 2766 πόλεως
464 2703 578 2774 πλήθους
588 2709 661 2769 οὐδὲν
671 2722 907 2797 προεμηχανῶντο.

122 2780 209 2841 τοῦδέ
224 2794 415 2860 στρατιωτικοῦ
426 2790 457 2849 τό
474 2791 521 2868 μίν
537 2794 579 2853 ἐπὶ
592 2821 625 2878 τη
642 2803 745 2882 φυλακῇ
760 2808 811 2863 τῶν
824 2808 906 2876 θξίον-

122 2891 175 2927 των
189 2870 300 2945 ίταξεν,
317 2879 353 2944 ὡς
367 2881 489 2958 ἀσφαλής
503 2906 531 2941 τε
551 2884 597 2943 καὶ
611 2890 796 2970 ἀταλαίπωρος
810 2896 840 2955 tx
853 2901 905 2957 τῶν

123 2958 238 3017 ἐνόντων
260 2966 278 3032 ἦ
297 2965 368 3045 φυγὴ
393 2969 481 3036 αὐτοῖς
505 2970 623 3049 γένηται·
646 2978 735 3057 εἴρητο
758 2981 786 3042 δέ
805 2984 906 3056 τούτοις

72 3072 95 3109 a,
118 3048 156 3105 τδι
170 3052 361 3131 καρτερώτατα
382 3058 580 3120 καταλαόέσθαι
594 3068 642 3135 τῆς
663 3065 751 3139 Ἰδης·
764 3073 795 3130 τδ
809 3072 836 3131 δὲ
851 3076 904 3134 λοι·

118 3136 210 3210 πόνηθ
230 3138 261 3209 δὴ
284 3143 426 3218 κράτιστον
446 3139 495 3222 ἦν,
518 3150 595 3219 αύτδς
612 3152 682 3234 έχων
703 3160 831 3236 ὑπέμενεν
857 3163 902 3223 ἐπί

118 3230 167 3285 τοῦ
189 3227 308 3307 τείχους,
323 3233 369 3291 καὶ
390 3238 503 3316 παρεῖχε
529 3240 583 3308 τοῖς
601 3243 799 3322 προεξελθοῦσιν
822 3243 901 3324 ἧττον

119 3314 271 3389 ι’πιπόνους,
299 3319 482 3398 διηρτημένων
495 3332 657 3412 τειχομαχία
678 3336 729 3393 τῶν
755 3340 899 3415 πολεμίων,

117 3400 164 3466 τίς
191 3405 290 3484 φυγάς.
334 3407 520 3489 Νεοπτολέμου
547 3416 575 3475 δέ
602 3419 649 3477 σὺν
666 3430 720 3490 τοῖς
736 3427 802 3505 ἀμφ’
819 3429 898 3489 αὐτὸν

69 3514 93 3553 25
119 3489 259 3559 ἐπιδόντος
280 3494 375 3575 μέρους
387 3496 456 3566 τινδς
483 3507 531 3576 τῆς
553 3504 651 3585 ἄκρας,
665 3513 711 3569 καί
731 3514 897 3590 προσόοηθη-

117 3577 222 3637 σάντων
236 3584 324 3649 αὐτοῖς
347 3584 467 3665 Ἀχαιῶν
478 3590 613 3667 ἁπάντων,
629 3599 675 3669 τῆς
690 3597 738 3674 μὲν
750 3600 832 3680 ἄκρας
850 3629 897 3682 με·

117 3666 213 3740 θίεται,
242 3670 347 3739 ἀνοίξας
362 3672 389 3731 δέ
405 3678 452 3743 τὰς
474 3679 560 3753 πύλας
575 3683 656 3762 ἀπῄει
671 3691 895 3768 συντεταγμένους

117 3754 186 3835 ίχιιν
198 3754 262 3823 τοδς
274 3758 380 3828 λοιπούς
395 3765 522 3843 φυγάδας,
538 3768 665 3848 ἀγόμενος
682 3774 728 3833 ἐπὶ
749 3787 806 3845 ταῖς
826 3804 894 3861 ιιρα·

115 3843 218 3911 τίσταις
238 3848 362 3927 συνωρίσι
376 3850 421 3910 τόν
436 3875 465 3911 τε
487 3855 589 3938 πατέρα
602 3860 647 3919 καί
668 3863 740 3932 θεούς
764 3865 825 3936 τοὺς
838 3893 893 3929 πα-

66 3946 89 3982 tr
113 3931 214 4010 τρᾷσυς
220 3936 334 4011 γυιαῑκά
347 3937 429 3997 τεκαὶ
439 3939 517 4000 τέκνα
527 3944 571 4002 καί
588 3948 639 4005 τῶν
647 3948 734 4009 ἄλλων
745 3952 771 4010 εἴ
782 3978 807 4012 τι
822 3957 894 4017 nict-

112 4041 174 4080 οται
188 4020 264 4090 ἄξιοι
282 4015 315 4096 ἦν
329 4030 407 4102 σῶμα
422 4027 553 4110 ἢχρῆμα.

148 4110 265 4173 xtvlt.
276 4110 322 4170 'Es
332 4114 359 4172 dt
366 4115 450 4197 τούτῳ
459 4118 528 4177 κατὰ
541 4120 634 4201 κράτος
643 4126 783 4208 εἰλήφεσαν
790 4129 892 4213 Ἀχαιοὶ

108 4198 156 4267 τὴν
167 4199 267 4272 πόλιν,
285 4206 331 4260 καὶ
350 4205 410 4283 περὶ
424 4205 471 4276 τὰς
483 4208 606 4287 ἇρπαγθις
617 4214 807 4286 ἐσπουδακότες
821 4222 890 4281 κατὰ

108 4287 210 4358 πολλὴν
223 4290 313 4348 ἄδειαν
328 4291 457 4360 σόιζεσθαι
470 4300 524 4365 τοῖς
535 4299 657 4380 φεύγωσι
666 4309 801 4384 παρῆκαν.
815 4312 851 4370 Οἱ
865 4313 888 4370 δ’

61 4397 83 4435 c.
107 4375 176 4455 ιίμφὶ
190 4377 238 4434 τὸν
246 4377 351 4437 Αἰνείαν
363 4380 403 4440 ἔτι
412 4385 470 4442 καθ’
482 4385 539 4444 teis
552 4388 669 4467 εύρόντες
682 4393 741 4461 τούς
751 4398 892 4479 σφετέρους

106 4463 151 4522 καὶ
163 4463 227 4523 καθ’
235 4466 263 4523 ἓν
275 4465 387 4535 ἅπαντος
396 4472 529 4581 χριόμενον
538 4475 570 4535 τὰ
581 4479 737 4560 ὀχυρώτατα
749 4488 887 4568 καταλαμ-

106 4550 229 4612 6άιονται
243 4558 292 4624 τῆς
303 4550 386 4627 Ἴδης.
418 4561 504 4620 Ηλθον
519 4563 584 4633 δ’ὡς
596 4567 691 4638 αὐτοὺς
704 4570 732 4630 οἵ
742 4572 766 4632 τ’
777 4577 804 4633 έν
815 4581 886 4657 Δαρ-

105 4639 177 4721 δάνῳ
189 4642 245 4700 τότ’
258 4645 401 4716 οἰκοῦντες,
416 4651 451 4715 ὡς
464 4640 531 4710 ιίθον
547 4641 631 4735 φλόγα
647 4658 747 4732 πολλὴν
764 4662 836 4743 παρὰ
851 4665 884 4724 τὰ

104 4730 214 4790 ιίιιθότα
224 4733 370 4812 φερομένην
380 4735 407 4804 ἐξ
418 4735 509 4813 Ἰλίου,
522 4742 623 4825 νύκτωρ
634 4749 823 4819 καταλιπόντις
835 4753 882 4828 τὴν

60 4842 83 4875 οι
103 4820 181 4880 πολιν
202 4820 314 4901 ίρημον,
336 4824 417 4903 χωρὶς
437 4823 455 4897 ἢ
477 4826 533 4888 ὅσοι
547 4829 594 4890 aba
619 4833 729 4918 Ἐλύμῳ
748 4839 792 4898 καλ
804 4841 883 4918 Αἰγέ-

103 4928 156 4987 ntea
172 4909 298 4969 ναυτικόν
314 4936 342 4970 τι
357 4918 582 4994 συσκευασάμενοι
596 4919 690 5003 ἔτυχον
709 4925 881 5005 προεξεληλυ-

103 4997 172 5066 θότες
186 5003 234 5072 τῆς
249 5000 363 5077 πόλεως,
381 5002 428 5061 καί
441 5003 468 5074 t}
491 5004 634 5088 Ὀφρυνίου
655 5012 757 5082 πόλεως
771 5019 785 5074 θ
798 5017 881 5095 δῆμος

1720 443 1763 504 38

983 533 1009 578 tl
1029 540 1152 601 quotquot
1169 543 1201 594 de
1229 547 1296 613 altis,
1320 552 1380 605 alum
1401 534 1502 613 inierim
1521 568 1590 619 urbis
1608 586 1665 637 pars
1683 592 1756 649 cape·

982 623 1058 683 retur,
1073 627 1218 681 calamitatis
1234 638 1386 693 atrocitatem
1400 654 1496 701 mature
1508 666 1644 724 ammanus,
1661 665 1687 715 in
1704 681 1759 720 nu.

981 708 1102 765 tritissima
1114 718 1225 783 Pergami
1235 724 1287 774 loca
1299 731 1468 798 contegerunt,
1478 754 1609 810 arcemque
1617 763 1690 804 muro
1698 770 1760 821 pm.

980 798 1034 861 prio
1052 806 1171 856 munitam
1185 821 1345 878 occuparunt,
1360 821 1402 872 ubi
1418 830 1444 875 ct
1461 830 1621 887 Troianorum
1634 853 1702 893 sacra
1715 859 1760 910 pn·

980 883 1027 934 tria
1041 890 1146 950 reposita
1168 900 1253 957 erant,
1272 904 1298 950 et
1319 905 1428 956 maxima
1451 912 1490 962 nis
1509 930 1599 983 opum,
1619 929 1704 988 utputa
1731 932 1758 982 tn

980 974 1035 1023 tuto
1047 975 1111 1037 loco,
1127 984 1152 1028 et
1176 989 1377 1046 pcastmtusma
1393 1002 1447 1048 erat
1461 1003 1538 1053 totius
1551 1013 1672 1063 exercitus
1690 1030 1758 1081 pars.

978 1064 1025 1114 ilie
1045 1067 1207 1124 subsistentes
1228 1083 1405 1143 propulsabant
1423 1095 1522 1157 eosqui
1537 1096 1562 1147 icl
1579 1113 1659 1153 arcem
1674 1121 1752 1161 ascen

977 1156 1036 1208 dere
1055 1162 1229 1219 conabantur:
1246 1184 1352 1237 cnrnqus
1376 1181 1557 1245 angiportorum
1577 1194 1688 1246 notitiam
1707 1200 1756 1251 bu»-

977 1250 1079 1315 berent,
1099 1257 1259 1315 decurrentes
1278 1268 1460 1327 multitudinem
1474 1293 1505 1329 er
1518 1282 1581 1334 urbe
1594 1292 1666 1351 captu
1677 1292 1754 1346 ditiu-

975 1343 1083 1405 gientem
1101 1351 1271 1415 recipiebant:
1291 1359 1385 1425 luitque
1399 1369 1476 1418 maior
1495 1374 1663 1439 effugientium
1678 1398 1753 1446 quam

974 1439 1101 1498 captorum
1117 1454 1243 1496 numerus.
1260 1451 1349 1503 AEneas
1370 1455 1444 1519 igitur
1464 1461 1503 1510 bis
1522 1466 1617 1519 artibus
1638 1477 1754 1538 repressit

974 1527 1160 1589 primumillum
1177 1533 1287 1590 hostium
1301 1542 1433 1612 impeturn,
1445 1566 1496 1615 ηιιο
1507 1555 1539 1605 act
1560 1560 1699 1615 univemm
1718 1571 1752 1620 ης.

974 1618 1074 1669 vitatem
1089 1623 1217 1678 delendam
1241 1631 1390 1699 terebantur,
1410 1645 1484 1705 atque
1510 1646 1557 1697 lioe
1579 1652 1652 1703 modu
1665 1657 1751 1709 elicuit

973 1724 1003 1761 nc
1026 1714 1105 1775 primo
1127 1718 1235 1771 bostium
1257 1724 1357 1779 incursu
1379 1735 1430 1783 tota
1453 1738 1512 1788 urbs
1533 1748 1669 1806 caperetur.
1702 1752 1752 1802 Sed

972 1804 1107 1856 rationibus
1128 1811 1253 1864 derebus
1272 1818 1362 1871 tuturis
1381 1825 1512 1886 prudenter
1534 1833 1676 1896 subductis,
1691 1854 1750 1894 curn

971 1895 1175 1953 anitiiadrertcrel
1197 1905 1264 1956 nullo
1280 1911 1354 1962 modo
1379 1914 1431 1965 lieri
1450 1932 1538 1982 ροισι,
1565 1928 1593 1975 ut
1620 1928 1678 1979 urbs
1701 1945 1748 1982 cu·

969 1984 1009 2035 ius
1028 1989 1160 2042 inanimam
1178 2001 1273 2058 parletn
1290 2000 1375 2054 bostcs
1393 2006 1442 2057 iarn
1464 2010 1488 2060 in
1509 2026 1579 2065 suum
1600 2023 1746 2080 potestatem

969 2079 1117 2143 redegissent
1125 2092 1276 2153 servaretur,
1287 2095 1414 2148 consilinm
1422 2099 1476 2150 iniit
1489 2117 1545 2155 arce
1557 2107 1657 2170 quidem
1669 2126 1748 2165 vacua

969 2172 1083 2224 hostibus
1112 2177 1213 2242 ιοθιεο,
1243 2183 1294 2247 ipsa
1317 2192 1400 2239 autern
1426 2190 1553 2246 hominum
1579 2214 1694 2266 corpora,
1720 2216 1745 2259 ct

967 2280 1037 2317 saera
1051 2270 1133 2332 patria
1144 2276 1170 2321 et
1188 2274 1304 2339 quicquid
1320 2282 1431 2343 pecuniae
1449 2299 1533 2337 οεουιιι
1559 2291 1621 2343 terre
1646 2302 1745 2360 posset.

966 2371 1074 2411 servare.
1097 2363 1169 2419 Quod
1187 2368 1316 2419 consilium
1334 2385 1392 2422 cum
1412 2375 1436 2424 ei
1464 2378 1615 2442 placuisset,
1642 2400 1743 2451 pueros,

965 2450 1064 2513 quidem
1077 2458 1101 2503 et
1119 2455 1236 2509 mulieres
1246 2464 1271 2510 cl
1289 2476 1361 2513 senes
1378 2469 1522 2532 ceterosque
1536 2486 1636 2537 omnes,
1650 2479 1745 2540 quibus

964 2538 1028 2589 lenta
1039 2541 1096 2605 tuga
1110 2557 1172 2608 opus
1182 2551 1244 2609 erat,
1259 2563 1288 2599 ex
1301 2552 1362 2603 urbe
1376 2567 1489 2616 egressos
1498 2561 1632 2623 prumien
1647 2570 1672 2617 ct
1684 2568 1742 2630 iter,

962 2627 1029 2690 quod
1042 2629 1074 2680 ad
1087 2632 1156 2682 ldain
1167 2634 1261 2687 terebat
1270 2675 1276 2698 ,
1284 2643 1368 2702 petere
1378 2640 1459 2706 iussit,
1471 2646 1530 2698 dum
1542 2649 1624 2701 adarci
1637 2652 1661 2701 in
1675 2656 1744 2705 accis

962 2720 1165 2782 expugnationem
1193 2724 1295 2789 intenti,
1321 2729 1353 2780 cle
1376 2738 1546 2797 persequenda
1569 2742 1740 2800 multitudine.

960 2818 1018 2868 quas
1039 2820 1070 2857 ex
1094 2810 1154 2861 urbe
1172 2812 1328 2879 diffugiebat,
1351 2819 1412 2871 nibil
1436 2823 1579 2888 cogitarent.
1613 2832 1741 2885 Exercitus

960 2899 1042 2946 autern
1060 2904 1155 2961 partem
1170 2900 1218 2951 illis
1234 2903 1278 2967 qui
1299 2918 1329 2957 ex
1352 2909 1412 2960 urbe
1425 2911 1527 2964 exibant
1543 2918 1660 2979 praesidio
1683 2935 1741 2974 esse

959 2985 1045 3049 iussit,
1060 2991 1088 3038 ut
1104 3002 1189 3039 eorum
1203 2992 1260 3054 lugu
1275 3008 1321 3058 pro
1337 3001 1452 3059 praesenti
1465 3015 1548 3053 rerum
1561 3008 1627 3057 statu
1641 3013 1696 3059 tuta
1711 3013 1738 3062 et

958 3074 1125 3128 molestiarum
1134 3092 1223 3143 expers
1232 3088 1307 3135 cusat.
1340 3086 1385 3137 ilis
1396 3092 1480 3140 αυιιιιιι
1493 3093 1637 3144 mandatum
1645 3096 1736 3152 tuerat.

957 3167 985 3213 nt
1007 3164 1148 3217 firmissima
1173 3168 1224 3221 ldae
1249 3170 1303 3225 ioca
1325 3172 1498 3239 occuparaul.'
1517 3181 1573 3245 ipse
1592 3195 1652 3233 nero
1676 3197 1735 3237 eum

957 3251 1049 3317 reliqua
1073 3256 1178 3308 miiitum
1194 3272 1286 3322 manu,
1305 3276 1362 3325 quaa
1385 3265 1516 3317 lectissima
1532 3274 1599 3332 erat,
1618 3272 1643 3321 in
1655 3274 1736 3325 muris

954 3344 1018 3394 arcis
1032 3348 1164 3409 remansit,
1176 3354 1250 3413 atquc
1262 3353 1314 3403 suis
1325 3367 1353 3404 er
1367 3356 1427 3407 urbe
1439 3360 1572 3420 praemissis
1593 3361 1676 3424 lugam
1684 3365 1734 3415 mi·

953 3445 1000 3483 nus
1011 3433 1136 3487 ditlteilem
1148 3439 1268 3506 reddidit,
1281 3443 1393 3495 hostibus
1408 3447 1433 3496 in
1448 3448 1513 3499 arcis
1525 3453 1733 3516 oppugnationem

952 3518 1060 3572 intentis.
1093 3524 1142 3573 Sed
1157 3540 1213 3577 cum
1233 3530 1409 3593 Neoptolemus
1423 3546 1480 3584 curn
1495 3535 1546 3585 suis
1568 3536 1593 3587 in
1607 3540 1730 3602 quandam

952 3609 1017 3659 arcis
1037 3615 1133 3674 partem
1148 3614 1327 3680 adscendisset,
1349 3623 1375 3670 et
1391 3620 1500 3673 universi
1518 3625 1598 3676 Grmci
1614 3627 1646 3677 ad
1658 3640 1729 3692 opem

951 3697 999 3747 illis
1019 3698 1144 3751 terendam
1165 3705 1343 3768 accurrissent,
1361 3721 1445 3760 arcem
1466 3710 1576 3762 desemil
1595 3717 1620 3764 et
1642 3721 1728 3780 apertu

950 3786 1022 3849 porta
1037 3786 1165 3850 discessit,
1180 3791 1286 3854 reliquos
1309 3794 1400 3846 milites
1418 3797 1472 3849 acle
1500 3799 1622 3850 instructa
1642 3816 1726 3853 seeum

949 3874 1052 3938 ducens,
1064 3878 1278 3941 etpatrena,deos
1292 3881 1513 3947 patriosuxorem,
1526 3885 1627 3939 liberos.
1645 3892 1672 3940 ct
1686 3904 1728 3941 ce·

949 3967 1058 4015 terarum
1076 3966 1171 4030 siquid
1190 3969 1292 4022 maximi
1311 3972 1384 4035 prelii
1395 3978 1476 4036 esset,
1491 3975 1544 4027 sire
1562 3986 1651 4042 corpus
1671 3980 1727 4031 sinc

946 4065 1009 4116 rem,
1021 4054 1180 4109 validissimis
1190 4056 1253 4122 bigis
1262 4057 1363 4113 uehens.

976 4154 1072 4204 itLvll.
1082 4157 1179 4206 luteres
1190 4169 1249 4207 nero
1258 4157 1344 4208 urbem
1355 4158 1436 4210 Greci
1448 4160 1550 4223 pervim
1560 4166 1687 4227 ceperunt,
1697 4170 1723 4216 ot

945 4249 969 4298 in
982 4250 1081 4315 rapinas
1093 4251 1174 4316 ellusi,
1187 4266 1300 4320 magnam
1319 4255 1468 4320 largientibus
1478 4261 1532 4311 tuto
1543 4259 1664 4311 evadendi
1681 4261 1720 4311 ta-

942 4347 1059 4401 cuttatun
1069 4351 1237 4415 prebuerunt.
1251 4356 1283 4405 st
1292 4356 1381 4404 AEneas
1390 4354 1492 4419 eiusque
1501 4358 1562 4408 socii
1574 4372 1632 4409 suos
1644 4359 1720 4410 etiarn

941 4444 966 4495 in
977 4436 1064 4497 itinere
1082 4449 1197 4510 assecuti,
1217 4464 1267 4500 um
1285 4450 1381 4515 agrnine
1397 4452 1470 4515 lacto,
1489 4455 1654 4505 munitissima
1667 4455 1720 4506 ldae

940 4541 994 4593 loca
1011 4551 1172 4609 occuparunt.
1206 4548 1298 4599 Adeos
1316 4553 1400 4601 autem
1413 4552 1447 4603 itti
1463 4558 1584 4604 uenerunt
1597 4553 1641 4617 qui
1660 4557 1719 4604 tnnc

939 4639 1027 4692 urbem
1038 4642 1180 4694 Dardanum
1201 4645 1353 4711 incolebant,
1369 4662 1444 4713 quarn
1460 4651 1535 4699 noctu
1547 4640 1717 4712 deseruerant,

938 4745 1068 4805 conspecta
1087 4741 1178 4807 ingenti
1197 4744 1296 4795 llamma
1314 4760 1371 4810 quse
1391 4750 1483 4812 praeter
1504 4760 1597 4797 morem
1615 4762 1647 4799 ex
1668 4749 1717 4801 llio

936 4839 1066 4901 emicabat,
1088 4854 1174 4891 omues
1185 4844 1295 4907 exceptis
1308 4845 1338 4895 iis
1351 4846 1395 4907 qui
1416 4859 1474 4896 cum
1495 4846 1581 4909 Elymo
1601 4850 1626 4898 et
1640 4850 1712 4913 lfge·

934 4939 982 4995 sto,
1006 4937 1100 5001 aliquot
1123 4942 1230 4993 navibus
1254 4944 1348 5007 paratis
1361 4946 1434 5001 antea
1453 4958 1485 4995 ex
1498 4946 1560 4997 urbe
1573 4946 1710 4999 exierant:

933 5029 1000 5079 venit
1016 5031 1091 5082 etiarn
1104 5045 1135 5081 ex
1156 5031 1281 5098 Opbrynio
1292 5037 1399 5101 populus
1418 5038 1557 5100 uniuersus,
1568 5042 1594 5088 et
1609 5052 1640 5090 cr
1653 5039 1714 5091 slis

101 5083 176 5161 tn,
203 5087 251 5146 καλ
271 5090 301 5147 ἐκ
331 5091 383 5148 τῶν
399 5091 485 5151 ἄλλων
511 5097 641 5176 Τρωῖκῶν
664 5100 766 5161 πόλεων
786 5108 811 5163 oi
831 5109 879 5180 τῆς
931 5119 1033 5172 urbibus
1047 5124 1158 5175 ‘t'roiauis
1174 5130 1297 5190 quotquot
1316 5128 1436 5180 libertatis
1457 5129 1557 5181 tuendas
1570 5131 1656 5183 studio
1669 5136 1708 5183 te·

99 5174 243 5255 ἂωθερίας
261 5182 457 5257 περιεχόμενοι·
479 5180 588 5263 δύναμίς
610 5186 635 5247 θ’
661 5188 727 5265 αὔτη
751 5193 787 5253 δι’
810 5194 876 5254 tla-

185 5295 306 5334 ιιοιιιιιι.

932 5213 1062 5277 nebantnr,
1097 5216 1181 5282 itaque
1211 5219 1360 5272 brcvissimo
1395 5223 1512 5287 temporis
1540 5224 1621 5288 spatio
1651 5224 1709 5275 istra

1614 5315 1628 5361 θ
