4034 5922
630 404 924 478 ANTIQUITATUM
944 404 1095 465 nullan.
1120 405 1191 465 ΗΒ.
1216 407 1238 466 l.

127 535 295 614 γησαμίνου,
324 535 384 602 τοὺς
407 534 435 595 δέ
459 540 524 615 πρδε
551 534 718 615 Hippouris
736 535 903 616 Ἠπειρώτην

129 629 257 704 πολέμους
268 628 305 692 εἰς
313 626 380 683 ἰδίαν
392 624 624 703 καταχωρίσαντος
634 624 834 704 πραγματείαν·
848 624 905 700 άμα

131 717 159 775 ὀέ
172 714 272 779 τούτοις
293 714 441 790 Ἀντιγόνου
460 712 548 770 τεκαὶ
566 712 699 772 Πολυόίου
724 713 770 771 καί
790 708 906 783 Σιληνοῦ

22 812 23 875 l
130 802 177 860 καὶ
192 803 293 879 μυρίων
310 801 398 859 ἄλλων
413 808 466 867 τοῖς
481 803 568 867 αὐτοῖς
581 800 735 881 πράγμασιν
749 804 798 881 οὐχ
812 802 907 877 ὁμοίοις

90 907 104 939 '⁴
130 889 326 949 ἐπιόαλοντων·
356 879 392 947 ῶν
414 887 522 954 ἕκαστος
543 889 618 967 ὀλίγα
648 890 694 948 καί
713 891 767 948 οὐδ’
793 888 907 968 άιιριόῶς

132 980 203 1056 αέιτῷ
233 977 474 1051 διεσπουδασμένα,
504 978 561 1043 ἐλλ’
595 979 625 1036 ἐκ
649 981 701 1036 τῶν
732 980 907 1059 ἐπιτυχόντων

133 1064 309 1140 ἀκουσμάτων
324 1062 425 1132 συνθείς
438 1064 592 1145 ἀνέγραψεν.
638 1066 791 1142 Ὀμοέαςόὲ
806 1063 906 1135 τούτοις

131 1153 176 1211 καί
187 1153 261 1212 οὐδέν
275 1153 411 1233 διαφόρους
426 1151 552 1220 ἐξέδωκαν
567 1154 683 1233 ἱστορίας
701 1156 746 1214 καὶ
764 1154 907 1233 Ῥωμαίων

131 1243 187 1301 tear
207 1241 241 1300 τό
259 1241 363 1301 παλαιό
387 1240 453 1320 ἐργα
481 1246 528 1312 τῆς
554 1241 655 1308 πόλεως
678 1240 822 1324 Ἑλληνικῇ
850 1247 907 1303 ὀια-

86 1348 109 1385 ιε
132 1329 217 1411 λάκκῳ
230 1328 416 1411 συνέγραψαν,
429 1321 466 1389 ῶν
481 1332 532 1388 εἰσι
551 1331 728 1410 πρεσβύτατοι
751 1331 863 1400 Κόῖντός
877 1356 906 1391 τε

135 1419 237 1487 bitiae
259 1419 305 1477 καὶ
331 1418 440 1484 Λεύκιος
456 1418 576 1496 Κίγκιος,
592 1419 735 1501 ἀμφότεροι
757 1422 826 1480 κατά
848 1419 907 1487 τοῦς

134 1507 299 1576 Φοινικικοὺς
326 1508 491 1586 ἀκμάσαντες
512 1506 652 1585 πολέμους·
683 1509 792 1572 ἰίούτων
813 1510 841 1569 δὲ
855 1515 907 1570 τῶν

135 1599 232 1677 ἀνδρῶν
256 1597 381 1680 ἑκάτερος
395 1588 432 1663 οἷς
447 1595 494 1673 μέν
509 1596 585 1664 αιἰτδς
599 1597 683 1678 ἐργοις
694 1600 851 1678 παρεγένετο
865 1597 907 1657 ὀιόι

133 1686 177 1757 τὴν
198 1687 338 1767 ἐμπειρίαν
363 1685 478 1767 ἀκριόῶς
493 1688 636 1767 ἐνέγραψε,
651 1686 684 1746 τό
710 1688 731 1746 θ’
760 1690 860 1767 ἀρχαῖα
875 1687 907 1746 τά

89 1803 109 1842 ιι
134 1775 198 1851 μετά
218 1774 267 1847 τὴν
282 1776 368 1835 κτίσιν
392 1779 439 1845 τῆς
455 1775 555 1843 πολεως
569 1777 697 1853 γενόμενα
722 1779 908 1858 κεφαλαιωδῶς

134 1864 289 1944 ἐπέδραμεν.
333 1863 385 1924 Διὰ
396 1864 492 1930 ταύτας
507 1863 555 1939 μίν
573 1863 604 1935 δὴ
620 1863 665 1931 τός
681 1865 765 1932 αἰτίας
779 1864 848 1934 ἔδοξέ
864 1889 908 1942 μοι

134 1954 171 2026 μή
189 1955 329 2031 παρελθεῖν
346 1950 432 2025 καλὴν
453 1955 571 2033 ἱστορίαν
590 1947 836 2034 ἐγκαταλειφθεῖσαν
857 1954 908 2013 θπό

134 2045 183 2097 τοῖιν
198 2039 386 2120 πρεσόυτίρων
401 2042 614 2119 ἀμνημόνευτον,
628 2040 654 2110 ἐξ
670 2034 700 2114 ἧς
716 2042 829 2122 ιἰκριόιῦς
844 2066 909 2123 γρα-

133 2129 221 2208 φείσης
235 2128 405 2207 συμδιίσεται
424 2129 458 2188 τόι
473 2128 604 2209 κράτιστοι
623 2129 669 2189 καλ
691 2133 844 2191 δικαιότατα
856 2136 908 2192 τῶν

86 2242 110 2281 aa
133 2218 228 2297 έργοιν·
249 2225 306 2283 τοῖς
327 2216 375 2293 μὲν
392 2217 611 2298 ἐκπεπληρωκόσι
627 2217 674 2289 τὴν
688 2223 788 2278 ἑαυτῶν
811 2223 909 2298 μοῖραν

132 2305 256 2383 ἐνδρόσιν
271 2306 377 2385 ἀγαθοῖς
391 2304 466 2377 διξης
482 2306 588 2365 αἰωνίου
606 2316 695 2388 τυχεῖν
716 2309 761 2366 καί
776 2309 840 2388 πρὸς
855 2311 907 2367 τῶν

131 2393 338 2471 ἐπιγιγνομένων
360 2395 538 2467 ἐπαινεῖσθαι,
563 2396 668 2456 δποιεῖ
682 2396 730 2467 τὴν
744 2397 841 2468 θνητὴν
864 2397 910 2475 φύ-

132 2507 173 2541 σιν
189 2487 343 2559 ὁμοιοῦσθαι
357 2487 392 2564 τῇ
406 2482 463 2564 θείφ
478 2482 522 2540 καί
538 2483 575 2556 μὴ
589 2483 812 2554 συναποθνήσκειν
828 2486 910 2554 αὐτῆς

129 2572 162 2629 τά
180 2570 246 2650 ἔργα
259 2583 313 2638 τοῖς
327 2572 443 2648 σώμασι·
457 2580 510 2639 τοῖς
522 2572 545 2631 δ’
559 2574 607 2631 ἀπ’
618 2574 722 2632 ἐκείνων
737 2576 788 2631 τῶν
804 2573 910 2632 ἰσοθέυιν

83 2685 107 2724 ι
130 2660 231 2739 ἂνδρῶν
250 2664 297 2718 νῦν
323 2661 348 2718 τ’
375 2650 435 2719 οόσι
456 2659 502 2718 καί
527 2657 633 2739 ὕστερον
658 2660 789 2736 ἐσομένοις
809 2659 846 2736 μί,
867 2660 910 2719 ιόν

129 2747 238 2818 ἥδιστόν
263 2771 294 2806 τε
317 2747 363 2808 καὶ
387 2751 481 2832 ῥᾷστον
507 2751 635 2828 αἱρεῖσθαι
659 2752 711 2808 τῶν
736 2749 816 2827 βίων,
841 2750 910 2807 ἀλλὰ

132 2834 177 2899 τδν
216 2836 402 2920 εύγενέστατον
435 2839 480 2897 καὶ
507 2838 720 2919 φιλοτιμότατον,
750 2837 911 2914 ἐνθυμουμέ-

131 2950 189 2995 νως
211 2927 252 2986 ὅτι
274 2926 334 2994 τοῦς
349 2928 488 3009 εἰληφότας
513 2926 595 2993 καλόις
618 2926 665 2994 τὰς
684 2925 790 3007 πρόιτας
812 2929 843 2984 ἐκ
865 2933 911 2984 τοῦ

131 3018 221 3092 γένυος
250 3015 371 3097 ἀφορμάς
404 3016 474 3094 μίγα
499 3016 539 3097 ἐφ’
563 3016 664 3082 έαυτοῖς
699 3014 827 3094 προσήκει
846 3038 910 3095 φρο-

86 3132 111 3171 a,
133 3108 186 3165 νεῖν
199 3105 246 3165 καὶ
271 3104 353 3180 μηδὲν
374 3102 478 3171 ἀνάξιον
499 3102 663 3173 ἐπιτηδεύειν
684 3107 737 3161 τῶν
760 3102 910 3181 προγόνων·

136 3194 193 3270 ἐμοὶ
205 3194 243 3268 δέ,
257 3194 286 3259 tr
297 3193 358 3274 οὗχέ
370 3192 510 3259 κολακείας
521 3193 599 3273 χάριν
613 3194 657 3252 ἐπὶ
671 3193 770 3265 ταύτην
782 3193 911 3253 ἀπέκλινα

135 3305 183 3353 την
196 3281 397 3361 πραγματείαν,
413 3280 481 3340 illi
496 3285 542 3349 τῆς
557 3281 678 3352 ἀληθείας
693 3282 792 3340 καὶτοῦ
812 3282 913 3342 δικαίου

137 3371 334 3448 προνοούμενος,
356 3360 393 3428 ῶν
413 3370 452 3429 δεῖ
473 3370 645 3449 στοχάζεσθαι
665 3379 754 3428 πᾶσαν
775 3372 913 3451 ἱστορίαν,

138 3456 304 3538 πρῶτονμὲν
326 3456 502 3525 ἐπιδείξασθαι
518 3456 565 3528 τὴν
587 3458 702 3534 ἐμαυτοῦ
722 3456 851 3532 διάνοιαν,
873 3456 914 3516 ὅτι

25 3540 26 3565 ’
93 3576 117 3617 ⁸
138 3548 238 3625 χρηστὴ
256 3548 322 3623 πρὸς
337 3545 457 3612 ἅπαντας
477 3545 628 3626 ἀνθρώπους
648 3544 704 3604 ἐστί
719 3544 777 3612 τοὺς
800 3545 913 3625 άγαθοίις

141 3639 185 3693 καὶ
206 3633 380 3713 φιλοθεώρους
407 3639 459 3694 τῶν
490 3637 578 3693 καλῶν
603 3635 684 3714 ἐργων
710 3633 755 3691 καί
783 3636 914 3713 μεγάλων,

138 3721 228 3781 ἐπιιτα
248 3727 434 3805 χαριστηρίους
456 3723 568 3799 ὀμοιόλς
588 3722 618 3790 θς
632 3721 691 3799 ἐμοὶ
706 3722 817 3797 δύναμις
832 3727 915 3783 ὀκτα-

142 3813 264 3870 ποδοῦναι
278 3817 311 3892 τῇ
327 3812 422 3888 πόλει,
439 3813 558 3879 παιδείας
577 3835 605 3870 τε
622 3812 783 3893 μεμνημένῳ
797 3812 843 3872 καί
862 3816 915 3872 τῶν

142 3900 225 3958 ἄλλων
240 3903 358 3976 ἀγαθῶν,
372 3899 442 3958 ὀσων
458 3900 600 3968 ὀπήλαυσα
614 3902 753 3980 διατρίψας
770 3903 797 3958 ἐν
811 3903 889 3979 αὐτῇ.

96 4010 121 4048 ιο
178 3987 240 4048 Vll.
263 3983 446 4054 Ἀποόεδωκέος
459 3986 486 4045 δέ
500 3987 543 4045 τδν
555 3986 620 4067 ὑπὲρ
629 3991 676 4056 τῆς
687 3986 862 4068 προαιρέσεως
871 3986 916 4046 ld-

142 4096 184 4131 νον
200 4072 239 4133 ἐτι
259 4076 389 4149 Βούλομαι
407 4073 453 4133 καλ
467 4074 527 4155 περί
540 4077 592 4132 τῶν
608 4079 735 4155 ἀφορμῶν
759 4077 852 4149 εἰπεῖν,
877 4066 918 4142 αἷς

145 4164 297 4240 ἐχρησάμην
323 4161 362 4220 δι’
378 4163 488 4240 ἐμελλον
514 4164 654 4242 ἐπιχειρεῖν
679 4167 829 4245 τῇγραφῇ·
855 4162 918 4232 ίσως

145 4250 193 4327 γάρ
206 4254 230 4309 οι
243 4251 472 4329 προανεγνωκότες
485 4250 642 4332 Ἱερώνυμον
660 4251 675 4323 ί,
699 4252 813 4329 Τίμαιον
829 4251 847 4324 ἢ
864 4255 917 4313 Πο·

146 4338 231 4399 lituos
259 4340 277 4411 ἢ
299 4344 352 4398 τῶν
381 4341 468 4399 ἄλλων
489 4341 549 4399 τινόι
575 4343 761 4421 συγγραφέων,
787 4342 854 4424 ὑπὲρ
880 4333 917 4401 ῶν

100 4452 123 4489 ιι
146 4428 310 4502 ἐποιησάμην
330 4428 406 4506 λόγον
436 4427 517 4509 ὀλίγῳ
537 4428 664 4507 πρότερον
689 4434 723 4495 ὡς
750 4429 919 4510 ἐπισεσυρκό-

145 4538 193 4573 των
215 4516 263 4586 τὴν
279 4513 395 4596 γραφὴν,
414 4517 502 4575 notit
526 4520 578 4575 τῶν
594 4520 640 4575 ἰπ’
657 4519 721 4593 ἐμοῦ
747 4526 917 4597 γραφομένων

146 4608 191 4683 σλχ
205 4606 342 4683 εὑρηκότες
356 4609 419 4683 παρ’
433 4607 540 4673 ἐκείνοις
555 4604 676 4683 κείμενα,
690 4608 836 4686 σχεδιάζειν
851 4612 918 4667 θπο-

148 4692 273 4764 triturant
283 4717 328 4771 με,
344 4695 390 4751 καὶ
409 4696 486 4755 πόθεν
501 4700 518 4766 ἡ
533 4697 633 4755 τούτοιν
644 4701 737 4774 γνῶσις
754 4698 789 4763 είς
801 4696 848 4773 tul
867 4722 919 4757 πα-

147 4784 280 4856 ραγέγονεν
295 4781 436 4851 ἀξιώσωσι
459 4789 562 4859 μαθεῖν.
603 4783 664 4843 Ἵνα
691 4783 723 4856 δὴ
747 4785 784 4857 μὴ
812 4786 918 4860 τοιαύτη

101 4895 126 4936 ιο
147 4869 203 4936 δόξα
216 4873 340 4949 παραστῇ
356 4893 410 4930 τισι
425 4872 485 4950 περὶ
503 4873 577 4951 ἐμοῦ,
593 4873 694 4953 βελτιον
711 4872 754 4955 ἀφ’
777 4863 814 4931 ῶν
828 4874 919 4954 ῶρμή·

147 4962 190 5027 θην
199 4958 283 5037 λόγων
301 4981 331 5018 τε
343 4957 388 5016 καί
400 4962 646 5039 ὑπομνηματισμῶν
659 4970 806 5041 προειπεῖν.
847 4960 919 5041 Ἐγώ

146 5047 330 5115 καταπλεύσας
344 5051 381 5113 εἰς
407 5047 524 5108 Ἰταλίαν
546 5048 603 5126 ἅμα
624 5052 662 5129 τῷ
682 5051 863 5124 καταλυθῆναι
875 5051 919 5111 τδν

146 5135 268 5214 ἐμφύλιον
279 5136 396 5212 πόλεμον
411 5135 463 5195 tari
473 5141 521 5195 τοῦ
540 5137 679 5198 Σιόαστοῦ
696 5139 829 5219 Καίσαρος
846 5140 920 5201 itti-

146 5240 195 5299 ρης
215 5224 261 5282 καί
281 5224 459 5301 ὀγδοηκοστῆς
474 5224 518 5284 καλ
533 5230 677 5299 έκατοστῆς
694 5229 855 5304 ὀλυμπιάδος
875 5254 922 5307 με·

961 545 1048 608 plexus
1075 544 1193 609 narravit,
1234 544 1299 595 bella
1329 558 1387 594 veno
1425 558 1482 596 eum
1514 544 1610 608 Pyrrho
1639 546 1739 609 Epirota

961 645 1029 704 gesta
1052 655 1151 705 proprio
1164 640 1226 690 libro
1258 643 1388 707 separatim
1413 643 1527 694 tractauit
1549 663 1556 692 ι
1581 656 1688 707 cumque
1702 644 1742 695 liis

962 740 1111 801 Antigonus,
1139 738 1274 801 Polybius,
1292 739 1401 803 Sdeuus,
1424 742 1532 790 sexcenti
1550 740 1592 791 alii
1618 753 1658 791 τοι
1683 755 1741 793 eas·

960 829 1032 890 dem,
1058 830 1102 880 sed
1127 830 1226 881 diversa
1252 830 1359 892 ratione,
1384 836 1442 883 sunt
1469 832 1578 897 aggressi
1602 853 1609 883 ι
1634 847 1741 897 quorum

961 925 1134 990 unusquisque
1147 924 1265 987 exiguum
1287 938 1367 989 opus,
1392 940 1422 977 ee
1436 941 1468 979 ιιο
1482 928 1508 978 ιιι
1528 928 1631 993 quidem
1653 927 1741 980 debita

962 1035 1023 1075 eura
1035 1026 1062 1072 et
1084 1022 1222 1086 diligentia,
1237 1022 1281 1073 sed
1295 1037 1324 1073 ex
1339 1023 1489 1088 quibuslibet
1509 1026 1580 1076 vanis
1599 1026 1739 1077 rumoribus

962 1121 1130 1187 compositum
1151 1120 1250 1184 seriptis
1270 1120 1406 1171 mandavit.
1440 1121 1487 1171 llis
1505 1127 1589 1173 autern
1609 1124 1703 1174 similes
1716 1127 1744 1175 ct

962 1221 1029 1271 nulla
1046 1220 1071 1270 in
1083 1233 1110 1270 re
1127 1219 1293 1284 discrepantes
1318 1220 1433 1270 historias
1451 1220 1600 1284 ediderunt,
1619 1226 1742 1286 quotquot

961 1316 1064 1368 Romani
1087 1316 1199 1368 hommes
1225 1330 1264 1367 res
1296 1317 1390 1381 priscas
1420 1330 1474 1368 sun
1497 1317 1604 1368 civitatis
1630 1332 1742 1370 serruone

963 1417 1051 1468 Graeco
1068 1415 1240 1480 seripserunt:
1260 1428 1366 1477 quorum
1381 1414 1543 1467 uetustissimi
1560 1419 1630 1477 suut,
1647 1417 1677 1473 Q.
1694 1418 1743 1466 Fa·

962 1512 1019 1563 bius
1033 1518 1059 1563 et
1075 1515 1102 1563 L.
1118 1512 1232 1575 clodus,
1245 1512 1287 1577 qui
1308 1511 1382 1562 ambo
1393 1511 1465 1562 bellis
1479 1511 1580 1562 Punicis
1594 1513 1739 1563 floruerunt.

963 1612 1059 1660 Horum
1073 1611 1183 1661 riroriuu
1203 1614 1309 1673 uterque
1331 1622 1371 1659 res
1383 1608 1476 1672 quibus
1489 1611 1543 1672 ipse
1556 1607 1682 1667 interluit,
1696 1612 1740 1659 ut-

963 1713 1021 1775 pote
1031 1710 1109 1774 probe
1124 1710 1171 1760 sibi
1189 1712 1268 1770 notus,
1286 1708 1415 1772 diligenter
1428 1707 1528 1772 scriptis
1542 1707 1669 1758 mandarit
1683 1722 1741 1759 :res

964 1821 1024 1858 reno
1042 1807 1152 1871 priscas,
1165 1820 1222 1870 quae
1244 1811 1302 1870 pust
1324 1805 1411 1855 urbem
1430 1804 1555 1856 mnditarn
1576 1808 1653 1869 gestae
1670 1810 1743 1866 sunt,

963 1905 1103 1953 summatim
1119 1903 1249 1966 percurrit.
1283 1904 1335 1952 llus
1355 1902 1430 1965 igitur
1444 1901 1477 1952 ub
1498 1914 1586 1952 causas
1599 1901 1743 1966 praeclaram

962 2001 1093 2052 historiam
1105 2000 1275 2065 superioribus
1291 2000 1409 2050 inlautum
1427 2000 1509 2051 risum
1521 2002 1560 2051 est
1571 2000 1632 2049 milui
1645 1999 1743 2049 silentio

963 2114 1012 2151 non
1031 2100 1158 2166 praeterire
1182 2113 1241 2150 :ex
1266 2112 1317 2163 qua
1340 2100 1456 2150 accurate
1478 2099 1569 2165 scriptu
1592 2099 1655 2158 buc,
1686 2112 1744 2162 quae

963 2203 1022 2250 sunt
1035 2203 1060 2248 ct
1071 2197 1164 2262 optima
1178 2198 1203 2246 ct
1216 2195 1372 2260 aequissima,
1389 2195 1520 2246 evenient:
1538 2199 1567 2246 ut
1584 2200 1610 2246 et
1629 2196 1676 2245 riri
1695 2196 1744 2245 ior·

967 2301 1006 2347 les
1018 2335 1024 2352 ,
1038 2295 1081 2359 qui
1101 2296 1179 2346 latum
1201 2307 1274 2343 suum
1292 2293 1437 2358 implerunt,
1456 2292 1559 2357 gloriam
1579 2294 1743 2345 immortalem

963 2395 1130 2458 adipiscantur
1155 2395 1179 2444 et
1204 2406 1219 2441 ιι
1238 2391 1344 2455 posteris
1367 2390 1501 2442 laudentur
1517 2389 1597 2455 (quod
1618 2390 1694 2441 elicit
1712 2397 1741 2445 ui

965 2493 1078 2544 mortalis
1088 2496 1176 2544 natura
1186 2490 1218 2541 ad
1232 2490 1341 2540 diuinam
1352 2490 1462 2555 proxime
1475 2487 1590 2551 accedat,
1600 2502 1646 2539 nec
1660 2502 1744 2539 rerum

964 2590 996 2641 ab
1011 2604 1040 2640 ea
1051 2592 1176 2652 gestarum
1196 2588 1315 2641 memoria
1332 2600 1382 2637 uua
1394 2600 1452 2637 eum
1466 2600 1569 2652 corpore
1582 2587 1683 2651 pereat)
1697 2607 1703 2637 ι
1716 2592 1743 2637 et

965 2692 994 2739 ut
1003 2687 1141 2738 divinorum
1153 2686 1253 2736 illorum
1267 2686 1376 2736 uirorum
1390 2689 1416 2735 et
1431 2698 1539 2749 presens
1553 2688 1578 2734 et
1590 2684 1675 2735 lutura
1688 2698 1745 2748 pro

965 2781 1047 2845 genias
1055 2793 1104 2828 nun
1116 2777 1322 2829 iucundissimum
1337 2781 1363 2828 et
1375 2778 1532 2839 facillimum,
1545 2776 1590 2827 sed
1610 2776 1744 2841 generosis·

965 2874 1056 2924 simum
1068 2876 1092 2922 et
1111 2871 1326 2922 honoratissimum
1346 2870 1405 2920 uitro
1422 2883 1499 2933 genus
1520 2873 1655 2934 οοιγιιιιιιιι,
1670 2884 1744 2934 repu-

965 2969 1022 3017 tans
1041 2979 1127 3016 secum
1139 2964 1229 3015 debere
1246 2977 1289 3014 eus
1309 2963 1351 3028 qui
1366 2963 1461 3027 generis
1476 2962 1592 3025 preclara
1612 2962 1746 3026 primordia

966 3063 1114 3124 acceperunt
1127 3057 1256 3123 maguum
1269 3057 1300 3107 de
1317 3071 1344 3107 se
1355 3057 1460 3108 sentire.
1475 3059 1501 3107 et
1514 3056 1575 3109 nulll
1583 3056 1619 3106 rei
1626 3056 1746 3106 maiorum

966 3153 1087 3205 institutis
1100 3153 1205 3215 indigne
1219 3165 1319 3216 operum
1335 3149 1394 3201 dare
1416 3171 1422 3200 ι
1439 3165 1483 3214 ega
1497 3163 1571 3210 uero,
1583 3149 1687 3212 quinon
1704 3163 1746 3198 as·

967 3246 1111 3298 scotationis
1120 3258 1194 3296 causa
1204 3245 1233 3297 ad
1247 3244 1294 3294 boo
1308 3257 1370 3308 opus
1385 3244 1494 3293 animum
1507 3242 1603 3310 appuli,
1618 3242 1663 3293 sed
1675 3243 1745 3293 ueri·

967 3350 1027 3400 tatis
1038 3352 1064 3400 et
1075 3348 1201 3414 aequitatis
1213 3347 1295 3398 studio
1306 3345 1364 3409 (qui
1372 3346 1511 3410 praecipuus
1523 3346 1659 3399 debetesse
1667 3345 1747 3395 omnis

968 3439 1078 3491 historiae
1094 3439 1184 3502 linis),
1208 3442 1236 3488 ut
1254 3438 1362 3503 primum
1388 3439 1488 3502 quidem
1513 3438 1642 3488 consilium
1660 3451 1744 3487 meum

968 3531 1083 3582 omnibus
1099 3530 1159 3581 viris
1179 3531 1249 3581 bouis
1272 3543 1328 3580 esse
1353 3531 1566 3580 accuuimodatum
1588 3533 1614 3580 et
1633 3528 1747 3579 honesta·

971 3636 1028 3672 rum
1039 3635 1230 3685 magnarumque
1247 3635 1330 3671 rerum
1345 3622 1506 3685 speculationi
1519 3620 1629 3673 deditum
1644 3620 1747 3670 demon-

971 3718 1062 3778 strem,
1076 3713 1163 3763 deiude
1175 3727 1234 3764 vcro
1246 3716 1274 3763 ut
1288 3714 1390 3776 gratiam
1401 3717 1520 3776 quantam
1529 3726 1628 3776 possum
1641 3712 1747 3761 aeleram

970 3804 1074 3867 civitati,
1084 3817 1179 3854 memor
1191 3804 1310 3854 doclriuoe
1321 3805 1428 3855 liberulis
1444 3809 1470 3856 et
1484 3804 1588 3853 aliorum
1601 3801 1746 3851 cornmodo-

971 3909 1029 3947 runi
1043 3895 1133 3961 quibus
1143 3893 1169 3943 in
1182 3908 1212 3945 ea
1224 3894 1325 3957 degenti
1343 3896 1406 3945 mibi
1419 3895 1467 3945 imi
1480 3894 1588 3957 conligit.

1003 3988 1059 4037 Vll.
1078 3986 1139 4036 Cum
1147 3987 1230 4035 aulem
1238 3983 1331 4035 consilii
1340 3984 1387 4034 mei
1397 3984 1515 4033 rationem
1525 3986 1579 4032 tum
1589 3980 1748 4044 reddiderim,

972 4079 1028 4130 volo
1052 4078 1133 4129 natiue
1155 4077 1232 4128 rerba
1256 4077 1338 4128 tacere
1357 4077 1388 4126 de
1410 4075 1558 4126 adiumentis
1578 4089 1635 4139 qum
1655 4074 1747 4134 habui,

971 4187 1029 4224 eum
1050 4172 1080 4222 all
1097 4171 1144 4222 boc
1170 4185 1232 4235 opus
1255 4171 1411 4222 scribendum
1431 4168 1584 4223 aceedmm.
1634 4172 1750 4220 Fortasse

972 4267 1036 4318 enlm
1050 4268 1073 4318 ei
1095 4268 1138 4331 qui
1156 4272 1228 4317 antea
1246 4267 1357 4327 legerunt
1372 4265 1549 4328 Hieronymum
1564 4266 1609 4315 aut
1626 4264 1747 4315 Timaeum

973 4354 1017 4402 aut
1032 4352 1173 4416 Polybium,
1194 4351 1356 4413 autaliquem
1371 4363 1402 4400 cx
1414 4347 1503 4400 ceteris
1523 4350 1694 4414 scriptoribus,
1719 4348 1751 4399 de

974 4441 1067 4503 quibus
1082 4441 1165 4503 paullo
1185 4445 1242 4489 ante
1264 4439 1411 4489 mentionem
1428 4439 1489 4497 ieci,
1508 4438 1575 4502 quod
1595 4451 1641 4487 sua
1658 4436 1752 4500 scripta

972 4528 997 4578 iu
1011 4542 1134 4578 summam
1151 4528 1299 4589 redegerunt
1318 4527 1475 4590 breviterque
1489 4542 1529 4578 res
1540 4526 1751 4590 perstrinxerunt,

973 4628 1030 4665 cum
1047 4615 1124 4664 mulla
1150 4628 1207 4680 queo
1227 4627 1295 4664 ame
1310 4614 1451 4664 scribuntur
1463 4614 1529 4678 apud
1549 4613 1605 4664 illos
1618 4626 1666 4663 non
1681 4612 1750 4661 inve-

974 4704 1071 4763 nerint,
1098 4703 1185 4753 liesca
1212 4717 1253 4753 nae
1279 4702 1339 4764 iungi
1360 4703 1561 4766 suspicabuntur,
1580 4707 1606 4752 et
1624 4702 1689 4752 unde
1706 4714 1752 4760 ego

974 4793 1063 4843 barum
1071 4806 1154 4843 ισιιιιιι
1167 4793 1329 4855 coguitionem
1338 4793 1441 4856 adeptus
1451 4792 1498 4842 sim
1509 4791 1572 4841 scire
1584 4790 1674 4841 νοιωιι.
1707 4794 1752 4839 lle·

974 4883 1031 4947 quis
1051 4883 1125 4946 igilur
1138 4882 1215 4932 talem
1230 4882 1262 4933 de
1283 4896 1323 4933 me
1338 4882 1477 4946 opinionem
1492 4880 1626 4943 concipiat,
1649 4883 1752 4942 praestat

975 4977 1003 5021 ut
1017 4971 1108 5036 quibus
1121 4970 1191 5021 libris
1203 4975 1278 5034 alque
1293 4970 1476 5021 commentariis
1489 4970 1588 5019 adiutus
1602 4968 1691 5018 luerim
1707 4982 1752 5016 an-

974 5064 1014 5110 tea
1034 5059 1162 5122 explicem.
1195 5062 1246 5123 Ego
1267 5073 1324 5110 eum
1340 5059 1365 5108 in
1386 5058 1481 5107 ltaliam
1496 5058 1648 5118 ιιονιμιιαεοιιι
1669 5057 1754 5105 statim

977 5155 1033 5212 post
1052 5148 1126 5198 linem
1142 5148 1207 5199 bello
1228 5148 1294 5199 civili
1318 5148 1350 5198 ab
1371 5150 1469 5198 Cessare
1488 5148 1600 5211 Augusto
1610 5145 1753 5209 impositum

979 5236 1060 5287 media
1079 5237 1224 5302 Olympiade
1238 5237 1373 5288 centesima
1393 5236 1542 5300 octogesima
1556 5234 1674 5299 neptium,
1687 5236 1712 5282 et
1722 5233 1754 5280 ιιι
