4068 5924
652 385 942 461 ANTIQUITATUM
963 385 1108 447 ROMAN.
1132 388 1202 447 ΗΒ.
1225 389 1275 448 ill.
1711 392 1767 452 ίθῖ

171 519 242 591 τῶν,
257 516 340 576 ἔπειτ’
354 519 389 585 εἰς
410 515 557 597 παράταξιν
576 518 712 598 προελθεῖν
728 517 879 594 ἀναγκάσας
894 516 944 577 ἐνί-

172 629 257 680 κησε,
273 606 319 663 καῖ
333 610 377 664 τοῦ
392 605 508 685 χάρακος
522 605 608 664 αὐτῶν
622 605 759 683 ἀκράτησε.
802 607 946 685 Χωρήσαν-

172 716 216 759 τος
231 694 255 750 δ’
270 694 343 771 αὐτῷ
357 692 402 749 καῖ
416 691 508 750 τούτου
529 692 599 751 κατὰ
621 690 729 769 γνώμην
748 698 793 752 τοῦ
809 696 943 770 πολέμου,

171 779 219 851 τὴν
234 779 360 837 ἐπινίκιον
376 778 485 853 πομπλν
503 779 549 837 seni
564 777 607 837 τόν
622 778 731 838 εἰωθότα
752 779 879 859 θρίαμόον
892 790 945 849 τοῖς

129 887 142 924 ι
171 871 239 934 θεοῖς
255 866 403 945 κατήγαγεν
415 868 450 933 αῖς
463 866 510 936 τὴν
524 863 600 924 πόλιν
616 866 780 945 ἀφικόμενος.
824 867 945 950 Δευτέρῳ

171 955 197 1012 δ’
212 953 319 1032 ὕστερον
335 956 388 1013 ἔτει
408 954 488 1013 πάλιν
508 957 561 1013 τῶν
580 955 746 1014 Οθῖιντανῶν
762 957 897 1015 λυσάντων
916 958 946 1023 ἀς

171 1043 330 1110 ἀποιήσαντο
340 1041 405 1120 πρὸς
416 1041 495 1101 αὐτὸν
509 1041 622 1120 ἀνοχὰς,
635 1042 680 1099 καὶ
694 1042 741 1108 τὰς
760 1043 826 1109 ἁλδις
840 1044 944 1110 ἀξιούν-

169 1152 226 1187 των
250 1127 411 1201 ἀπολαόεῖν,
438 1119 475 1187 ῶν
493 1128 537 1187 ἐπὶ
565 1128 707 1205 Ῥωμύλου
733 1129 861 1208 βασιλίως
885 1134 945 1190 καθ’

170 1217 314 1297 ὁμολογίας
338 1215 511 1289 ἀντέστησαν,
536 1216 627 1297 ἑτέραν
650 1219 749 1277 τίθεται
771 1219 834 1297 πρὸς
851 1217 946 1285 αὐτοὺς

119 1324 142 1360 ru
170 1304 263 1382 μάχην
286 1302 351 1382 πρθς
372 1314 429 1370 ταῖς
449 1304 526 1369 ἀλαῖς
550 1306 655 1382 μείζονα
679 1309 726 1376 τῆς
746 1305 891 1386 προτέρας,
912 1306 944 1378 ἣν

171 1393 289 1458 εὐπετῶς
309 1392 429 1462 ἐνίκησε·
453 1392 498 1451 καὶ
513 1390 560 1459 τθς
574 1392 640 1460 tlt<
657 1391 683 1460 ἐξ
707 1395 805 1453 ἐκείνου
826 1395 947 1473 κατεῖχεν

172 1482 373 1562 ἀναμφιλόγως.
416 1482 460 1541 Tb
475 1482 498 1538 δ’
514 1484 632 1562 ἀριστεῖα
647 1482 692 1540 καῖ
707 1485 738 1540 ἐκ
755 1483 852 1551 ταύτης
866 1483 944 1542 ἔλαθε

171 1573 222 1640 τῆς
239 1569 329 1648 μάχης
343 1572 357 1626 ό
370 1570 422 1626 τῶν
434 1569 536 1626 ἱππίων
547 1570 653 1646 ἡγεμὼν
668 1569 826 1647 Ταρκύνιος,
841 1569 885 1629 καῖ
897 1573 944 1628 αό-

169 1654 217 1714 τδν
236 1657 251 1712 θ
266 1654 385 1732 Μάρκιος
407 1654 489 1732 ἀνδρα
504 1655 609 1714 πάντων
624 1656 763 1736 κράτιστον
779 1658 946 1736 ἡγησάμενος

120 1770 144 1808 ts
169 1743 205 1802 τά
219 1742 243 1801 τ’
256 1744 325 1801 ἀλλα
339 1742 471 1819 σεμνύνων
486 1743 610 1823 διετελει,
624 1745 669 1803 καί
681 1748 718 1810 είς
728 1745 774 1803 τὸν
785 1749 837 1802 τῶν
851 1768 946 1826 πατρι-

169 1830 236 1890 κίων
253 1830 341 1888 τεκαὶ
359 1832 505 1910 βουλευτῶν
521 1831 631 1911 ἀριθμὸν
646 1835 824 1913 κατέγραψεν.
867 1831 946 1910 Ἐγέ·

169 1942 230 1978 νετο
244 1921 272 1978 δὲ
289 1918 336 1977 καῖ
348 1918 411 1999 πρὸς
422 1918 454 1978 τθ
464 1922 515 1977 τῶν
529 1920 707 1980 Οθολοόσκων
728 1922 797 1988 ἔθνος
810 1924 849 2001 τῷ
863 1924 945 1998 Μαρ-

170 2006 224 2085 κίῳ
240 2005 371 2080 πόλεμος,
383 2006 532 2084 λῃστηρίων
554 2010 673 2066 κάκεῖθεν
689 2007 807 2075 ἐξιόντων
826 2009 870 2067 ἀπὶ
888 2008 947 2075 τοθς

171 2097 226 2152 τῶν
247 2092 392 2170 Ῥωμαίων
408 2095 517 2174 ἀγρούς·
543 2095 588 2153 καλ
609 2097 771 2172 στρατεύσας
793 2097 835 2157 ἐπ’
852 2096 947 2167 αὐτοὺς

121 2207 146 2244 m
173 2185 279 2260 μεγάλῃ
299 2181 369 2260 χειρλ
393 2181 494 2254 πολλὴν
511 2182 700 2265 περιεόάλλετο
713 2186 801 2256 λείαν,
823 2188 899 2247 πολιν
920 2188 944 2244 τ’

174 2272 261 2329 αὐτῶν
279 2270 437 2349 Οὐελίτραις
456 2270 696 2352 προσκαθεζόμενος
711 2274 881 2354 ’ἀπετάφρευε
901 2273 946 2332 καὶ

172 2358 368 2439 περιεχαράκου
375 2358 421 2420 καλ
431 2359 607 2441 τειχομαχίαν
614 2361 804 2432 συνίστατοτῆς
819 2361 945 2441 ὑπαίθρου

173 2450 287 2525 κρατῶν.
332 2445 506 2515 Ἐξελθόντων
518 2450 544 2507 δὲ
560 2448 606 2507 σὺν
616 2451 760 2529 ἱκετηρίαις
770 2453 822 2508 τῶν
835 2451 947 2527 πρισόυ-

172 2535 270 2605 τάτων,
283 2534 329 2592 καῖ
342 2534 389 2601 τάς
399 2557 428 2592 τε
440 2534 541 2613 βλάόας
554 2535 686 2595 διαλύσειν
701 2539 898 2615 ὑποσχομένων,
913 2541 947 2604 όις

123 2645 150 2685 ns
176 2620 208 2680 ἀν
228 2622 380 2700 όβασιλεθς
395 2623 541 2702 δικαιώσῃ,
558 2625 603 2682 καλ
621 2623 681 2691 τοὺς
701 2623 805 2702 ἀνόχους
823 2625 880 2692 ταῖς
900 2628 946 2684 αῖ·

177 2709 243 2775 τίαις
258 2710 301 2768 brt
315 2710 390 2782 δίκην
404 2710 525 2791 παράξειν
545 2712 753 2788 ὁμολογούντων,
773 2711 869 2793 ἀνοχὰς
882 2712 949 2793 πρὸς

177 2799 267 2866 αὐτοὺς
286 2799 462 2873 ποιησάμενος
480 2800 525 2857 καὶ
544 2799 577 2857 τά
590 2799 679 2858 δίκαια
693 2801 756 2877 παρ’
772 2799 883 2859 ἑκόντων
899 2803 948 2860 λα·

177 2888 229 2947 θὼν
244 2887 349 2968 εἰρήνην
362 2889 408 2947 καί
422 2890 509 2969 φιλίαν
525 2886 682 2947 συντίθεται.

215 2977 303 3037 thl.
315 2974 366 3036 Ἕκ
374 2975 400 3035 di
412 2980 459 3033 τοῦ
474 2974 597 3035 Σαόίνων
612 2974 697 3040 ἔθνους
705 2965 777 3041 αὖθις
789 2974 873 3055 ἕτεροί
883 2998 949 3043 τινες

123 3081 151 3120 to
179 3070 227 3135 τῆς
237 3063 379 3139 Ῥωμαίων
390 3062 464 3122 ούπω
472 3063 659 3143 πεπειραμένοι
671 3061 804 3140 δυνάμεως
813 3062 851 3089 “¹
870 3064 948 3123 πόλιν

181 3154 309 3217 οἰκοῦντες
321 3151 459 3227 εὐδαίμονα
471 3152 518 3211 καί
529 3150 660 3229 μεγάλην,
673 3154 792 3229 ἐγκαλεῖν
801 3151 848 3230 μίν
862 3155 949 3219 αὐτοῖς

178 3242 251 3300 οὐδὲν
263 3241 378 3319 ἔχοντες,
391 3246 492 3320 φθονεῖν
505 3240 532 3298 di
543 3249 603 3308 ταῖς
623 3240 755 3320 εὐτυχίαις
767 3240 947 3318 ἀναγκαζόμε-

175 3352 214 3388 νοι
230 3328 345 3404 μείζοσιν
360 3327 379 3397 ἢ
393 3329 462 3388 κατὰ
477 3329 553 3406 λόγον
567 3331 729 3408 γινομέναις,
750 3328 882 3408 ἄνθρωποι
894 3331 946 3387 δει·

175 3420 213 3478 vot
228 3418 261 3476 τά
276 3415 410 3492 πολέμια,
429 3415 460 3476 τὸ
475 3416 522 3490 μίν
537 3421 640 3494 πρῶτον
660 3418 713 3476 ἀπὸ
734 3419 883 3496 ληστηρίων
898 3418 948 3476 καλ

125 3520 151 3558 ³³
177 3509 345 3587 καταδρομῆς
358 3508 446 3583 ἀγρῶν
455 3503 538 3583 ὀλίγοι
548 3505 844 3582 συνελθόντεςῆρξαντο,
858 3505 948 3563 ἔπειτα

180 3594 359 3669 δελεαζόμενοι
372 3592 428 3659 ταῖς
444 3592 580 3670 ὠφελείαις
591 3591 705 3674 φανεράν
717 3596 854 3649 ποιοῦνται
869 3615 949 3670 στρα-

179 3682 252 3740 τείαν
270 3683 310 3738 ἀπ’
324 3678 428 3755 αὐτούς,
445 3680 491 3739 καί
507 3684 553 3753 τῆς
566 3681 664 3762 θμόρου
678 3680 778 3750 πολλὴν
791 3681 948 3751 λεηλατοῦν·

177 3856 237 3916 οὔτε
257 3857 304 3923 τάς
319 3855 446 3937 ὠφελείας
460 3857 573 3934 ἀπάγειν
591 3854 645 3915 οὔτ’
661 3857 749 3922 αθτοῖς
763 3855 855 3936 ἀθῴοις
868 3858 949 3915 ἀπελ-

125 3965 152 4003 ιο
178 3954 246 4006 θεῖν·
258 3947 317 4003 ἀλλ’
331 3943 495 4017 ἐκύοηθήσας
506 3946 574 4004 κατὰ
589 3945 704 4015 σπουδὴν
717 3947 792 4003 ὁτῶν
804 3943 947 4021 Ῥωμαίων

179 4035 318 4112 βασιλεὺς,
331 4033 377 4091 καῖ
390 4032 501 4104 πλησίον
512 4038 559 4106 τῆς
570 4033 675 4091 ἐκείνων
690 4031 860 4109 παρεμόολῆς
871 4033 950 4108 θίμι·

178 4144 218 4188 νος
229 4122 274 4180 τὸν
286 4121 415 4201 χάρακα,
428 4124 564 4200 προελθεῖν
579 4119 671 4187 αὐτούς
682 4121 831 4199 ἠνάγκασεν
841 4123 877 4189 εἰς
893 4123 947 4197 μά-

176 4233 236 4290 χην.
279 4209 403 4287 Ἐγίνετο
413 4207 460 4286 μὲν
472 4202 516 4269 oin
529 4209 611 4287 μέγας
624 4207 710 4286 ἀγὼν,
723 4207 768 4266 καὶ
782 4209 875 4267 πολλοὶ
885 4212 948 4288 παρ’

178 4296 333 4377 ἀμφοτέρων
350 4295 460 4368 ἔπεσον,
472 4299 621 4380 ἐκράτησαν
641 4295 669 4354 di
689 4295 819 4373 Ῥωμαῖοι
833 4296 902 4355 κατὰ
920 4297 950 4357 'ci

126 4404 150 4445 tt
178 4384 303 4464 ἔμπειρόν
316 4407 344 4443 τε
359 4384 405 4444 καί
416 4385 557 4465 φερίπονον
565 4431 575 4462 ,
589 4376 625 4444 ῶν
642 4384 730 4450 ἐθάδες
742 4376 811 4457 ἦσαν
826 4386 856 4443 ἐκ
869 4383 947 4443 πλεί-

179 4496 257 4549 στου,
278 4473 323 4532 καῖ
347 4473 529 4554 περιεγίνοντο
549 4474 623 4555 παρά
643 4472 710 4534 πολὺ
740 4476 792 4531 τῶν
813 4472 949 4546 Σαόίνων,

177 4568 231 4626 τοῖς
242 4583 271 4618 τε
288 4558 426 4640 φεύγουσιν
443 4562 529 4620 αὐτῶν
542 4561 586 4621 ἐπὶ
600 4562 644 4620 τθν
656 4561 765 4641 χάρακα
777 4561 891 4640 σποράσι
905 4563 950 4620 καί

181 4650 352 4715 ἀσυντάκτοις
369 4649 478 4715 ἀκποδδς
501 4649 624 4725 ίπόμενοι
641 4644 723 4708 πολθν
738 4647 841 4706 ittoiaen
861 4648 949 4727 φόνον.

182 4735 371 4814 Κρατήσαντες
388 4736 416 4794 di
434 4735 480 4793 καλ
500 4740 545 4805 τῆς
560 4734 735 4816 παρεμόολῆς
752 4736 838 4792 αὐτῶν
852 4755 951 4794 παντο·

126 4829 152 4870 ⁸⁰
180 4824 271 4881 δαιτῶν
290 4822 437 4904 χρημάτων
459 4822 594 4902 γεμούσης
611 4824 656 4881 καλ
678 4820 738 4889 τούς
755 4819 952 4899 αἰχμαλώτους,

178 4910 222 4978 οθς
243 4911 339 4972 natm
360 4915 385 4972 οἱ
408 4912 518 4974 attan
537 4911 606 4971 κατὰ
620 4911 667 4978 τθς
681 4912 830 4990 προνομὰς,
848 4913 952 4968 ἀπολα-

180 5000 270 5065 δόντες
288 5001 409 5080 ἀπῄεσαν
430 5003 472 5060 ἀπ’
500 4999 582 5059 οἴκου.
633 5002 667 5058 Αἱ
686 4998 735 5076 μίν
758 4998 789 5068 δὴ
809 4995 953 5075 πολεμικαὶ

180 5086 288 5166 πράξεις
311 5090 387 5149 τοῦδε
405 5094 450 5148 τοῦ
474 5087 617 5167 βασιλέως,
638 5089 665 5147 αῖ
689 5087 796 5165 μνήμης
813 5085 859 5145 καλ
876 5085 953 5163 λόγου

182 5179 259 5257 παρὰ
288 5176 434 5253 Ῥωμαίοις
457 5178 654 5258 τυγχάνουσαι,
682 5176 781 5237 τοιαίδε
807 5174 874 5241 τινίς
909 5172 954 5233 λί-

1002 526 1114 590 superior
1134 531 1204 589 erat;
1227 526 1315 577 deinde
1335 540 1379 577 eos
1401 525 1426 576 in
1452 525 1529 576 aciem
1551 526 1648 589 prodire
1670 531 1769 576 coaetos

997 626 1058 676 vicit
1077 629 1103 677 et
1122 626 1210 679 castris
1229 628 1323 691 potitus
1341 629 1386 677 est.
1421 627 1483 677 Gum
1500 629 1584 675 autern
1602 626 1650 675 boc
1670 637 1770 690 quoque

998 722 1089 775 bellum
1107 724 1155 790 ipsi
1168 738 1200 776 ex
1217 725 1291 774 animi
1313 724 1433 775 sententia
1449 722 1624 785 successisset,
1638 723 1665 774 iu
1682 724 1770 774 urbem

998 834 1112 871 reversus
1131 822 1185 872 Diis
1202 822 1330 873 victricem
1349 836 1464 887 pompam
1481 825 1507 873 et
1520 821 1663 873 sollemnem
1678 822 1769 874 triuni-

998 920 1075 983 plrum
1092 921 1148 985 egit.
1181 922 1296 972 Secundo
1310 925 1393 971 autam
1410 923 1467 985 post
1485 934 1564 982 anno,
1585 934 1642 970 oum
1655 922 1770 973 veientes

998 1015 1089 1068 iterum
1110 1019 1220 1069 inducias
1240 1020 1364 1082 cumipse
1385 1021 1462 1069 lactas
1474 1019 1613 1084 rupissent,
1630 1023 1655 1070 et
1671 1020 1770 1070 Salinas

999 1129 1145 1180 recuperare
1161 1118 1411 1182 sellent,e1quibns
1426 1119 1530 1168 Romulo
1546 1122 1662 1183 regnante
1673 1132 1706 1168 ox
1724 1120 1770 1169 lau·

999 1214 1058 1265 dere
1070 1220 1209 1279 cesserant,
1223 1216 1328 1266 alterum
1341 1217 1454 1279 praelium
1467 1217 1546 1281 priore
1557 1218 1638 1268 malus
1651 1217 1684 1269 ad
1702 1218 1766 1268 sali·

999 1330 1044 1365 nas
1060 1329 1116 1365 cum
1128 1314 1188 1379 ipsis
1199 1315 1335 1376 commisit,
1352 1329 1384 1366 ex
1399 1330 1448 1380 quo
1462 1316 1532 1368 lacile
1545 1317 1673 1368 victoriam
1686 1330 1771 1383 repor-

998 1414 1076 1473 tavit3
1091 1419 1116 1463 et
1133 1414 1164 1465 ab
1183 1428 1214 1465 eo
1226 1417 1335 1478 ternpore
1352 1414 1446 1465 Salinas
1464 1415 1516 1467 sios
1538 1416 1588 1467 ullu
1607 1418 1773 1469 οοιιεεονεεεῖε
1805 1448 1808 1453 «

1004 1514 1118 1565 obtinuit.
1128 1513 1275 1577 Tarquinius
1284 1515 1367 1564 autem
1376 1513 1425 1565 dux
1434 1516 1545 1578 equitum
1552 1515 1584 1564 ob
1593 1529 1692 1580 operam
1703 1531 1771 1581 egre-

999 1613 1037 1677 gie
1053 1616 1166 1663 navatam
1180 1625 1212 1663 ex
1223 1613 1270 1663 baa
1282 1627 1380 1677 qnoque
1397 1627 1476 1677 pugna
1489 1616 1590 1679 praemia
1599 1615 1699 1665 virtutis
1707 1620 1773 1667 retu·

999 1711 1043 1772 lit,
1062 1724 1168 1775 cumque
1186 1712 1295 1761 Marcius
1313 1711 1395 1761 vuum
1415 1712 1526 1761 omniurn
1544 1713 1773 1776 praestantissimum

999 1816 1132 1879 iudicauit,
1151 1819 1175 1867 et
1193 1830 1249 1867 cunr
1264 1816 1318 1867 allis
1339 1816 1471 1866 bonoribus
1485 1829 1581 1881 semper
1601 1815 1699 1880 affecit,
1719 1818 1773 1867 tum

999 1917 1072 1967 etiam
1094 1915 1119 1966 in
1139 1915 1297 1980 patriciorum
1317 1919 1342 1967 et
1352 1921 1493 1968 meatorum
1513 1930 1643 1968 annuarum
1657 1917 1771 1969 adscivit.

1000 2016 1081 2065 Gessit
1093 2015 1199 2065 Marcius
1212 2016 1302 2066 bellum
1324 2029 1381 2067 cnm
1406 2016 1551 2068 volscorum
1567 2030 1666 2080 quoqne
1685 2019 1773 2081 gente,

998 2116 1066 2179 quod
1074 2116 1130 2166 lude
1144 2116 1251 2167 latrones
1261 2117 1287 2166 iu
1301 2119 1466 2168 Romanorum
1477 2129 1562 2182 agrurn
1574 2118 1726 2169 incursiones
1738 2120 1773 2169 le·

1000 2214 1106 2277 cissent,
1121 2217 1146 2265 et
1159 2228 1217 2264 cum
1228 2215 1322 2278 magnis
1336 2217 1413 2279 copiis
1427 2217 1452 2266 in
1468 2229 1510 2267 eos
1528 2219 1655 2282 protectus
1671 2219 1774 2269 multam

999 2317 1109 2382 praedam
1130 2318 1229 2378 retulit,
1259 2318 1414 2382 Velitrasque
1436 2333 1521 2369 eorum
1550 2319 1636 2370 urbem
1659 2320 1774 2371 obsidens

1000 2413 1066 2463 lossa
1076 2413 1190 2477 valloque
1201 2414 1277 2465 cinxit
1288 2418 1314 2464 et
1323 2415 1425 2478 planitie
1435 2418 1555 2479 omupata
1570 2417 1774 2480 oppugnationem

1000 2510 1111 2574 parabat.
1144 2512 1192 2561 Sed
1204 2526 1260 2561 curn
1275 2513 1377 2562 maximi
1391 2515 1452 2562 natu
1466 2512 1590 2576 supplices
1611 2513 1773 2576 prodiissent,

1000 2606 1025 2653 et
1043 2617 1070 2655 se
1086 2605 1149 2668 regis
1170 2605 1272 2655 arbitrio
1293 2604 1382 2656 damna
1395 2610 1533 2655 resarturos
1545 2605 1731 2669 promisissent,
1750 2610 1775 2657 et

1000 2697 1102 2760 polliciti
1115 2703 1198 2748 essent
1217 2697 1302 2749 noxios
1322 2699 1354 2748 ad
1376 2698 1521 2762 supplicium
1534 2698 1641 2760 dedere,
1654 2712 1712 2750 cum
1723 2699 1772 2751 illis

1001 2792 1112 2843 inducias
1129 2792 1202 2853 locit3
1223 2805 1328 2856 cumque
1343 2793 1382 2843 ius
1399 2792 1431 2842 ab
1443 2793 1504 2857 ipsis
1522 2793 1662 2844 nolentibus
1681 2795 1773 2846 sineri

1000 2889 1172 2951 impetrasset,
1191 2901 1233 2939 eos
1254 2889 1280 2938 in
1296 2888 1377 2939 tnedns
1395 2892 1420 2938 at
1435 2888 1569 2939 amicitiam
1585 2889 1686 2953 recapit.

1032 2993 1104 3043 xntl.
1120 2991 1216 3042 Novum
1230 2989 1287 3041 lude
1297 2991 1388 3042 bellarm
1400 2995 1514 3043 mortum
1527 2996 1565 3043 est
1576 2993 1667 3044 itamm
1678 2993 1711 3046 ab
1720 2994 1775 3045 aliis

1001 3094 1148 3158 quibusdam
1168 3094 1264 3145 sabba
1282 3093 1360 3158 gensss
1384 3093 1536 3156 bominibus,
1559 3093 1601 3157 qui
1626 3095 1666 3124 Μ
1688 3095 1775 3147 urbem

1002 3194 1150 3244 tartunatanr
1163 3197 1188 3244 et
1199 3193 1305 3257 amplam
1321 3192 1457 3243 incolentes
1473 3195 1639 3244 Romanorum
1653 3193 1772 3247 virtutem

1001 3296 1108 3346 nundum
1119 3294 1214 3358 experti
1226 3297 1296 3344 arant
1305 3330 1312 3356 ,
1322 3297 1347 3343 et
1355 3293 1413 3343 licet
1422 3294 1453 3342 de
1463 3294 1577 3344 llomanis
1583 3294 1655 3357 queri
1664 3308 1712 3344 uon
1722 3308 1775 3359 pos

1002 3400 1065 3457 seut,
1075 3410 1160 3446 eorum
1173 3398 1255 3445 tamen
1265 3393 1405 3444 felicitatem
1415 3394 1456 3443 νίιι
1470 3394 1612 3445 credibilem
1621 3407 1672 3458 prae
1684 3395 1775 3447 invidia

1001 3498 1065 3547 terre
1079 3511 1126 3546 unu
1145 3499 1270 3559 poterent,
1291 3494 1338 3543 siri
1360 3493 1432 3544 valde
1455 3493 1583 3558 bellicosi,
1610 3494 1652 3559 qui
1667 3496 1774 3559 primum

1002 3597 1091 3658 exigna
1110 3609 1184 3645 manu
1197 3607 1268 3658 agros
1278 3593 1411 3643 latrociniis
1425 3596 1451 3642 et
1466 3592 1647 3643 incursionibus
1660 3594 1776 3644 iulesture

1003 3698 1142 3759 reparare
1162 3693 1250 3744 deinde
1267 3692 1351 3756 preda
1371 3691 1467 3753 allecti,
1488 3695 1571 3756 aperte
1595 3694 1774 3756 expeditionem

1003 3802 1087 3848 contra
1103 3799 1226 3847 Romanos
1242 3795 1418 3856 susceperunt,
1431 3797 1457 3843 et
1476 3806 1587 3857 magnam
1603 3793 1657 3856 agri
1677 3793 1775 3843 linitiurl

1001 3907 1098 3967 partem
1106 3899 1246 3965 depopulati
1253 3898 1325 3948 valde
1337 3898 1472 3947 vastarunt.
1482 3900 1567 3960 Neque
1577 3900 1660 3946 tamen
1669 3898 1704 3945 eis
1713 3896 1775 3947 obti-

1001 4006 1038 4070 git
1055 4005 1096 4056 vel
1116 4002 1224 4069 praedam
1243 4002 1342 4066 impune
1360 3998 1473 4061 abigere,
1489 3996 1527 4047 nel
1546 3995 1606 4059 ipsis
1632 3994 1684 4046 sine
1708 4010 1773 4048 noxa

1001 4107 1103 4157 domum
1113 4103 1180 4154 abire
1193 4121 1199 4150 ι
1210 4115 1266 4150 nam
1278 4102 1452 4149 rsxllnrnanus
1467 4108 1570 4160 propere
1584 4108 1731 4159 occurrens,
1747 4099 1774 4148 et

1003 4202 1091 4252 castris
1101 4202 1170 4250 iuxta
1181 4213 1266 4249 eorum
1276 4197 1369 4247 vallum
1381 4194 1482 4259 positis,
1494 4206 1538 4245 sos
1547 4194 1578 4244 ad
1589 4195 1702 4258 praelium
1714 4209 1773 4260 pro·

1002 4297 1056 4348 dire
1065 4294 1152 4358 coegit.
1185 4296 1262 4344 Atrox
1277 4293 1351 4356 igitur
1365 4304 1445 4355 pugna
1454 4290 1584 4341 commissa
1598 4295 1651 4352 est,
1664 4295 1690 4343 et
1703 4293 1776 4344 multi

1003 4394 1126 4455 utrimque
1135 4391 1278 4442 oeciderunt
1289 4408 1295 4438 :
1306 4390 1349 4439 sed
1361 4387 1460 4441 taudem
1468 4389 1570 4439 Romani
1579 4389 1666 4454 peritia
1675 4393 1701 4439 et
1710 4388 1778 4440 labo-

1001 4509 1058 4546 rum
1069 4492 1206 4553 tolerantia,
1216 4490 1307 4554 qulbus
1319 4491 1393 4553 longo
1406 4503 1453 4539 usu
1462 4490 1630 4545 assueremt,
1647 4487 1758 4537 vicerunt
1765 4525 1774 4550 ,

1003 4598 1029 4647 et
1055 4592 1157 4643 sabinus
1182 4589 1301 4640 luderunt
1328 4588 1505 4651 bigarumque,
1530 4597 1664 4647 eorumque
1687 4585 1777 4634 milites

1004 4696 1122 4762 fugientes
1133 4692 1165 4743 ad
1180 4694 1260 4741 eastra
1276 4701 1375 4752 sparsos
1388 4691 1414 4737 et
1425 4689 1519 4737 nullum
1529 4685 1638 4734 ordinem
1651 4688 1777 4736 servantes

1003 4809 1018 4846 e
1038 4792 1140 4855 vetigia
1158 4790 1302 4853 sequentes,
1325 4784 1418 4834 caedem
1440 4794 1552 4846 magnam
1566 4780 1690 4832 lecerunt.
1704 4781 1778 4832 Potiti

1004 4893 1086 4940 autem
1103 4891 1128 4938 et
1145 4886 1205 4950 ipsis
1221 4883 1308 4934 castris
1322 4881 1446 4931 variarum
1461 4891 1545 4928 rerum
1560 4875 1653 4941 plenis,
1664 4878 1689 4928 et
1703 4890 1776 4929 recu-

1004 4986 1096 5053 peratis
1107 4982 1220 5048 captivis,
1231 4993 1294 5043 quoa
1309 4976 1391 5028 Sabini
1405 4976 1429 5026 in
1443 4975 1641 5040 pabulationibus
1655 4977 1776 5039 oeperunt,

1007 5083 1108 5133 domum
1119 5077 1253 5130 redierunt.
1265 5077 1313 5125 lies
1324 5072 1399 5137 igitur
1405 5084 1468 5134 quas
1477 5084 1521 5121 rex
1535 5070 1581 5120 iste
1591 5069 1685 5120 militie
1693 5068 1777 5134 gessit,

1007 5182 1034 5230 et
1051 5189 1108 5240 qua
1123 5171 1263 5226 attnmmia
1274 5166 1436 5232 scriptoribus
1447 5166 1573 5218 memoriae
1592 5170 1649 5216 sunt
1661 5165 1776 5231 prodite.
