4034 5922
272 419 293 479 δ

792 429 963 492 DlONYSll
988 433 1370 501 HALlCAbNASSENSlS

271 570 330 615 τους
343 547 491 630 έλευθίρους
503 553 617 621 οἰκιστάς
626 556 778 632 εὑρομένης·
791 560 820 616 ού
833 557 866 617 δι’
876 560 1048 622 εάσίόειανδλ
1101 575 1184 639 risque
1205 577 1340 631 virtutibus
1360 580 1392 630 ad
1407 582 1517 633 omnium
1535 586 1666 650 imperium
1683 554 1802 652 temporis
1814 605 1875 654 pro·

270 636 316 697 καῖ
330 638 498 712 δικαιοσύνην
511 641 556 699 καῖ
568 641 616 713 τὴν
630 642 713 714 ἀλλην
719 645 823 723 ιάρετὴν
838 648 882 706 ε’πὶ
893 648 940 718 τλν
956 651 1041 710 ἀπάν·

271 747 324 784 των
337 729 480 802 ἡγεμονίαν
496 727 542 786 σὺν
559 729 646 810 χρόνῳ
658 733 855 809 παρελθούσης,
868 736 935 794 ἀλλά
952 736 985 795 δι’
1000 741 1047 797 αθ-

1100 698 1186 747 gressu
1199 691 1315 749 prouecta
1330 689 1376 750 ait,
1390 692 1433 741 sed
1445 694 1619 757 msuquodam
1637 699 1664 748 et
1675 697 1807 762 Iniquitate
1825 701 1878 751 tor·

272 812 510 890 superaspersus
528 816 575 875 καί
593 817 676 896 τύχην
691 817 781 878 ἀδικον
807 824 867 894 εἰκῆ
881 824 1047 904 δωρουμένην
1100 798 1184 857 umoe'
1203 810 1261 860 (ΨΒ
1283 799 1390 850 mim
1406 801 1470 852 Μ
1488 803 1628 855 h⁰¹¹¹i¹¹ib¹¹³
1650 805 1825 870 mmm
1838 813 1876 862 ¹⁶·

232 922 244 959 ti
271 908 306 966 τά
338 908 451 987 μέγιστα
486 911 538 967 τῶν
565 912 671 988 ἀγαθῶν
702 915 756 978 τοῖς
786 914 1046 988 ἀνεπιτηδειοτάτοις.

273 994 329 1054 Καὶ
343 993 398 1074 οῖγε
413 996 615 1077 κακοηθέστεροι
637 1003 793 1080 κατηγορεῖν
808 1001 915 1065 εἰώθασι
928 1008 975 1077 τῆς
999 1007 1046 1068 τύ.

271 1105 323 1162 χης
336 1084 403 1142 κατά
426 1084 456 1143 rb
479 1084 606 1164 φανερὸν,
621 1088 656 1153 ώς
673 1086 813 1169 βαρύάρων
828 1098 884 1157 τοῖς
897 1096 1046 1173 πονηροτά-

271 1194 326 1237 τοις
340 1172 373 1230 τά
390 1175 442 1229 τῶν
457 1170 594 1244 Ἐλλήνων
608 1176 780 1252 ποριζομένης
794 1179 890 1257 ἀγαθά.
951 1183 1006 1242 Καὶ
1019 1183 1046 1241 τί

270 1261 309 1318 δεῖ
322 1259 446 1323 περὶτῶν
461 1259 549 1319 ἀλλων
573 1259 673 1339 λέγειν;
697 1261 762 1323 ὅπου
784 1288 814 1342 γε
840 1267 885 1324 καὶ
908 1270 959 1326 τῶν
978 1286 1045 1348 συγ-

218 1376 243 1413 to
269 1347 388 1428 γραφέων
412 1347 480 1415 τινὶς
504 1347 653 1425 ἔτόλμηααν
678 1352 704 1408 έν
730 1361 788 1420 ταῖς
810 1355 936 1435 ἱστορίαις
960 1363 1044 1416 ταῦτα

268 1436 416 1517 γράψαντες
435 1436 611 1509 καταλιπεῖν,
631 1441 769 1516 βασιλεῦσι
784 1440 925 1523 βαρόάροις
939 1451 1045 1521 μισοῦσι

271 1527 319 1598 τὴν
347 1524 507 1603 ἠγεμονίαν,
529 1514 567 1591 οῖς
583 1524 745 1593 δουλεύοντες
771 1530 844 1589 αὐτοὶ
866 1531 911 1589 καὶ
925 1534 959 1590 τά
984 1533 1043 1593 καθ’

269 1614 522 1688 ἡδονάςθμιλοῖντες
538 1611 702 1691 διετέλεσαν,
716 1613 774 1672 ούτε
789 1614 892 1684 δικαίας
909 1616 962 1676 οὔτ’
977 1620 1044 1692 ἀλη-

268 1709 319 1769 θεῖς
330 1702 448 1782 ἱστορίας
468 1700 649 1781 χαριζόμενοι.

213 1811 238 1851 ta
307 1791 343 1849 V.
365 1788 472 1856 Ταύτας
485 1788 517 1861 δὴ
537 1788 584 1856 τδς
605 1790 829 1867 πεπλανημένας,
844 1790 933 1873 ὥσπερ
960 1794 1041 1877 ἔφην,

267 1877 411 1956 ὑπολήψεις
425 1876 558 1945 ἐξελέσθαι
574 1882 621 1949 τῆς
635 1877 750 1945 διανοίας
761 1882 814 1938 τῶν
829 1882 933 1940 πολλῶν
947 1906 1042 1963 προαι-

266 1965 408 2045 ρούμενος,
434 1967 479 2022 καὶ
502 1964 759 2023 ἀντικατασκευάσαι
781 1966 827 2032 τάς
850 1969 965 2041 ἀληθεῖς,
982 1971 1043 2048 περὶ

268 2054 315 2131 μέν
330 2059 382 2114 τῶν
398 2052 552 2114 οἰκισάντων
566 2058 615 2125 την
628 2052 716 2130 πόλιν,
733 2051 824 2120 οἵτινες
836 2045 903 2126 ἦσαν
915 2057 959 2116 καί
970 2057 1039 2116 κατά

263 2143 335 2210 τίνες
348 2141 454 2201 ἔκαστοι
469 2140 575 2220 καιροὺς
589 2143 716 2212 συνῆλθον
734 2144 780 2200 καὶ
797 2141 850 2200 τίσι
865 2141 959 2222 τύχαις
973 2167 1041 2224 χρη·

210 2250 238 2287 τυ
264 2233 374 2307 σύμενον
395 2229 442 2296 τάς
467 2228 593 2307 πατρίους
619 2228 733 2300 οἰκήσεις
757 2228 887 2303 ἐξέλιπον,
911 2234 937 2289 ἐν
956 2231 1040 2309 ταύτῃ

264 2318 377 2391 δηλώσω
390 2320 423 2396 τῇ
438 2321 543 2396 γραφῇ,
565 2314 599 2374 δι’
610 2307 641 2388 ἧς
663 2311 798 2389 Ἕλληνάς
817 2319 842 2376 τ’
857 2316 951 2384 αὑτοὺς
966 2318 1041 2386 όντας

265 2406 401 2474 ἐπιδείξειν
416 2408 595 2485 ὑπισχνοῦμαι
610 2404 655 2463 καί
678 2406 725 2463 οὑκ
748 2406 778 2463 ἐκ
793 2407 844 2464 τῶν
860 2407 1007 2484 ἐλαχίστων
1022 2408 1039 2480 ἢ

266 2493 438 2576 φαυλοτάτων
460 2494 540 2552 ἐθνῶν
565 2493 781 2562 συνεληλυθότας.
828 2493 893 2573 Περί
923 2495 950 2553 δὲ
987 2501 1038 2555 τῶν

264 2582 396 2662 πράξεων,
415 2582 446 2649 ἀς
460 2580 526 2659 μετά
541 2580 585 2639 τδν
606 2580 726 2657 οῖκισμδν
743 2581 835 2648 εάθέως
859 2584 1038 2657 ἀπεδείξαντο,

209 2687 236 2727 ετ
263 2671 384 2750 καὶπερὶ
403 2675 456 2729 τῶν
480 2669 716 2747 ἐπιτηδευμάτων,
733 2669 759 2739 t}
784 2662 821 2728 ὧν
843 2673 880 2735 είς
903 2673 1034 2745 τοσαύτην

264 2756 406 2837 ἡγεμονίαν
425 2758 557 2838 προῆλθον
576 2760 600 2815 oi
619 2762 678 2833 μετ’
705 2756 810 2830 αὐτοὺς,
835 2760 888 2819 ἀπὸ
908 2764 955 2832 τῆς
971 2760 1038 2833 μετά

264 2844 363 2917 ταύτην
379 2843 522 2924 ἀρξάμενος
537 2848 689 2926 ἀναγραφῆς
705 2845 897 2925 ἀφηγήσομαι,
921 2851 1036 2929 παραλι-

262 2932 319 2994 πών
334 2930 406 2991 οὐδέν
424 2932 474 3004 όση
496 2949 540 3007 μοι
562 2930 671 3009 δύναμις
685 2936 737 2992 τῶν
752 2932 830 3001 ἀξίων
849 2933 978 3013 ἱστιρίας,
994 2932 1037 2993 ἱνα

261 3028 316 3089 τοῖς
330 3025 443 3100 μαθοῦσι
456 3020 505 3092 τὴν
520 3019 644 3093 ἀλήθειαν
664 3019 681 3079 ἀ
695 3021 823 3101 προσήκει
837 3022 898 3100 περί
920 3025 967 3093 τῆς
987 3022 1038 3082 πό-

207 3123 236 3164 to
265 3111 329 3176 λεοις
353 3110 434 3182 τῆσδε
460 3113 584 3189 παραστῇ
608 3112 725 3190 φρονεῖν,
757 3111 779 3168 ei
804 3108 842 3186 μὴ
870 3110 1037 3170 παντάπασιν

261 3202 357 3278 ἀγρίοις
370 3197 416 3256 καὶ
426 3199 559 3274 δυσμενῶς
573 3197 716 3257 διάκεινται
730 3198 794 3276 πρὸς
806 3197 903 3271 αὐτὴν,
916 3199 961 3256 καὶ
973 3198 1038 3275 μήτ’

261 3287 386 3367 ἄχθεσθαι
405 3290 438 3362 τῇ
457 3284 577 3354 ὑποτάξει
606 3284 674 3344 κατά
693 3284 723 3344 τδ
745 3287 813 3352 εἰκὸς
831 3286 972 3364 γενομένη·
988 3287 1036 3364 φύ-

217 3448 222 3455 ⁴
260 3399 327 3441 σεως
340 3376 391 3454 γδρ
406 3375 437 3447 δὴ
448 3374 526 3452 νόμος
546 3373 630 3432 ἅπασι
644 3373 740 3449 κοινὸς,
755 3374 783 3432 δν
799 3374 880 3442 οὐδεὶς
894 3375 1037 3433 καταλύσει

260 3463 367 3544 χρόνος,
393 3463 484 3542 άρχειν
510 3463 552 3521 ἀεῖ
568 3466 621 3521 τῶν
649 3462 764 3534 ἡττόνων
786 3460 846 3528 τοὺς
871 3462 1037 3541 κρείττονας·

206 3571 234 3612 τε
262 3550 330 3626 μήτε
345 3551 498 3629 κατηγόρεῖν
512 3556 559 3623 τῆς
574 3550 665 3631 τύχης,
683 3554 720 3617 ὡς
742 3552 791 3609 οὐκ
808 3549 947 3630 ἐπιτηδείῳ
961 3550 1036 3610 πόλει

260 3726 462 3808 δωρησαμένης·
478 3732 592 3804 μαθοῦσί
606 3749 635 3804 γε
650 3726 681 3797 δὴ
699 3724 773 3804 παρά
788 3729 834 3797 τῆς
852 3725 978 3807 ἱστορίας,
997 3728 1037 3785 θ’τι

263 3815 356 3898 μυρίας
372 3815 479 3893 ἤνεγκεν
497 3816 596 3893 ἀνδρῶν
623 3814 716 3891 ἀρετάς
732 3813 805 3881 εὐθὺς
818 3813 845 3883 ti
860 3816 944 3895 ἀρχῆς
969 3815 1036 3892 μετά

260 3910 306 3969 τὸν
320 3904 449 3981 οἰκισμὸν,
460 3894 496 3963 ῶν
510 3902 563 3963 οὔτ’
578 3901 775 3983 εὑσεὸεστίρους
784 3902 843 3962 οὔτε
862 3904 1037 3983 δικαιοτέρους

206 4019 233 4058 qo
260 3997 320 4051 οὔτε
334 3992 488 4073 σωφροσύνη·Ι
503 3992 603 4051 πλείονι
621 3991 695 4073 παρά
708 3992 796 4051 πάντα
811 3991 854 4051 τὸν
868 3991 923 4070 βίον
935 4015 1036 4071 χρησα·

263 4080 352 4146 μένους
374 4079 433 4137 οὐδέ
458 4103 488 4157 γε
502 4080 535 4138 τά
553 4081 668 4157 πολέμια
683 4079 814 4160 κρείττους
828 4078 973 4157 ἀγωνιστάς
987 4082 1035 4138 οὗ·

260 4169 337 4227 ἀευία
356 4165 429 4234 πόλις
442 4168 549 4247 ἤνεγκεν
561 4168 620 4228 οὔτε
630 4169 725 4235 Ἑλλάς
738 4172 797 4227 οὑει
810 4166 954 4251 βάρόαρφρ,
969 4167 1034 4242 εἱδὴ

260 4258 425 4316 ἀπέσταιτοῖι
433 4254 547 4331 λόγουτὸ
554 4258 704 4338 ἐπίφθονον·
713 4258 767 4337 ἔχει
777 4254 827 4335 γάρ
836 4278 861 4313 τι
869 4255 913 4313 καὶ
920 4260 1034 4315 τοιοῦτον

259 4348 277 4416 ἦ
291 4346 342 4401 τῶν
357 4341 511 4422 παραδόξων
526 4343 571 4401 καὶ
583 4349 741 4415 θαυμαστῶν
760 4343 911 4422 ὑπόσχεσις.
953 4346 988 4403 Oi
1007 4345 1035 4405 δέ

204 4459 231 4501 tt
260 4432 410 4508 σύμπαντες
425 4433 449 4489 οἱ
462 4435 570 4489 τοσοῦτο
590 4434 735 4513 περιθέντες
748 4434 814 4510 αὑτῇ
828 4430 979 4498 δυναστείας
987 4432 1033 4509 με’·

206 4546 210 4555 ’
258 4525 331 4599 γεθος
351 4522 502 4600 ἀγνοοῦνται
521 4518 583 4598 πρδτ
607 4517 804 4594 Ἑλλήνων,οά
823 4519 945 4598 τυχόντες
961 4520 1033 4589 ἀξιο-

258 4608 336 4681 λόγου
351 4606 532 4688 συγγραφέως.
575 4607 695 4684 Ούδεμία
708 4607 759 4687 γάρ
770 4605 881 4688 ἀκριόὴς
898 4606 1034 4677 ἐξελήλυθε

1100 921 1167 959 mere
1196 910 1323 974 largiatur.
1355 916 1437 976 Atque
1468 914 1624 979 maligniores
1658 918 1879 987 iortuuamnperte

1100 1029 1209 1079 incusare
1219 1028 1309 1087 solent,
1324 1028 1391 1092 quod
1400 1032 1556 1096 nequissimis
1568 1032 1679 1085 barbaris
1697 1037 1761 1086 bonu
1778 1038 1879 1089 Graeco·

1099 1150 1155 1186 rum
1169 1137 1272 1187 dederit.
1305 1138 1353 1189 Sed
1362 1138 1423 1203 quid
1436 1154 1499 1203 opus
1507 1146 1546 1192 est
1555 1141 1617 1193 alios
1625 1150 1782 1196 memorare?
1793 1159 1875 1209 quau·

1099 1246 1232 1309 doquidem
1241 1246 1314 1297 ctiam
1326 1260 1409 1297 rerum
1420 1249 1553 1314 scriptores
1566 1252 1677 1303 nonnulli
1689 1254 1744 1304 ausi
1754 1256 1876 1306 suutlraee

1099 1357 1123 1406 in
1139 1356 1250 1406 historiis
1264 1356 1356 1421 scripta
1364 1357 1510 1424 relinquere,
1526 1360 1637 1412 barbaris
1648 1364 1754 1427 regibus.
1766 1366 1810 1429 qui
1825 1369 1877 1417 lto·

1098 1480 1227 1518 manorum
1241 1467 1371 1532 imperium
1384 1469 1499 1533 oderunt,
1524 1472 1569 1536 ipsi
1592 1473 1727 1525 servientes
1743 1476 1814 1526 etad
1830 1490 1877 1526 vo·

1098 1577 1216 1627 iuntatem
1228 1577 1393 1642 historiasque
1410 1592 1491 1643 usque
1512 1580 1589 1631 iustas
1601 1596 1683 1647 neque
1704 1597 1774 1635 veras
1795 1585 1876 1636 ineo·

1097 1698 1153 1734 rum
1167 1684 1270 1748 gratiam
1283 1690 1468 1750 componentes.

1129 1795 1159 1844 v,
1179 1793 1241 1843 Gom
1251 1793 1325 1857 igitur
1342 1794 1388 1844 bas
1400 1795 1475 1846 salsas
1489 1796 1739 1862 (utdixi)opinioues
1751 1799 1876 1850 exanimis
1940 1834 1945 1843 ·

1097 1892 1235 1942 multorum
1255 1894 1328 1945 uelim
1341 1895 1461 1955 evellere,
1479 1900 1504 1948 et
1523 1911 1594 1948 veras
1608 1898 1634 1947 iu
1645 1912 1732 1949 aarum
1744 1899 1828 1951 locum
1840 1902 1875 1951 in-

1097 1998 1188 2048 serere,
1202 1987 1234 2037 de
1245 1988 1313 2038 urbis
1327 1989 1505 2041 conditoribus.
1521 1991 1622 2055 quinum
1633 1992 1730 2057 tuemut,
1742 1997 1768 2044 et
1780 1994 1873 2058 quibus

1097 2079 1184 2143 singuli
1204 2081 1355 2145 temporibus
1374 2084 1544 2138 convenerint.
1564 2088 1588 2134 ct
1604 2085 1696 2148 quibua
1714 2088 1761 2137 acti
1776 2087 1874 2138 casibus

1096 2174 1189 2235 patrias
1198 2173 1270 2223 sedes
1278 2173 1430 2237 reliquerint,
1442 2175 1465 2224 iu
1479 2175 1527 2225 hoc
1539 2175 1604 2225 libro
1617 2176 1749 2228 declarabo
1764 2196 1770 2227 ι
1785 2178 1809 2227 iu
1823 2193 1874 2243 quo

1095 2262 1212 2326 polliceor
1229 2276 1270 2314 me
1287 2269 1516 2315 demonstraturum
1530 2279 1574 2316 ecs
1591 2270 1617 2317 et
1638 2268 1739 2319 Graecos
1759 2269 1835 2320 inisse
1848 2273 1874 2321 ct

1095 2376 1126 2413 ex
1149 2362 1261 2426 gentibus
1282 2363 1349 2413 haud
1367 2362 1474 2414 minimis
1496 2368 1541 2415 aut
1563 2365 1692 2417 vilissimis
1718 2368 1872 2419 convenisse.

1094 2457 1142 2506 Itos
1152 2468 1212 2504 uero
1223 2469 1286 2517 quas
1297 2455 1380 2505 statius
1395 2455 1426 2504 ab
1439 2455 1500 2506 urbe
1514 2457 1612 2507 condita
1626 2462 1763 2520 gesserunt,
1776 2462 1802 2510 ei
1812 2463 1869 2511 stu·

1094 2552 1134 2602 dia
1146 2566 1190 2616 per
1198 2566 1255 2616 quae
1267 2566 1352 2602 eorum
1367 2553 1459 2615 posteri
1470 2554 1502 2602 ad
1514 2554 1608 2604 tautam
1616 2554 1711 2619 imperii
1727 2556 1868 2620 amplitudi-

1095 2658 1150 2696 nem
1162 2646 1283 2709 progressi
1303 2648 1375 2707 sunt‚
1386 2644 1443 2696 inde
1455 2645 1486 2694 ab
1508 2645 1645 2708 insequenti
1666 2646 1728 2697 libro
1748 2650 1872 2700 narrabo:

1093 2736 1152 2785 uitril
1167 2741 1287 2801 quantum
1312 2737 1337 2786 in
1361 2750 1400 2785 me
1416 2737 1463 2786 erit
1483 2740 1596 2787 omittens
1616 2750 1702 2788 eorum
1723 2752 1780 2804 qoae
1801 2739 1874 2804 digna

1093 2831 1151 2877 sunt
1173 2841 1230 2892 quae
1245 2828 1353 2878 historie
1366 2828 1512 2879 mandentur
1528 2846 1534 2878 ε
1561 2833 1591 2879 ut
1613 2829 1753 2880 homiuibus
1768 2831 1873 2882 veritate

1093 2922 1188 2984 cognita
1216 2923 1240 2971 in
1265 2925 1373 2972 mentem
1392 2922 1472 2972 ueniat
1490 2936 1547 2986 quse
1561 2935 1604 2986 par
1622 2926 1660 2972 est
1689 2921 1720 2973 de
1743 2922 1790 2973 hac
1810 2922 1873 2974 civi·

1092 3016 1141 3064 tate
1155 3013 1260 3073 sentire,
1278 3012 1325 3062 nisi
1344 3013 1425 3062 auimo
1447 3013 1543 3076 penitus
1556 3026 1623 3062 sero
1636 3017 1661 3064 et
1674 3011 1757 3062 hostili
1778 3013 1803 3062 in
1817 3026 1872 3064 eant

1093 3108 1155 3167 sint,
1168 3121 1247 3171 neque
1259 3107 1349 3157 iusum
1367 3108 1511 3158 servitutem
1529 3107 1635 3157 moleste
1646 3107 1709 3157 terre
1726 3105 1794 3167 (δυο
1806 3107 1872 3159 euim

1092 3199 1133 3251 lex
1151 3204 1245 3250 naturas
1262 3198 1377 3249 omuibus
1394 3199 1586 3260 communisset,
1608 3212 1681 3263 quam
1695 3198 1790 3248 nubum
1808 3201 1872 3249 tem-

1092 3303 1139 3354 pus
1150 3290 1276 3350 abolebit.
1296 3292 1438 3355 superiores
1457 3289 1609 3340 interioribus
1633 3291 1769 3354 imperare)
1791 3302 1872 3355 nequo

1093 3383 1217 3433 torinnam
1232 3385 1363 3445 incusare,
1375 3382 1446 3445 quasi
1459 3381 1565 3446 iudiguae
1584 3381 1677 3432 deitati
1690 3384 1786 3432 tantum
1805 3384 1870 3433 ῑουι·

1091 3488 1141 3538 que
1149 3475 1294 3525 diuturnum
1309 3475 1438 3538 imperium
1449 3475 1525 3540 gratis
1538 3475 1634 3526 dederit
1649 3494 1656 3525 ε
1677 3474 1726 3526 boc
1743 3474 1871 3525 saltemcx
1957 3493 1961 3499 ·

1092 3565 1144 3629 ipsa
1165 3563 1268 3614 historia
1284 3563 1395 3626 edoctis,
1408 3565 1475 3628 quod
1495 3562 1551 3615 lenc
1565 3564 1629 3615 orbs
1650 3563 1797 3626 simulatque
1817 3564 1868 3627 pri·

1093 3670 1160 3705 mum
1175 3659 1215 3706 est
1231 3656 1329 3707 condita
1349 3657 1452 3721 protulit
1472 3658 1599 3707 sexcentas
1618 3656 1724 3705 virtutes
1744 3655 1869 3716 virorum,

1092 3749 1184 3816 quibus
1195 3764 1241 3801 nec
1251 3752 1352 3815 pietate,
1365 3764 1412 3801 uec
1422 3750 1514 3800 institia
1524 3764 1571 3800 uec
1585 3751 1705 3814 perpetua
1713 3762 1757 3812 per
1770 3760 1871 3799 omnem

1091 3845 1167 3895 vitam
1181 3845 1343 3908 temperantia
1357 3845 1549 3907 prestantiores,
1575 3857 1604 3892 uc
1624 3855 1655 3891 ue
1672 3842 1747 3891 rebus
1765 3841 1868 3905 quidem

1091 3937 1185 3988 bellicis
1207 3937 1321 3988 tortiores
1335 3937 1385 3987 ulla
1406 3949 1514 4000 uuquam
1536 3935 1624 3985 civitas
1644 3936 1688 3983 aut
1707 3934 1794 3983 draca
1823 3934 1869 3983 aut

1090 4029 1193 4081 barbara
1201 4031 1267 4089 tulit.
1284 4030 1349 4081 absit
1365 4029 1441 4080 verbo
1458 4027 1549 4079 invidia
1564 4027 1782 4091 :pollicitationem
1802 4024 1869 4076 euim

1090 4137 1174 4174 rerum
1194 4137 1251 4188 quas
1265 4135 1361 4172 omnem
1382 4134 1451 4186 paene
1475 4120 1549 4171 sidem
1567 4121 1684 4183 superant
1705 4117 1868 4183 atqueadmi·

1090 4214 1175 4266 raudo
1200 4217 1258 4265 suut
1282 4214 1364 4264 nescio
1390 4213 1452 4276 quid
1478 4212 1596 4264 eiusmodi
1620 4213 1761 4262 conritatur.
1805 4210 1869 4260 Uni·

1088 4309 1157 4359 versi
1177 4320 1251 4368 vero,
1265 4306 1309 4369 qui
1330 4319 1385 4356 eam
1404 4305 1435 4354 ad
1450 4308 1544 4355 numm
1567 4304 1663 4368 imperii
1677 4300 1867 4366 amptitudinem

1088 4407 1265 4469 provexerunt,
1280 4402 1346 4467 quod
1356 4400 1503 4452 historicum
1521 4399 1644 4449 celebrem
1660 4399 1725 4448 nacti
1745 4411 1793 4447 uon
1806 4401 1867 4446 sont

1088 4497 1211 4554 aGrtocis
1232 4497 1383 4560 ignorantur.
1415 4493 1486 4544 Nulla
1515 4491 1582 4543 euim
1601 4490 1633 4540 de
1654 4490 1684 4539 iis
1709 4490 1796 4540 Graeoa
1815 4485 1867 4537 his·

1089 4594 1152 4645 toria
1169 4597 1283 4645 accurate
1297 4592 1389 4655 scripta
1400 4591 1432 4642 ad
1442 4594 1527 4640 nostra
1543 4602 1623 4654 usque
1647 4591 1759 4650 tempora
1779 4585 1804 4634 iu
1825 4584 1869 4634 lu·

258 4702 318 4767 περὶ
340 4697 426 4754 αὐτῶν
441 4695 566 4767 Ἑλληνίς
586 4694 689 4774 ἱστορία
713 4698 791 4776 μέχρι
812 4700 863 4756 τῶν
879 4698 941 4755 καθ’
962 4700 1034 4771 ἠμάς
1088 4706 1142 4744 θθῐῐ·
1165 4691 1271 4756 imiimi
1289 4692 1380 4754 l’mter
1400 4687 1515 4754 (diffidam
1532 4685 1692 4750 ⁰⁰¹⁰&sser
1714 4697 1791 4747 eaque
1808 4696 1868 4746 pcr-

256 4805 370 4862 χρονων,
383 4785 423 4843 ότι
437 4786 474 4861 μὴ
486 4784 673 4859 κεφαλαιώδεις
681 4785 804 4861 ῖπιτομαὶ
816 4787 884 4844 πάνυ
898 4785 1031 4865 βραχεῖαι,

201 4896 231 4935 ευ
297 4872 348 4936 VI.
365 4872 468 4953 πρώτου
488 4873 553 4950 μέν,
569 4871 618 4933 ὅσα
639 4871 709 4949 κάμέ
724 4874 830 4945 εῖδίναι,
844 4873 892 4946 τὴν
907 4872 1032 4948 Ῥωμαῖ-

258 4961 307 5032 κιλν
324 4961 512 5042 ἀρχαιολογίαν
526 4960 714 5040 ἐπιδραμόντος
731 4959 887 5039 Ἱερωνύμου
902 4966 946 5019 τοῦ
960 4964 1032 5041 Καρ-

258 5049 347 5106 διανοῦ
376 5048 560 5129 συγγραφέως,
590 5051 615 5107 ῖν
644 5051 677 5126 τῇ
708 5049 769 5127 περὶ
795 5050 847 5107 τῶν
882 5048 1030 5126 Ἐπιγόνων

256 5136 442 5216 πραγματείᾳ·
465 5135 555 5195 ίπειτα
569 5132 686 5208 Τιμαίου
699 5139 745 5194 τοῦ
760 5134 920 5195 Σικελιώτου
933 5134 967 5194 τά
982 5135 1030 5214 μὲν

1086 4791 1180 4843 brevia.

1117 4891 1161 4939 vl.
1192 4892 1227 4939 ito
1248 4887 1342 4952 primus
1363 4884 1430 4947 quod
1456 4882 1571 4948 equidem
1599 4882 1675 4932 sciam
1701 4880 1867 4944 llierouyrnus

1086 5007 1222 5060 Cardianus
1241 5005 1375 5057 historicus
1401 5007 1523 5054 Romanas
1544 5001 1702 5067 antiquitates
1722 4999 1747 5049 iu
1770 5002 1863 5065 Epigo-

1085 5128 1174 5167 uorum
1196 5111 1301 5163 historia
1318 5110 1427 5162 breuiter
1444 5108 1587 5174 perstrinxit
1610 5126 1617 5155 ι
1641 5106 1729 5157 deinde
1754 5105 1865 5156 Timaeus

256 5225 357 5304 ἀρχαῖα
370 5227 422 5283 τῶν
438 5224 557 5304 ἱστοριῶν
581 5225 608 5282 έν
621 5231 678 5291 τοῖς
700 5223 797 5290 κοιναῖς
811 5222 935 5302 ἱστορίαις
957 5225 1029 5303 ἀφη-
1085 5227 1183 5281 Siculus
1205 5237 1247 5278 raa
1271 5226 1370 5290 quidem
1395 5224 1488 5289 priscas
1516 5219 1647 5272 universali
1669 5218 1771 5270 historia
1791 5230 1860 5267 com·
