4088 5936
226 406 289 468 220
757 410 924 473 DlONYSll
946 413 1328 476 flaulcattrmssmtsls

230 566 243 591 ι
255 549 360 618 κτῆσιν,
381 545 410 603 οὗ
424 538 478 614 τλν
488 542 634 623 θμετίραν·
649 542 740 623 ὥσπερ
761 567 790 623 γε
813 544 860 605 καὶ
877 545 922 606 τὸν
937 548 1010 608 πάπ-

228 655 242 679 ε
256 652 305 688 πον
319 634 393 705 ὑμῶν
408 632 563 709 παρήγαγον
577 631 621 690 ἐπὶ
635 629 668 689 ri
684 632 842 712 πράγματα,
859 634 929 705 ξένον
945 637 1008 697 ὄντα

228 745 240 765 ·
255 720 299 776 καί
314 719 387 777 οὐδὲν
402 720 569 799 προσήκοντα
587 724 626 799 τῷ
638 721 759 802 προτέρῳ
774 725 894 801 βασιλεῖ·
919 726 1006 785 καίτοι

226 807 349 873 «παῖδάς
372 829 403 883 γε
428 808 569 888 [ἄρρενας]
584 803 677 887 Ἄγκος
691 812 811 890 Μάρκιος
841 816 855 870 ὁ
884 814 1008 892 βασιλεὺς

185 914 199 951 ε
226 893 393 953 «κατέλιπεν
414 897 595 970 ἀκμάζοντας,
623 898 674 977 οὐχ
696 898 802 966 υἱωνοὺς
831 899 878 959 καλ
899 902 1008 976 νηπίους

224 1008 237 1036 ε
252 980 342 1060 ὥσπερ
357 987 426 1061 ὑμᾶς
437 984 592 1063 Ταρκύνιος.
638 989 672 1047 Ei
684 987 712 1045 δέ
727 990 811 1056 κοινδς
826 990 950 1051 ἁπάντων
962 993 1008 1051 νό-

226 1099 238 1123 ε
253 1096 300 1148 μσς
313 1065 357 1145 ἦν,
378 1072 438 1140 τοὺς
453 1073 653 1154 διαδεχομένους
678 1075 727 1148 τήν
747 1101 776 1136 τι
789 1077 878 1138 ούσίαν
905 1080 951 1140 καὶ
973 1081 1007 1140 τὰ

177 1190 180 1195 ·
226 1187 238 1211 r
252 1160 381 1241 χρήματα
394 1165 446 1220 τῶν
459 1163 618 1223 ἐκλιπόντων
634 1164 775 1243 βασιλέων,
788 1163 836 1226 σδν
848 1166 949 1234 τούτοις
961 1168 1007 1228 καλ

225 1275 239 1308 ν
253 1250 299 1318 τδς
316 1252 452 1329 βασιλείας
466 1256 552 1312 αὐτῶν
565 1254 803 1335 παραλαμόάνειν,
822 1259 870 1316 οὐκ
885 1259 916 1316 διν
930 1260 1005 1338 Ταρ-

171 1359 196 1397 m
224 1367 236 1391 ε
253 1338 337 1405 κόνιος
360 1340 498 1409 θποίππος
523 1344 597 1418 ὑμῶν
619 1341 666 1413 τὴν
691 1346 834 1422 ἠγεμονίαν
854 1346 1005 1421 παρέλαθεν

225 1422 347 1503 «Ἄγκου
369 1431 588 1501 τελευτήσαντος,
619 1431 710 1490 ἀλλ’ὁ
744 1441 922 1514 πρεσθύτιρος
953 1438 1005 1493 τῶν

223 1541 236 1566 ε
251 1516 350 1574 ἐκείνου
368 1515 480 1576 παίδων.
524 1515 594 1576 Ἀλλ’
609 1521 623 1576 ό
637 1519 745 1595 δήμοςό
760 1518 904 1596 Ῥωμαίων
916 1522 946 1581 ού
960 1520 1005 1580 τὸν

223 1631 236 1656 ε
251 1604 372 1683 διάδοχον
384 1611 430 1664 τοῦ
441 1605 552 1685 πατρὸς,
563 1607 632 1665 ἀλλά
652 1607 697 1665 τὸν
714 1608 784 1677 ἀξιον
796 1613 842 1680 τῆς
854 1612 938 1691 ἀρχῆς
958 1611 1003 1668 ἐπὶ

227 1721 240 1745 ι
254 1694 287 1752 ri
301 1694 447 1773 πράγματα
462 1695 566 1754 ἐκάλει·
583 1699 675 1773 ἡγεῖτο
695 1694 746 1777 γδιρ
767 1696 799 1756 td
815 1697 863 1775 μέν
878 1698 1005 1779 χρήματα

169 1806 194 1846 ts
225 1810 237 1836 e
254 1786 306 1842 τῶν
320 1783 493 1861 κτησαμένων
510 1774 587 1865 εῖναι,
602 1784 650 1855 τήν
664 1782 692 1843 δέ
707 1785 845 1859 βασιλείαν
856 1792 910 1847 τῶν
924 1788 1004 1846 δεδω·

222 1898 234 1922 r
250 1870 349 1929 κόπων·
361 1872 406 1929 καὶ
419 1870 454 1928 rit
471 1870 530 1944 μὲν,
547 1870 610 1931 όταν
624 1895 650 1929 τι
668 1871 785 1931 πάθωσιν
800 1876 824 1932 οῖ
839 1874 932 1954 κύριοι,
946 1875 1006 1944 τοὺς

223 1958 318 2018 exuri
340 1958 414 2037 γένος
432 1958 449 2031 i,
470 1961 541 2019 κατὰ
565 1959 690 2030 διαθήκας
705 1961 843 2040 διαδόχους
860 1961 1004 2041 προσήκειν

223 2075 234 2101 ε
249 2048 489 2128 παραλαμόάνειν,
503 2046 551 2121 τὴν
565 2048 592 2107 δέ
607 2048 669 2108 ὅταν
689 2048 831 2109 ἐκλίπωσιν
845 2054 869 2109 οῖ
881 2048 1005 2119 λαθόντες

222 2135 305 2204 ιτοδς
322 2138 467 2205 δεδωκότας
488 2137 572 2218 ἔχειν·
594 2140 618 2197 ei
633 2137 671 2215 μή
696 2162 722 2197 τι
737 2143 852 2199 τοιοῦτον
867 2138 936 2219 ἐχεις
964 2142 1004 2199 δι-

167 2245 194 2285 m
222 2252 234 2276 α
249 2225 358 2302 καίωμα
372 2226 470 2304 φέρειν,
491 2224 531 2284 ότι
553 2223 602 2297 τήν
615 2225 752 2305 βασιλείαν
767 2230 781 2285 δ
795 2229 904 2296 πάππος
928 2232 1002 2305 ὑμῶν

222 2341 236 2365 s
253 2312 296 2371 ἐπὶ
312 2316 398 2393 ῥητοῖς
423 2338 476 2374 τισι
499 2312 668 2395 παρέλαθεν,
683 2314 752 2375 ὥστε
771 2318 818 2376 καὶ
834 2318 911 2385 αὐτὸς
931 2316 1002 2397 ἔχειν

222 2400 425 2480 «ἀναφαίρετον
450 2402 495 2460 καί
516 2406 577 2479 ὑμῖν
605 2410 659 2470 τοῖς
681 2403 794 2483 ἐγγόνοις
828 2406 1001 2479 καταλιπεῖν,

221 2486 296 2546 caat
317 2489 427 2563 όδῖήμος
450 2490 479 2547 οὐ
501 2490 588 2570 κύριος
607 2481 639 2562 ἦν
660 2491 818 2571 ἀφελόμενος
833 2490 914 2563 αὐτὴν
929 2496 1003 2571 ὑμῶν

221 2576 306 2651 alget
327 2576 428 2639 δοῦναι.
471 2576 507 2638 Εἰ
532 2578 585 2658 γάρ
616 2602 642 2638 τι
670 2585 785 2640 τοιοῦτον
814 2582 897 2639 εἰπεῖν
916 2580 1001 2661 ἐχεις,

165 2693 192 2733 ας
221 2666 273 2725 ατί
295 2667 325 2725 οὐ
340 2665 425 2747 ρέρεις
447 2668 496 2735 τλς
514 2668 644 2742 συνθήκας
664 2672 700 2737 el<
721 2669 820 2747 μέσως
834 2672 894 2728 ἀλλ’
910 2673 956 2730 αιἰκ
971 2673 1002 2731 ἂν

220 2780 233 2807 ε
247 2753 329 2835 έχοις.
374 2757 408 2815 Ei
426 2757 450 2814 δ’
470 2758 499 2816 οὐ
518 2758 588 2816 κατδι
601 2759 646 2818 τὸν
664 2761 798 2839 βέλτιστον
811 2761 891 2831 αὐτῆς
906 2759 999 2839 ἔτυχον

222 2865 237 2899 s
251 2842 304 2921 ἐγὼ
316 2844 424 2922 τρόπον,
439 2847 474 2911 ὡς
487 2845 583 2922 λέγεις,
595 2845 664 2923 μήτε
677 2847 729 2905 uni
742 2850 793 2905 τῶν
803 2847 1001 2922 μεσοόασιλέων

219 2934 364 3012 εαῖρεθεῖς,
381 2933 449 3009 μήτε
462 2937 509 3006 τῆς
520 2938 617 3014 βουλῆς
627 2960 672 3012 μοι
686 2936 856 3017 παραδούσης
868 2938 902 2996 τδι
916 2938 1000 3017 πράγ·

218 3046 232 3073 ι
248 3044 334 3097 ματα,
351 3021 420 3097 μήτι
437 3024 490 3079 τῶν
508 3023 596 3082 ἀλλων
612 3023 759 3102 γενομένων
771 3027 824 3083 τῶν
839 3026 909 3085 κατδι
925 3026 998 3099 [τὸν]

163 3133 191 3173 sn
220 3138 233 3162 ι
250 3110 339 3186 νόμον,
353 3111 459 3178 τούτους
477 3112 561 3171 ἀδικῶ
579 3111 664 3185 δήπου
679 3113 725 3171 καὶ
746 3113 806 3192 οὐχὶ
820 3111 869 3191 σῖ,
885 3112 931 3172 καί
950 3116 1001 3173 ίιπδ

217 3199 344 3259 «τούτων
363 3205 497 3273 παυθῆναι
512 3200 611 3269 δίκαιός
631 3203 686 3277 εέμι
706 3205 753 3273 τῆς
774 3203 869 3281 ἀρχῆς,
885 3203 935 3280 οὐχ
950 3203 1000 3262 θπδ

218 3315 230 3338 ο
246 3291 303 3348 σοῦ.
347 3284 418 3347 Ἀλλ’
433 3288 493 3348 οὔτε
509 3289 615 3356 τούτους
627 3289 687 3348 οὔτε
699 3290 778 3348 ἄλλον
792 3291 883 3350 οὐδένα
904 3292 997 3350 ἀδικῶ.

218 3378 356 3457 «Μάρτυς
379 3379 406 3436 δὲ
432 3383 478 3450 τῆς
504 3382 534 3438 ἐκ
548 3379 651 3438 δικαίου
672 3402 717 3456 μοι
741 3380 786 3439 καί
803 3378 864 3438 τότε
883 3380 1000 3451 δοθείσης

218 3493 230 3518 a
245 3464 291 3522 καῖ
304 3469 350 3522 νῦν
363 3464 534 3544 ὑπαρχούσης
549 3465 666 3535 ἐξουσίας
682 3469 812 3547 θχρόνος,
828 3469 854 3527 ἐν
869 3459 891 3548 ᾧ
905 3492 999 3528 τεττα-

217 3580 229 3605 s
247 3561 414 3632 ρακονταιτεῖ
430 3554 548 3630 γεγονότι
572 3553 715 3630 Ῥωμαίων
731 3556 815 3623 οὐδεὶς
829 3556 952 3634 ἡγήσατό
966 3580 999 3634 με

218 3669 229 3691 ι
244 3638 347 3699 πώποτ’
363 3640 480 3714 ἀδικεῖν,
502 3641 558 3700 οὐδ’
572 3639 694 3701 ἐκόαλεῖν
708 3665 742 3720 με
755 3646 803 3715 τῆς
826 3645 911 3723 ἀρχῆς
935 3645 999 3703 έπε-

217 3760 228 3782 υ
243 3730 368 3811 χείρησιν
383 3728 466 3789 nissi
485 3732 567 3805 δῆμος
581 3730 640 3791 οὔτε
655 3737 672 3804 ἡ
693 3733 784 3812 βουλή.

254 3822 375 3882 XXXV.
399 3848 411 3872 ο
427 3819 497 3881 Ἀλλ’
511 3818 555 3877 ἵνα
576 3820 661 3880 πάντα
684 3821 760 3880 ταῦτ’
773 3825 833 3902 ἀρῶ
852 3824 897 3881 καλ
917 3824 999 3899 ὁμόσε

214 3937 225 3960 ο
242 3908 358 3989 χωρήσω
384 3910 436 3977 τοῖς
457 3919 511 3976 σοῖς
535 3908 637 3986 λόγοις,
667 3910 744 3971 εἷσε
769 3912 997 3991 παρακαταθήκην

161 4022 187 4062 ιιι
215 4024 226 4047 ο
244 3994 381 4072 παππῴαν
397 3999 572 4078 ἀπεστέρουν,
598 3997 644 4058 καί
663 3997 736 4078 παρδι
753 3998 840 4059 πάντα
857 3998 890 4057 ri
907 4000 934 4057 ἐν
952 4003 996 4058 ἀν·

214 4107 227 4136 ε
244 4084 357 4162 θρώποις
371 4085 461 4144 δίκαια
482 4087 531 4158 τὴν
554 4086 603 4159 σήν
621 4086 756 4164 βασιλείαν
769 4089 903 4165 κατεῖχον,
916 4091 997 4168 ἐχρῆν

217 4199 231 4223 ε
249 4194 278 4229 σε
290 4175 503 4251 παραγινόμενον
513 4176 557 4233 ἐπὶ
571 4173 631 4242 τοὺς
646 4175 792 4242 δεδοικότας
806 4198 851 4245 μοι
865 4176 913 4246 τήν
928 4176 999 4245 ἐξου-

214 4258 304 4320 «etas
330 4263 487 4339 ἀγανακτεῖν
513 4263 559 4323 καῖ
582 4267 739 4345 κατηγορεῖν
757 4267 822 4340 ἐμοῦ
841 4289 882 4342 τε,
899 4265 938 4324 ὅτι
962 4265 996 4323 τδι

214 4348 280 4427 «μὴ
301 4347 469 4431 προσήκοντα
481 4351 602 4430 κατέχω,
627 4350 673 4410 καὶ
696 4356 748 4411 τῶν
771 4353 935 4426 δεδωκότων,
956 4354 997 4415 ότι

158 4473 186 4513 45
214 4463 226 4488 ε
240 4438 383 4517 τάλλότρια
398 4437 556 4518 ἐχαρίσαντό
571 4461 629 4515 μοι·
654 4438 749 4520 ῥαδίως
762 4441 813 4521 γλιρ
834 4439 866 4498 ἀν
886 4441 994 4510 ἔπεισας

213 4555 228 4582 ι
241 4528 347 4603 αὐτούς,
370 4526 394 4588 εί
415 4550 441 4587 τε
455 4527 554 4587 δίκαιον
571 4518 640 4608 εέχις
662 4527 758 4609 λέγειν.
804 4532 838 4591 Εἰ
862 4530 889 4588 δέ
911 4528 995 4610 τούτῳ

213 4643 226 4669 ε
241 4618 288 4694 pis
312 4621 359 4679 οὐκ
386 4617 520 4684 ἐπίστευες
547 4620 586 4696 τῷ
609 4617 695 4699 λόγῳ,
719 4621 749 4678 οὐ
771 4618 879 4685 δικαίως
900 4617 927 4676 δέ
949 4619 996 4697 ἀρ·

213 4734 227 4761 ι
239 4714 333 4787 χισθαι
357 4707 405 4781 τλν
431 4709 507 4767 πόλιν
534 4706 650 4777 ἐνόμιζες
669 4709 713 4767 ὑπ’
728 4709 804 4785 ἐμοῦ,
822 4706 869 4766 καλ
884 4706 994 4767 σεαυτὸν

215 4823 228 4849 ε
245 4796 451 4879 ἐπιτηδειότερον
482 4787 549 4856 εῖναι
571 4797 620 4868 τὴν
644 4794 798 4874 ἐπιμέλειαν
820 4800 872 4856 τῶν
900 4799 994 4855 κοινῶν

157 4915 186 4954 sp
214 4912 226 4936 α
244 4886 419 4967 παραλαόεῖν,
437 4887 525 4945 ἐκεῖνα
546 4896 631 4948 ποιεῖν
651 4910 693 4946 σοι
713 4883 994 4966 προσῆκεν··ε“ξίτασιν

213 4999 225 5023 s
240 4976 291 5031 τῶν
307 4977 377 5050 ἐμῶν
398 4973 577 5052 ποιησάμενον
598 4973 798 5055 ἁμαρτημάτων
810 4973 856 5033 καλ
868 4973 915 5042 τάς
927 4997 996 5034 σαυ-

212 5085 225 5113 a
240 5065 284 5117 τοῦ
297 5062 402 5142 πράξεις
414 5062 659 5142 ἐξαριθμησάμενον
674 5064 764 5122 καλεῖν
780 5084 813 5141 με
827 5065 863 5129 si<
874 5064 996 5122 διαδικα-

213 5174 226 5203 ι
240 5148 314 5207 σίαν·
331 5140 367 5207 ὧν
382 5151 516 5231 οὐδέτερον
530 5151 676 5224 ἐποίησας,
690 5151 759 5211 ἀλλέι
773 5152 906 5218 τοσούτοις
924 5152 995 5230 χρό-

212 5263 226 5290 ε
238 5234 415 5317 νοιςύστερον,
427 5236 519 5316 ὥσπερ
533 5240 563 5297 ἐκ
574 5246 679 5317 μακρᾶς
691 5237 828 5319 ἀνανήψας
842 5238 934 5315 μίθης,
949 5243 994 5299 νῦν

1064 577 1077 601 ι
1095 559 1170 617 trum,
1184 557 1226 622 qul
1236 558 1380 623 peregrinus
1399 564 1426 610 et
1441 560 1508 611 nuda
1525 561 1708 614 necessitudine
1724 565 1846 629 superiori

1064 667 1076 690 r
1089 647 1139 711 regi
1154 648 1302 697 coniunctus
1317 652 1385 710 erat,
1400 648 1434 698 ad
1447 649 1587 715 reipublice
1604 651 1768 715 gubernacula
1787 665 1845 717 pre·

1063 756 1076 780 e
1094 739 1229 797 vexerant,
1249 737 1364 799 quanvis
1384 742 1467 789 Ancus
1487 741 1594 790 Marcius
1617 753 1662 790 rex
1683 739 1745 791 lilios
1770 743 1846 793 etate

1063 842 1076 867 ι
1091 823 1208 875 llorentes
1217 824 1364 888 reliquisset,
1375 840 1423 875 nnn
1430 830 1531 891 nepotes
1541 830 1566 878 et
1575 827 1689 890 tutantes,
1700 831 1727 877 ut
1738 827 1844 893 Tarqui·

1063 933 1076 956 α
1092 912 1148 963 nius
1166 926 1212 963 rus
1229 914 1346 978 rettputt.
1380 914 1453 973 Quod
1473 913 1495 965 si
1517 915 1656 967 communis
1673 915 1784 966 emulum
1803 915 1845 968 lex

1062 1018 1075 1042 ο
1093 1002 1174 1060 esset,
1191 1003 1219 1049 ut
1234 1000 1276 1064 qul
1293 999 1318 1049 in
1332 999 1506 1052 detunctorum
1513 1016 1601 1065 regum
1616 1016 1657 1055 res
1668 1007 1694 1054 et
1708 1002 1773 1053 bana
1785 1015 1842 1053 suc·

1062 1105 1074 1129 α
1092 1087 1198 1149 cedunt,
1212 1100 1270 1138 cum
1280 1088 1319 1139 bis
1334 1088 1409 1139 etiam
1421 1104 1509 1142 eorum
1522 1104 1624 1156 regnum
1635 1090 1766 1156 accipiant,
1777 1093 1845 1141 certe

1062 1196 1075 1220 s
1089 1175 1237 1240 Tarquinius
1254 1190 1317 1228 avus
1334 1184 1417 1228 vester
1440 1179 1601 1245 principatum
1623 1194 1672 1231 non
1694 1178 1845 1230 obtinuisset

1062 1284 1073 1309 s
1090 1270 1145 1330 post
1161 1265 1222 1315 Auci
1235 1266 1346 1326 obitum,
1367 1266 1412 1317 sed
1432 1269 1495 1318 alter
1516 1267 1580 1319 illius
1595 1268 1659 1319 idius
1673 1271 1732 1319 uatu
1751 1267 1842 1319 malm.

1061 1370 1074 1394 «ι
1088 1352 1183 1401 Verum
1195 1351 1300 1413 populus
1314 1355 1439 1402 Romanus
1456 1366 1504 1405 unu
1517 1353 1594 1417 patris
1606 1366 1784 1414 successorem,
1798 1352 1844 1405 sed

1061 1459 1075 1482 ε
1089 1439 1203 1503 numqui
1217 1453 1292 1503 regno
1312 1440 1400 1504 dignus
1413 1445 1479 1492 esset
1498 1442 1530 1493 ad
1547 1456 1630 1494 rerum
1647 1441 1843 1493 administratio·

1060 1547 1072 1571 ι
1089 1542 1145 1579 nem
1162 1529 1268 1580 vocarit.
1300 1529 1462 1582 Existimabat
1477 1532 1543 1582 euim
1564 1531 1629 1583 bena
1641 1531 1744 1597 quidem
1763 1530 1843 1597 perti·

1060 1637 1073 1660 α
1091 1630 1148 1668 nere
1160 1617 1192 1667 ad
1205 1631 1257 1677 ens,
1271 1619 1312 1683 qut
1324 1631 1354 1669 ea
1365 1622 1584 1684 comparavissent,
1597 1623 1624 1671 at
1640 1634 1742 1685 reguum
1756 1619 1789 1670 ad
1799 1632 1843 1671 ecs

1061 1724 1072 1748 ιι
1088 1706 1130 1770 qui
1147 1705 1207 1756 illud
1231 1705 1390 1758 tradidissent
1408 1727 1415 1757 ι
1438 1710 1464 1758 et
1484 1707 1599 1772 putabat
1619 1721 1719 1773 equum
1735 1721 1800 1767 esse,
1813 1710 1844 1758 ut

1061 1812 1073 1836 κ
1087 1794 1142 1843 haee
1155 1792 1266 1857 quidem,
1283 1795 1305 1845 si
1323 1795 1384 1860 quid
1399 1794 1543 1847 humanitus
1554 1809 1641 1847 eurum
1654 1795 1761 1848 dominis
1776 1795 1843 1847 acci·

1060 1877 1171 1944 «derit,
1188 1885 1301 1949 proximi
1319 1885 1402 1950 agnati
1415 1886 1455 1936 rel
1474 1884 1579 1937 heredes
1592 1899 1623 1937 ex
1641 1889 1789 1937 testamenta
1803 1886 1841 1936 in·

1060 1987 1072 2011 ο
1087 1969 1170 2021 stituti
1179 1970 1293 2031 babeant,
1311 1985 1413 2035 regnum
1426 1977 1471 2023 aut
1486 1978 1619 2039 postquam
1633 1975 1748 2026 obierunt
1758 1975 1785 2037 ii,
1798 1975 1843 2039 qui

1060 2076 1072 2100 ιι
1085 2057 1112 2107 id
1123 2064 1280 2124 acceperunt,
1299 2060 1384 2112 redeat
1394 2060 1424 2110 ad
1441 2074 1485 2113 eos
1499 2063 1541 2126 qui
1555 2062 1579 2113 id
1602 2062 1757 2113 tradidemnt
1772 2083 1779 2112 ι
1793 2063 1843 2114 nisi

1060 2162 1073 2187 ι
1089 2144 1152 2196 torte
1172 2145 1280 2209 aliquam
1302 2145 1421 2197 rationem
1443 2146 1532 2198 atterre
1548 2147 1628 2211 possis
1646 2161 1694 2211 que
1707 2150 1779 2197 tuum
1800 2145 1841 2197 ius

1059 2251 1072 2275 α
1086 2232 1192 2294 tuearis,
1213 2231 1307 2284 scilicet
1325 2237 1437 2284 uestrum
1459 2248 1533 2284 arum
1558 2236 1634 2285 certis
1660 2234 1841 2289 mnditinnibus

1059 2336 1071 2360 κ
1085 2330 1187 2382 ragnum
1208 2319 1390 2383 accepissetis
1410 2324 1439 2370 ut
1452 2321 1545 2386 etipse
1562 2334 1594 2373 eu
1608 2336 1737 2387 nunquam
1756 2324 1842 2387 posset

1058 2426 1070 2449 α
1088 2406 1187 2470 privari,
1198 2411 1223 2458 et
1233 2407 1257 2458 ci
1269 2408 1355 2459 liceret
1367 2407 1438 2458 rubis
1450 2409 1503 2460 suis
1512 2411 1643 2475 nepotibus
1654 2411 1678 2462 id
1686 2402 1839 2476 relinquere,

1059 2510 1131 2555 «uec
1139 2497 1229 2562 populo
1240 2497 1344 2548 liberum
1358 2498 1434 2549 tuisse
1454 2499 1479 2548 id
1494 2499 1565 2550 vobis
1578 2500 1688 2551 ablatum
1703 2499 1764 2550 milui
1788 2504 1840 2552 tra·

1058 2604 1070 2627 α
1085 2583 1153 2635 dere.
1192 2585 1216 2635 si
1237 2586 1298 2651 quid
1316 2587 1381 2637 enim
1407 2586 1548 2637 huiusmodi
1568 2592 1638 2653 poles
1658 2588 1756 2651 dicere,
1779 2588 1841 2654 quin

1058 2673 1182 2737 «protere
1203 2675 1228 2724 in
1248 2675 1356 2727 medium
1370 2676 1431 2726 istas
1450 2675 1594 2741 pactiones?
1623 2676 1668 2728 sed
1690 2691 1740 2729 unu
1758 2680 1838 2742 pules.

1059 2780 1069 2803 α
1086 2762 1159 2819 Quod
1175 2764 1196 2814 si
1211 2777 1329 2829 pernego
1348 2778 1396 2815 non
1415 2764 1525 2830 legitima
1540 2766 1634 2817 ratione
1649 2764 1675 2816 id
1692 2779 1748 2816 surn
1761 2765 1839 2832 adep·

1057 2868 1069 2892 α
1085 2853 1135 2911 tus,
1148 2852 1355 2914 quemadmodum
1369 2853 1440 2917 dicis,
1456 2867 1537 2918 neque
1549 2852 1582 2904 ab
1599 2854 1762 2918 interregibus
1773 2867 1841 2906 crea·

1057 2957 1069 2981 s
1085 2940 1228 3003 tusaeque
1242 2954 1256 2990 a
1269 2945 1357 2992 senatu
1376 2941 1436 2991 mibi
1452 2941 1548 2992 traditis
1559 2955 1643 2993 rerum
1656 2941 1838 3006 gubernaculis,

1056 3043 1068 3066 ο
1087 3038 1166 3089 neque
1177 3029 1266 3078 ceteris
1279 3028 1353 3078 rebus
1360 3028 1469 3093 legitime
1480 3028 1595 3094 peractis,
1612 3031 1680 3080 certe
1692 3029 1731 3078 bis
1742 3030 1839 3080 tantum

1056 3132 1068 3153 ι
1081 3113 1196 3165 iniuriam
1209 3115 1279 3178 iasio,
1290 3131 1338 3167 nan
1348 3118 1395 3169 tlbl
1410 3137 1417 3168 :
1430 3122 1454 3169 cl
1464 3131 1564 3181 equum
1572 3121 1612 3167 est
1623 3117 1692 3177 pleb
1703 3118 1839 3184 istisreguo

1056 3222 1068 3246 α
1083 3205 1172 3267 priver,
1182 3218 1231 3257 non
1241 3207 1327 3259 abste.
1349 3207 1396 3258 Sed
1406 3221 1487 3273 neque
1499 3208 1559 3258 istos
1569 3194 1650 3272 neque
1661 3207 1736 3259 aliurn
1748 3222 1839 3272 quem-

1056 3309 1067 3331 «
1084 3293 1150 3354 piam
1164 3294 1254 3344 iniuria
1270 3296 1360 3346 alicio.
1374 3298 1443 3346 Tunc
1458 3296 1523 3346 enim
1537 3294 1600 3345 banc
1611 3298 1761 3361 potestatem
1776 3296 1839 3348 mibi

1055 3395 1067 3418 α
1084 3377 1150 3431 iuste
1164 3381 1248 3434 datam
1262 3397 1316 3435 esse
1325 3387 1351 3434 et
1363 3397 1427 3434 nunc
1439 3398 1539 3448 quoque
1549 3386 1618 3436 iuste
1629 3397 1670 3436 ure
1680 3398 1736 3436 earn
1746 3383 1839 3438 babere

1055 3475 1135 3539 «ipsa
1154 3473 1272 3535 temperis
1289 3472 1413 3536 longitude
1434 3472 1509 3523 idem
1529 3474 1589 3525 tacit
1606 3493 1613 3524 ι
1633 3487 1691 3524 num
1707 3473 1839 3525 animiam

1055 3583 1066 3606 a
1083 3576 1127 3626 per
1146 3575 1222 3612 annos
1250 3575 1283 3612 κε
1309 3561 1447 3624 regnarim,
1460 3560 1543 3611 nullus
1566 3562 1627 3613 ciris
1647 3563 1773 3613 Romanus
1791 3576 1837 3614 uu·

1055 3671 1068 3696 ε
1082 3666 1157 3717 quam
1179 3665 1220 3702 nae
1239 3651 1352 3702 iniuriam
1365 3652 1445 3702 tacere
1458 3651 1619 3711 csmdmavit,
1641 3665 1722 3715 neque
1734 3656 1838 3705 senatum

1056 3761 1068 3785 ι
1086 3754 1167 3804 neque
1180 3740 1286 3805 populus
1297 3753 1337 3789 me
1349 3753 1424 3803 regno
1432 3739 1523 3803 pellere
1535 3752 1665 3803 aggressus
1674 3742 1721 3792 est.

1086 3835 1200 3883 >illivs
1212 3831 1268 3893 Sed,
1283 3835 1310 3880 ul
1318 3831 1373 3881 lraec
1384 3829 1507 3892 omittam,
1519 3833 1545 3881 et
1555 3830 1636 3882 adtua
1646 3830 1720 3882 rerba
1729 3844 1833 3895 respou-

1054 3942 1066 3965 «
1081 3921 1162 3979 dcam,
1170 3919 1223 3970 site
1232 3919 1299 3970 avito
1308 3918 1420 3982 deposlto
1433 3918 1554 3982 fraudari,
1564 3924 1589 3971 et
1598 3922 1684 3971 centra
1693 3920 1776 3970 omnia
1788 3920 1836 3970 bu·

1053 4031 1065 4054 a
1083 4023 1153 4060 mana
1168 4009 1224 4059 iura
1244 4022 1344 4073 regnum
1353 4013 1424 4059 tuum
1437 4007 1572 4072 occupari,
1585 4009 1715 4072 opertebat
1729 4010 1755 4058 te
1764 4007 1835 4059 adire

1053 4120 1066 4143 «ι
1080 4113 1132 4160 ens,
1146 4098 1188 4162 qui
1206 4097 1267 4148 milri
1283 4111 1337 4148 eam
1356 4100 1503 4162 potestatem
1522 4095 1690 4153 tradiderant,
1711 4099 1787 4157 alque
1800 4093 1835 4144 ibi

1053 4189 1148 4253 «queri
1162 4192 1187 4239 et
1199 4201 1314 4239 accusare
1325 4191 1350 4237 et
1361 4201 1416 4246 ure,
1427 4186 1494 4250 quod
1513 4198 1614 4250 eaquae
1632 4184 1731 4235 minime
1743 4186 1775 4236 ad
1793 4198 1835 4236 me

1053 4278 1201 4342 apertinent
1214 4275 1344 4328 retinerem
1362 4278 1389 4326 et
1403 4288 1463 4336 ens,
1482 4274 1527 4339 qui
1545 4273 1607 4325 mibi
1619 4273 1749 4334 dederant,
1766 4273 1835 4337 quad

1052 4385 1065 4410 ι
1084 4378 1124 4417 res
1142 4364 1234 4415 abenas
1253 4364 1312 4415 mibi
1326 4366 1409 4414 essent
1428 4361 1521 4426 largiti,
1545 4361 1615 4413 tacite
1631 4363 1696 4413 enirn
1716 4360 1765 4412 illis
1779 4374 1833 4411 rena

1051 4475 1064 4498 α
1082 4455 1258 4519 persuasisses,
1278 4453 1300 4503 si
1320 4452 1383 4517 quid
1403 4451 1464 4503 iuris
1480 4466 1525 4517 pro
1542 4455 1567 4503 te
1586 4452 1675 4503 aliene
1696 4451 1830 4517 potuisses.

1051 4562 1063 4585 α
1078 4541 1151 4601 Quod
1160 4542 1180 4591 si
1189 4540 1248 4592 huic
1262 4541 1357 4592 ratione
1368 4555 1417 4592 nou
1431 4539 1590 4603 confidebas,
1608 4545 1634 4591 ct
1654 4539 1833 4605 rempublicam

1051 4650 1062 4672 κ
1080 4630 1169 4682 iniuste
1187 4644 1256 4681 ame
1274 4629 1334 4693 regi,
1345 4634 1372 4681 et
1383 4632 1408 4681 te
1423 4628 1501 4693 magis
1516 4629 1633 4681 idoneum
1645 4642 1710 4692 esse,
1722 4627 1768 4693 qul
1782 4627 1832 4680 ral-

1051 4719 1181 4784 spublicoe
1194 4733 1279 4771 curam
1290 4732 1397 4784 gereres,
1416 4718 1584 4781 existimabas,
1603 4717 1712 4769 debebas
1722 4715 1778 4767 brac
1797 4716 1834 4767 ta·

1050 4827 1062 4851 υ
1078 4822 1151 4861 cere:
1170 4809 1295 4874 inquirere
1309 4807 1439 4874 diiigenter
1456 4808 1482 4859 in
1494 4821 1549 4858 mea
1560 4806 1664 4868 delleta,
1683 4808 1710 4858 et
1723 4819 1764 4857 res
1778 4819 1794 4856 a
1806 4807 1832 4857 te

1050 4918 1062 4941 υ
1078 4901 1161 4962 gestas
1173 4911 1310 4956 recensere,
1324 4900 1397 4961 atque
1416 4897 1452 4948 ita
1466 4910 1506 4947 me
1527 4908 1623 4957 vocare,
1643 4898 1671 4946 ul
1682 4897 1766 4946 terum
1777 4894 1832 4946 lure

1049 5007 1062 5031 ο
1077 4987 1249 5052 disceptarem.
1281 4990 1315 5038 At
1329 4991 1444 5039 neutrum
1459 4985 1550 5037 berum
1567 4983 1650 5037 iecisti
1674 5001 1681 5035 ι
1701 4983 1746 5034 νοεῖ
1761 4986 1830 5034 lanto

1049 5095 1062 5119 ι
1075 5077 1132 5139 pest
1148 5079 1268 5142 ternpore,
1283 5076 1356 5141 quasi
1373 5090 1405 5126 cx
1415 5075 1531 5126 dlutunra
1547 5075 1648 5140 crapula
1662 5075 1830 5139 experrectus,

1050 5185 1063 5209 s
1077 5179 1118 5217 me
1136 5170 1299 5218 accusaturus
1324 5167 1377 5217 buc
1392 5165 1497 5226 venisti,
1515 5168 1541 5216 et
1553 5179 1584 5217 ne
1593 5178 1657 5216 nunc
1672 5163 1775 5229 quidem
1786 5161 1831 5213 ubi

1051 5254 1195 5319 «oportuit.
1228 5256 1282 5306 lieu
1298 5254 1364 5305 enim
1384 5253 1425 5304 bic
1438 5256 1465 5304 ta
1478 5252 1526 5304 isla
1542 5252 1624 5304 dicere
1642 5251 1714 5303 decet
1732 5252 1830 5316 (neque
