4088 5936
251 404 311 465 uls
693 438 700 453 ι
776 398 947 460 DlONYSll
969 396 1353 460 Hutlcnunsssultsls

256 538 423 621 «βασιλείας
445 539 525 597 αὐτοῦ
545 534 728 612 κληρονομεῖν.
753 535 792 592 Σὺ
809 532 836 591 δέ
847 531 882 591 rit
898 532 946 608 μὲν
960 531 1033 612 χρή-

254 659 267 685 a
281 652 353 707 ματα
362 628 397 687 sis
406 621 614 701 καταλειφθέντα
627 622 672 680 ὑπ’
683 622 762 680 αὐτοῦ
772 620 963 700 παραδέδωκάς
976 642 1032 696 μοι,

256 718 369 792 «τηνδὶ
391 712 565 795 βασιλείαν’
550 718 703 790 αποστερεῑς
718 732 762 787 με,
780 644 827 768 καί
843 714 966 769 τοσοῦτον
981 709 1033 780 ἤδη

256 809 402 889 ικαεέχεις
420 804 526 885 χρόνον,
552 803 600 859 οὐκ
615 802 646 858 ίκ
664 822 710 858 του
730 798 831 857 δικαίου
855 796 960 857 λαθών·
975 797 1033 855 οὔτε

211 895 332 977 ςιργθ
353 893 538 972 μεσοόασιλεῖς
558 912 588 948 σε
610 885 748 955 ἀπέδειξαν
763 884 854 958 οὔτεῆ
876 883 958 965 βουλὴ
980 887 1035 966 θῆ-

255 1016 268 1043 a
282 1011 329 1068 φον
345 986 410 1065 ὑπὲρ
425 1007 473 1043 σου
456 980 619 1058 ”διήνεγκεν
644 977 690 1037 οὔτ
691 976 890 1056 ’ἀρχαιρεσίαις
915 974 1035 1052 νομίμοις

254 1104 269 1133 ι
282 1084 329 1150 τῆς
345 1072 459 1184 ἐξρυσίας
471 1068 569 1178 ταύτης
589 1066 714 1147 έτυχες,
701 1092 736 1135 ως
751 1070 765 1124 6
779 1065 888 1127 πάππος
912 1086 940 1123 τε
955 1062 1034 1138 οὓμδς

256 1190 328 1227 «και
341 1163 438 1228 πάντες
459 1160 484 1220 οἱ
492 1159 556 1272 πρό
567 1160 647 1217 αὐτοῦ
661 1154 796 1268 γενόμενοι
818 1156 947 1302 βαφιλεῖς·
964 1152 1032 1209 ἀλλὰ

255 1284 269 1311 ιι
280 1256 310 1316 rt
324 1255 443 1315 ἀνέστιον
457 1273 503 1310 και
520 1249 618 1327 άπορον
633 1270 678 1306 και
690 1245 754 1325 πρδς
770 1245 855 1304 καταδ
858 1240 946 1314 ίκαςδ,
965 1241 1033 1320 χρέα

199 1378 228 1423 10
254 1373 267 1400 ι
282 1344 329 1418 τλν
345 1339 480 1418 ἐπιτιμίαν
494 1335 662 1402 ἀπολωλεκὸς
674 1324 799 1415 ρῦλσν,ἶ
780 1358 803 1392 ro
814 1337 866 1391 τῶν
881 1335 974 1392 κοινῶν
989 1332 1033 1390 οὐ·

192 1420 198 1431 Ι
254 1434 351 1500 «δενδς
363 1433 474 1507 ἔμελλε,
488 1423 749 1538 καταμισθοδοτήφας
763 1447 808 1482 και
833 1423 921 1481 πάντα
935 1420 1031 1502 τρόπον

254 1522 440 1605 «διαφθείρας,
454 1541 500 1578 και
515 1516 574 1576 οὐδὲ
587 1513 646 1575 τότε
676 1515 765 1591 μέντοι
785 1517 878 1594 σαυτῶ
893 1513 1020 1593 πράττειν

253 1613 330 1687 «τὴν
345 1608 499 1670 δυναστείαν
511 1606 606 1721 λόχων,
621 1604 679 1664 ἀλλ’
688 1609 752 1682 ἡμῖν
770 1575 892 1684 φυλάξειν
906 1604 1028 1675 σκηπτό·

254 1730 266 1757 ιι
283 1725 376 1783 μενος,
392 1699 514 1777 ὀρφανοῖς
535 1686 593 1755 οίίσι
617 1695 664 1754 καί
684 1697 804 1768 νηπίοις,
823 1694 866 1755 ἐπί
887 1693 922 1753 τά
941 1692 1030 1772 πράγ-

200 1820 270 1862 15«
289 1814 361 1867 ματα
384 1787 534 1865 παρηλθες,
560 1782 606 1842 καί
626 1781 732 1842 πάντων
757 1783 905 1843 ἀκουόντων
924 1781 1031 1858 ῶμόλο-

254 1905 350 1960 ιιγεις,
375 1878 438 1937 ὅταν
464 1874 638 1955 ἀνδρωθῶμεν
662 1876 755 1950 ἡμεῖς,
782 1871 841 1947 ἐμοί
862 1868 1030 1982 παραδώσειν

254 1972 338 2030 «ὄντι
353 1962 524 2043 πρεσόυτέριγι
539 1960 641 2041 τῆνάρ
608 1960 704 2042 ἀρχήν.
747 1950 1014 2042 Ἐχρῆνμὲνουνσε
1003 2005 1032 2033 ‚

253 2059 304 2119 ιιεί
323 2080 358 2115 τα
344 2055 462 2114 δίκαια
477 2057 561 2110 ποιεῖν
582 2048 683 2122 ἤθελες,
707 2049 749 2108 ὅτε
775 2073 819 2128 μσι
833 2049 877 2109 τδν
899 2041 969 2110 οἶκον
982 2053 1029 2108 τοῦ

253 2173 265 2200 ι
283 2146 394 2205 πάππου
415 2140 571 2220 παρεδίδους
584 2137 640 2216 ἅμα
656 2145 709 2204 τοῖς
724 2137 845 2218 χρήμασι
856 2136 942 2198 καί
915 2162 962 2209 την
977 2143 1030 2218 βα-

199 2261 227 2299 20
252 2232 409 2293 «σιλείαν
396 2252 448 2289 απο
450 2226 601 2298 δεδωκέναι,
618 2227 818 2308 παραδείγμασι
829 2228 966 2308 χρώμενον
977 2234 1031 2293 τοῖς
1054 2252 1055 2255 “

253 2349 266 2377 ι
282 2325 335 2380 τῶν
345 2321 435 2380 καλῶν
449 2318 495 2376 καὶ
510 2314 780 2394 ἀγαθῶνίπιτρόπων
793 2317 887 2395 ίργοις,
902 2314 960 2375 ὅσοι
979 2319 1031 2395 βα-

254 2439 267 2465 ιι
282 2408 397 2475 σιλικοθς
418 2407 515 2473 παῖδας
531 2402 659 2485 δρφανοθς
673 2402 795 2484 πατέρων
812 2403 1028 2484 παραλαόόντες,

256 2526 269 2554 ι
286 2501 322 2567 εἷς
333 2498 428 2576 ἄνδρας
440 2497 555 2554 ίλθοῦσιν
569 2495 652 2573 ὀρθῶς
666 2493 713 2553 καὶ
727 2494 835 2560 δικαίως
846 2493 893 2560 τδις
907 2492 1033 2574 πατρῴας

257 2616 270 2642 ι
289 2589 335 2647 καί
355 2583 511 2667 προγονικάς
531 2581 671 2642 ἀπέδωκαν
687 2582 779 2662 ἀρχάς·
806 2587 829 2642 εἰ
852 2583 880 2642 δὲ
895 2581 977 2658 μήπω
992 2605 1034 2642 σοι

201 2713 228 2751 25
255 2706 268 2734 ι
285 2684 387 2759 φρονεῖν
408 2675 442 2733 τά
466 2671 616 2746 καθήκοντα
632 2671 787 2753 ἐφαινόμην,
805 2672 865 2730 ἀλλ’
888 2670 927 2729 ἔτι
946 2669 990 2731 διδ
1004 2670 1033 2729 εδ

258 2794 271 2822 ι
286 2767 343 2826 νέον
362 2770 409 2838 τῆς
425 2763 530 2835 ἡλικίας
548 2764 599 2843 οὐχ
617 2761 705 2828 ἱκανός
729 2752 796 2820 εἶναι
810 2760 886 2820 πολιν
902 2759 1034 2831 τηλικαύ-

256 2883 267 2909 ι
280 2879 328 2927 την
341 2855 460 2926 διοικεῖν,
470 2852 507 2911 ἀπ’
520 2852 557 2918 είς
568 2850 617 2922 τὴν
632 2849 776 2929 κρατίστην
790 2849 975 2928 παρεγενόμην
989 2855 1034 2908 τοῦ

256 2944 401 3052 ισῶμριτος
417 2940 462 2999 καὶ
483 2944 531 3011 τῆς
554 2938 703 3018 φρονήσεως
727 2936 815 3015 ἀκμὴν
836 2936 978 3045 τριάκοντα
993 2960 1035 3013 γε-

257 3059 271 3094 s
287 3030 409 3113 γονίυς
383 3033 439 3101 ἐτη,
450 3032 517 3106 μετὰ
532 3034 577 3087 τοῦ
591 3026 678 3104 γόμου
692 3031 739 3100 τῆς
753 3026 860 3105 θυγατρ
853 3049 880 3093 ος
897 3024 973 3108 [ἔδει]
988 3026 1035 3084 καί

203 3137 231 3178 to
256 3147 268 3174 ι
283 3119 377 3191 τάτης
388 3119 489 3184 πόλεως
504 3114 650 3196 ἐγχειρίσαι
666 3114 826 3195 πράγματα·
838 3114 937 3186 ταύτην
950 3113 982 3193 γί
994 3135 1034 3174 τοι

255 3208 330 3280 «τὴν
344 3206 480 3315 ἡλικίριν
465 3228 535 3285 εχων
547 3201 639 3263 καί
612 3227 645 3262 συ
660 3202 743 3260 τίν’
719 3226 736 3261 τ
764 3192 872 3261 οἶκον
848 3225 892 3262 τον
906 3203 1034 3279 ἡμέτερον

256 3299 360 3377 ίπιτρ
361 3294 463 3356 οπεάειν
483 3293 564 3374 ἤρξω,
590 3294 684 3353 xci*
650 3314 698 3363 της
722 3290 858 3371 βασιλείας
883 3294 1035 3369 ίπιμελεῖσ-

256 3414 269 3439 ι
283 3391 336 3445 θαι.

295 3476 415 3538 xxiiii.
437 3501 450 3529 ι
474 3476 575 3554 Περιῆν
602 3471 653 3553 γδιρ
680 3472 711 3533 ἀν
737 3494 778 3533 σοι
797 3476 884 3533 ταῦτα
906 3470 1035 3553 πράξαντι

203 3590 230 3631 ss
256 3569 384 3646 ιπρῶτον
411 3564 459 3641 μέν
487 3561 589 3623 εὖσεόεῑ
613 3562 774 3642 spidistaim
796 3561 929 3639 λέγεσθαι,
943 3561 1034 3623 ἔπειτα

256 3681 268 3708 ι
283 3650 487 3731 συμόασιλεόειν
498 3653 557 3728 ipsi
572 3651 618 3711 καί
630 3651 718 3726 πόσης
729 3649 849 3732 μετέχειν
861 3654 949 3729 τιμῆς,
961 3654 1033 3734 εὗερ·

255 3771 268 3797 ιι
281 3743 360 3825 γε’την
382 3743 472 3803 τεκαὶ
493 3740 597 3822 πατέρα
618 3740 665 3800 καί
680 3746 789 3815 σωτῆρα
808 3739 855 3800 καί
870 3739 970 3814 πάντα,
984 3742 1035 3802 ὅσα

258 3853 274 3887 α
287 3829 436 3909 τιμιάιτατα
449 3828 567 3906 ὀνόματα
577 3830 622 3888 ὑπ’
634 3829 779 3909 ἀνθρώπων
790 3828 834 3887 isti
845 3830 935 3896 καλοῖς
950 3833 1036 3889 κεῖται

256 3948 269 3974 ι
285 3921 455 4003 πράγμασιν,
477 3918 596 3990 ἀκούειν,
612 3918 658 3977 καί
677 3915 715 3995 μὴ
739 3916 865 3997 τέταρτον
886 3918 937 3991 ἤδη
959 3923 1036 3977 τοῦτο

261 4097 349 4158 «οὔτε
359 4098 482 4175 σώματος
497 4097 634 4175 ἀναπήρου
649 4095 763 4177 τυχόντα
775 4095 835 4157 οὔτε
850 4096 965 4163 διανοίας
978 4098 1038 4170 ἠλι-

259 4184 350 4258 «dios,
369 4186 498 4246 ἔπειτα
486 4196 586 4265 ερωτᾶν
609 4209 643 4264 με
666 4188 783 4275 τολμᾶς,
795 4185 821 4246 τί
840 4186 968 4246 παθδινδ
969 4186 1036 4246 εινδν

259 4274 377 4354 ιέχθρδν
391 4275 507 4351 ἡγοῦμαί
524 4297 553 4334 σε
571 4275 617 4334 καὶ
640 4273 732 4332 διδι’
705 4298 730 4333 τι
752 4282 799 4336 σσίί
824 4279 979 4357 κατηγορῶς
996 4277 1036 4338 Σίν

258 4353 380 4441 «μὲν
350 4385 394 4420 ουν
414 4360 553 4441 ἀπόκριναί
568 4385 624 4438 μοι,
640 4361 789 4435 Τάλλιε,’
762 4387 830 4430 τινος
855 4364 942 4433 αἰτίας
957 4364 1036 4446 χάριν

206 4481 271 4524 ςςι
258 4454 337 4513 ισθκ
358 4449 458 4525 ἀξιοῖς
453 4472 486 4509 αε
500 4453 551 4508 τῶν
566 4473 611 4510 του
627 4450 737 4511 πάππου
752 4456 837 4528 τιμῶν
852 4455 1036 4533 κληρονομεῖν,

259 4569 272 4596 ιι
290 4539 336 4601 καί
347 4538 405 4600 τίνα
423 4537 554 4619 πρόφασιν
571 4540 734 4620 [εὖρεῖν]’
710 4546 829 4622 ευπρεπῆ
850 4546 898 4615 τῆς
923 4545 1036 4601 ἀποστε·

260 4629 388 4711 ιφήσεως
413 4626 610 4703 σκηπτόμενος,
634 4628 744 4710 πότερον
768 4635 818 4710 οὐχ
843 4629 987 4710 ἡγούμενος
1010 4631 1037 4701 ἀξ

260 4747 272 4775 ι
287 4720 384 4780 ίκείνου
397 4717 488 4797 γένους
503 4708 571 4777 εἶναί
586 4740 619 4794 με
631 4719 754 4798 γνήσιον,
770 4721 829 4779 ἀλλ’
843 4718 1034 4796 θποόολιμαίόν

259 4835 272 4863 ι
289 4832 347 4869 τινα
371 4808 416 4870 καί
435 4809 526 4879 νόθους
550 4808 576 4868 τί
590 4800 635 4869 οὖν
650 4808 821 4889 ἐπετρόπευες
837 4807 880 4867 τδν
897 4807 1036 4889 ἀλλότριον

207 4923 234 4963 to
261 4921 277 4953 a
291 4903 339 4957 τοῦ
355 4900 455 4976 γένους,
481 4921 528 4958 και
517 4898 585 4958 ris
607 4887 678 4957 οἶκον
702 4898 859 4976 ἀνδρωθέντι
882 4895 1035 4976 ἀπεδίδους;

260 4985 347 5043 «ἀλλ’
370 4986 409 5046 ἔτι
423 4988 579 5064 νομίζοινμ’
605 4987 717 5067 ὀρφανὸν
743 4977 811 5047 εἶναι
832 4987 917 5047 παῖδα
937 4986 983 5046 καί
1004 4988 1037 5048 sir

259 5071 362 5131 ικοενδι
377 5074 502 5154 πράττειν
522 5074 663 5149 ἀδύνατον,
679 5075 755 5144 ὅς’
729 5099 758 5136 ου
774 5075 872 5136 παλδ’
857 5076 951 5156 απέχω
970 5100 1037 5137 πεν·

261 5163 490 5239 ιτηκονταετίαςς
512 5163 649 5224 suscitato
674 5164 726 5236 ἤδη
746 5165 795 5238 τὴν
820 5165 954 5243 εἰρωνείαν
985 5168 1036 5225 τῶν

261 5250 472 5331 «ἀναισχύντων
494 5252 689 5331 ἐρωτημάτων,
711 5251 758 5311 καί
779 5253 881 5312 παῦσαί
898 5277 963 5315 ποτε
985 5254 1037 5327 ἤδη

1091 557 1102 583 ι
1116 538 1301 589 esseconrenit.
1320 539 1359 589 Tu
1372 551 1430 591 vero
1438 537 1503 589 bona
1515 539 1617 604 quidem
1631 539 1664 593 ab
1676 553 1706 590 eo
1716 540 1802 593 relicta
1809 541 1869 592 milri

1089 659 1102 683 «
1117 638 1249 702 tradidisti,
1261 639 1306 689 sed
1318 652 1393 703 regno
1402 652 1443 689 me
1450 639 1543 704 privas,
1557 639 1632 705 idque
1644 645 1730 692 eontra
1746 644 1784 694 ias
1794 647 1820 693 et
1832 644 1872 693 ius

1089 761 1103 786 ι
1117 743 1267 805 occupatum
1286 743 1324 792 toi
1335 740 1385 791 iam
1401 755 1479 793 annos
1499 743 1608 795 retines:
1621 757 1700 809 neque
1717 746 1782 796 enim
1796 746 1872 797 inier-

1089 860 1102 886 ι
1118 855 1188 906 reges
1203 847 1229 893 to
1251 848 1376 905 crearunt,
1393 857 1474 907 neque
1488 848 1588 897 senatus
1607 846 1640 898 de
1662 851 1689 899 te
1709 849 1767 900 tulit
1780 850 1870 901 sulita-

1089 966 1102 990 ιι
1118 946 1195 1010 glum,
1209 957 1289 1008 neque
1302 944 1416 1009 legitimis
1427 947 1533 999 comitiis
1548 947 1613 1000 banc
1627 952 1775 1015 potestatem
1792 952 1870 1019 adep·

1081 1058 1104 1091 ἰι
1118 1051 1159 1098 tus
1168 1060 1204 1108 es,
1214 1047 1425 1112 quemadmodum
1435 1064 1499 1102 arus
1511 1065 1582 1103 mens
1596 1056 1622 1104 et
1639 1067 1725 1105 omnes
1739 1067 1810 1118 reges
1825 1056 1872 1120 qni

1090 1169 1103 1194 ι
1117 1154 1175 1201 aute
1185 1150 1266 1215 ipsum
1279 1155 1410 1215 regnarunt
1428 1165 1436 1195 t
1452 1153 1497 1205 sed
1510 1154 1592 1205 emisti
1609 1152 1741 1221 modisque
1758 1158 1873 1210 omnibus

1090 1268 1103 1293 ιι
1119 1248 1251 1315 mnupisti
1259 1263 1379 1315 vagorum
1391 1254 1417 1303 et
1427 1253 1529 1317 inopum
1541 1258 1566 1306 et
1580 1255 1753 1308 damnatorum
1765 1262 1791 1310 et
1803 1260 1873 1313 obu-

1091 1382 1103 1406 ιι
1118 1366 1229 1415 ratarum
1246 1363 1375 1415 hominnm
1389 1360 1661 1424 multitudinemque
1680 1364 1768 1411 bonam
1789 1360 1874 1413 existi·

1089 1486 1102 1509 ι
1115 1466 1248 1518 mationem
1270 1465 1413 1531 prodiderat
1431 1469 1455 1516 et
1480 1464 1656 1529 rempublicam
1678 1463 1739 1514 nibil
1754 1462 1871 1526 curabat;

1090 1586 1104 1610 ιι
1121 1581 1151 1619 ac
1162 1583 1193 1619 ne
1205 1572 1263 1620 tunc
1277 1568 1379 1634 quidem
1392 1568 1518 1633 protessus
1536 1572 1562 1619 te
1581 1567 1628 1619 tibi
1645 1567 1694 1632 ipsi
1708 1567 1872 1631 principatum

1090 1692 1103 1716 ιι
1119 1686 1246 1736 querere,
1259 1672 1302 1724 sed
1318 1671 1436 1724 simulans
1458 1675 1483 1721 te
1504 1669 1575 1722 nobis
1586 1669 1682 1735 pupillis
1696 1672 1722 1723 et
1739 1668 1874 1720 infantibus

1090 1794 1103 1818 ι
1118 1788 1176 1826 eum
1199 1789 1297 1827 serrare
1314 1775 1348 1826 ad
1370 1773 1510 1840 reipublice
1532 1771 1767 1823 administrationem
1786 1785 1870 1822 acces·

1090 1898 1103 1921 ι
1120 1879 1190 1937 sisti,
1202 1880 1229 1928 et
1244 1877 1358 1927 omnibus
1378 1876 1537 1927 audientibus
1550 1873 1674 1939 pollicitus
1689 1887 1732 1935 es,
1750 1887 1809 1923 cum
1828 1886 1875 1925 nos

1090 1998 1103 2023 ι
1116 1980 1148 2030 nd
1159 1980 1254 2032 uirilem
1269 1983 1368 2030 elatem
1384 1978 1597 2043 pervenissemus,
1612 1979 1639 2027 ts
1654 1975 1717 2026 milri
1728 1980 1787 2026 natu
1802 1987 1872 2040 gran

1084 2095 1103 2125 ἰι
1117 2081 1181 2132 diori
1190 2097 1293 2146 regnum
1303 2081 1461 2133 traditurum.
1495 2080 1624 2133 Debueras
1633 2078 1716 2143 igitur,
1728 2079 1749 2130 si
1758 2078 1804 2128 riri
1814 2079 1875 2129 insti

1088 2205 1101 2229 ιι
1121 2186 1230 2236 cilicium
1247 2186 1327 2236 lacere
1347 2186 1478 2247 voluisses,
1499 2197 1557 2234 cum
1575 2183 1635 2233 milri
1657 2182 1722 2233 bona
1743 2183 1810 2233 avita
1822 2183 1871 2233 de-

1090 2307 1103 2332 ι
1119 2286 1187 2349 disti,
1201 2302 1250 2338 una
1264 2302 1321 2338 curn
1339 2287 1410 2338 bonis
1428 2300 1533 2350 regnum
1554 2286 1629 2337 ctiam
1647 2286 1758 2345 reddere,
1771 2291 1874 2337 secutum

1089 2391 1230 2457 «exempla
1240 2390 1400 2441 bonestormn
1410 2394 1436 2441 ct
1445 2389 1568 2441 bonorum
1582 2393 1709 2449 tutorum,
1733 2390 1778 2454 qui
1795 2389 1873 2454 regios

1090 2510 1102 2535 ι
1118 2490 1180 2543 illios
1198 2492 1273 2543 orbos
1288 2491 1433 2555 parentibus
1446 2490 1595 2556 accipientes
1613 2490 1674 2551 illis,
1691 2503 1749 2541 cum
1763 2490 1795 2540 ad
1806 2492 1869 2540 mia·

1090 2614 1102 2637 ι
1119 2596 1171 2644 tem
1198 2595 1293 2646 virilem
1312 2596 1493 2659 pervenissent,
1511 2598 1613 2659 paterna
1648 2596 1674 2644 et
1699 2593 1767 2644 avila
1798 2607 1875 2657 regne

1090 2715 1102 2739 ιι
1117 2699 1184 2747 recte
1198 2708 1227 2747 cc
1249 2698 1311 2748 iuste
1332 2699 1501 2748 restituerunt
1542 2696 1615 2757 Quod
1640 2699 1737 2749 sivero
1753 2699 1807 2748 tum
1828 2697 1874 2747 tibi

1090 2821 1102 2845 ιι
1118 2801 1229 2852 nondum
1250 2802 1310 2852 satis
1331 2786 1424 2866 sapere,
1440 2801 1484 2851 sed
1500 2800 1583 2852 adbuc
1594 2801 1626 2851 ob
1643 2803 1743 2851 aemtem
1757 2798 1874 2851 tenedum

1090 2925 1103 2948 ι
1119 2905 1149 2956 ad
1163 2908 1239 2957 tantos
1253 2905 1395 2971 reipublice
1410 2905 1648 2956 administrationem
1659 2904 1760 2956 minime
1769 2904 1875 2956 idoneus

1091 3022 1103 3046 ιι
1119 3003 1230 3066 uidebar,
1252 3004 1338 3054 saitem
1351 3003 1519 3054 firmissimum
1529 3002 1639 3067 corporis
1653 3005 1678 3053 ct
1690 3004 1779 3067 ingenii
1795 3003 1875 3054 robur

1092 3101 1203 3165 indepto
1225 3101 1285 3152 mibi
1309 3101 1409 3165 triginta
1429 3115 1507 3153 annos
1526 3105 1585 3152 nato
1610 3115 1668 3153 cnm
1698 3101 1756 3152 srlire
1778 3100 1872 3167 nuptiis

1091 3217 1104 3240 ι
1118 3197 1248 3262 oportebat
1269 3202 1296 3249 te
1310 3198 1385 3250 etiam
1405 3198 1548 3263 reipublice
1569 3199 1733 3263 gubernacula
1746 3199 1845 3250 tradere
1864 3218 1871 3249 :

1091 3312 1104 3336 ιι
1120 3305 1150 3343 ea
1162 3291 1228 3342 enim
1239 3297 1313 3343 atate
1330 3297 1357 3343 tu
1371 3307 1471 3357 quoque
1485 3298 1577 3346 nostrae
1586 3295 1685 3346 iamilice
1699 3295 1803 3347 tutelam
1814 3308 1873 3345 sus·

1091 3411 1104 3436 ι
1116 3392 1216 3457 cepisti,
1228 3396 1254 3444 et
1268 3395 1335 3456 regni
1352 3408 1440 3444 curam
1454 3408 1539 3460 gerere
1553 3394 1663 3458 coepisti.

1122 3491 1221 3541 lililill.
1241 3508 1255 3535 ιι
1272 3491 1377 3549 Quodsi
1391 3493 1498 3554 iecisses,
1519 3493 1626 3557 primum
1635 3491 1734 3556 quidem
1747 3493 1792 3541 riri
1803 3490 1838 3555 pii
1848 3493 1874 3542 et

1094 3598 1106 3622 ιι
1123 3579 1181 3630 insti
1195 3578 1287 3630 lamam
1304 3579 1412 3643 tulisses,
1429 3580 1517 3632 deinde
1534 3595 1635 3632 mecum
1649 3580 1717 3643 regni
1732 3584 1808 3643 atque
1819 3593 1871 3630 orn·

1091 3688 1104 3712 ι
1120 3667 1189 3719 nium
1214 3666 1336 3719 bonomm
1359 3670 1482 3734 particeps
1503 3668 1605 3731 luisses,
1625 3674 1651 3720 et
1675 3669 1721 3721 riri
1743 3668 1775 3719 de
1800 3667 1874 3719 nobis

1092 3777 1104 3800 ι
1118 3757 1211 3821 optime
1237 3758 1332 3822 meriti,
1361 3762 1386 3808 et
1410 3758 1518 3822 parentis
1546 3760 1572 3809 et
1597 3756 1743 3817 seruatoris,
1762 3757 1873 3821 aliasque

1093 3866 1105 3889 ι
1119 3845 1293 3910 appellationes
1330 3845 1545 3904 nonoraussimas.
1575 3859 1641 3910 quas
1680 3845 1791 3896 homines
1827 3857 1874 3906 pro

1093 3955 1105 3979 ιι
1125 3935 1227 3999 egregiis
1244 3936 1461 3988 meritistribuera
1481 3936 1570 3997 solent,
1589 3935 1697 3986 audires.
1720 3936 1791 3984 Nunc
1812 3945 1874 3983 rero

205 4036 233 4076 ιο
258 4010 330 4071 ικαὶ
354 4009 561 4090 τετταρακοστὸν
580 4008 636 4075 έτσς
652 4008 805 4119 άποφτιρεῖν
825 4031 859 4083 με
876 4010 927 4066 τῶν
951 4009 1035 4085 ἀμῶν,
1093 4043 1105 4067 ι

1118 4028 1251 4089 postquam
1264 4039 1308 4090 per
1320 4039 1397 4076 annos
1411 4039 1470 4075 xsrs
1495 4038 1552 4075 meo
1565 4038 1606 4076 me
1618 4038 1692 4088 regno
1704 4022 1817 4088 privasti,
1829 4023 1874 4085 spui

1094 4131 1106 4154 ιι
1121 4125 1201 4176 neque
1219 4126 1321 4176 corpore
1337 4113 1384 4163 sim
1396 4112 1484 4162 mutilo
1495 4122 1574 4175 neque
1595 4109 1692 4173 ingenio
1708 4110 1785 4170 tatuo,
1803 4107 1876 4158 lnior·

1094 4220 1106 4243 ιι
1119 4214 1204 4264 rogare
1227 4214 1267 4251 me
1291 4202 1385 4261 nudes,
1408 4213 1459 4264 qua
1476 4199 1565 4249 iniuria
1588 4202 1688 4264 accepta
1708 4200 1733 4248 te
1746 4196 1873 4247 inimicum

1092 4309 1105 4333 ι
1121 4288 1226 4349 ducam,
1240 4293 1265 4340 et
1278 4304 1324 4339 our
1337 4294 1362 4340 te
1374 4293 1504 4340 accusem?
1537 4291 1590 4338 lmo
1605 4298 1665 4338 vero
1680 4290 1708 4337 tu
1725 4288 1786 4352 ipso,
1799 4284 1873 4342 Tulli,

1093 4397 1105 4423 ι
1120 4377 1242 4442 responde
1259 4377 1328 4439 mibi,
1348 4393 1394 4429 cnr
1407 4392 1447 4429 me
1461 4377 1588 4443 indignum
1603 4391 1659 4429 esse
1673 4381 1756 4442 putas,
1771 4375 1818 4439 qul
1829 4375 1875 4426 bo·

1093 4491 1105 4514 ι
1121 4485 1209 4521 norum
1226 4472 1347 4521 oritorum
1369 4470 1441 4523 heres
1457 4470 1520 4530 sim,
1536 4472 1562 4521 et
1580 4480 1712 4532 quamnam
1730 4466 1791 4517 adeo
1814 4479 1875 4530 spe-

1093 4560 1213 4610 «ciosun
1231 4571 1362 4620 caussam,
1386 4573 1431 4610 cur
1452 4573 1527 4624 regno
1544 4572 1585 4609 me
1605 4558 1732 4623 privares,
1753 4554 1874 4606 simulas?

1093 4669 1105 4691 ι
1122 4650 1211 4699 Utrum
1233 4645 1301 4708 quod
1317 4646 1445 4698 existimas
1467 4660 1507 4697 me
1529 4646 1595 4696 iilius
1616 4657 1759 4710 germanam
1778 4643 1874 4707 prolem

1093 4758 1105 4781 ι
1122 4750 1169 4787 non
1180 4747 1245 4794 esse,
1255 4733 1299 4785 sed
1313 4734 1419 4800 aliquem
1434 4734 1657 4801 suppositiclnmet
1672 4734 1792 4786 nothum?
1823 4732 1875 4782 cnr

1093 4847 1105 4870 ι
1120 4827 1195 4887 igitur
1211 4822 1266 4875 eins
1276 4824 1322 4887 qui
1337 4837 1451 4889 agenore
1466 4825 1507 4875 illo
1528 4826 1584 4876 erat
1597 4824 1693 4875 alierum
1707 4823 1811 4874 tutelam
1824 4834 1873 4871 cu·

1093 4934 1106 4959 ι
1122 4926 1223 4978 samque
1236 4911 1347 4975 gessisti3
1355 4913 1436 4978 eique,
1451 4927 1507 4965 cum
1517 4913 1549 4964 ud
1565 4917 1664 4965 etatem
1676 4912 1772 4964 virilem
1784 4923 1872 4976 perse-

1093 5020 1106 5045 ι
1121 5003 1204 5063 nisset,
1224 5001 1288 5051 bona
1305 5003 1452 5054 restituisti?
1473 5016 1505 5053 an
1521 5002 1588 5066 quod
1604 5006 1726 5067 putasme
1738 5001 1818 5051 sdiruc
1828 5014 1874 5064 pu·

1094 5111 1106 5135 ιι
1122 5092 1206 5156 pilium
1221 5108 1276 5145 csse
1293 5107 1338 5143 nec
1352 5090 1530 5155 rempublicam
1542 5090 1714 5142 administrare
1729 5104 1810 5155 posse,
1828 5088 1874 5153 qui

1094 5200 1106 5225 ιι
1123 5195 1171 5231 non
1181 5183 1250 5246 longe
1261 5183 1350 5233 absum
1366 5194 1381 5231 a
1392 5180 1594 5244 quinquagesimo
1605 5185 1683 5231 anno?
1695 5182 1788 5232 Omitte
1799 5178 1874 5242 igitur

1093 5287 1106 5313 ιι
1123 5270 1198 5320 iacias
1214 5269 1289 5321 istam
1306 5269 1485 5322 simulationem
1503 5268 1683 5333 impudentium
1699 5267 1870 5332 interrogatio-
