4052 5926
635 396 933 471 ANTIQUlTA'l’UM
955 399 1109 463 ROMAN.
1133 402 1207 466 LlB.
1233 405 1285 466 l'l.
1703 411 1763 470 359

152 560 170 588 e
183 530 270 593 οἴδασί
292 550 337 606 μοι
349 525 449 610 χάριν,
469 528 552 611 φίλων
571 552 599 589 τι
623 530 670 589 καὶ
688 532 812 590 πελατῶν
833 532 860 590 έν
874 540 928 599 τοῖς
986 542 1087 594 «amiel
1100 547 1126 594 et
1142 544 1244 596 clientes
1256 538 1362 610 gratiam
1375 537 1482 607 debent,
1499 551 1524 598 et
1534 538 1596 600 sont
1611 550 1640 600 in
1658 542 1763 600 numero

152 651 166 677 a
183 620 403 700 ἀναγκαιοτάτας
418 617 594 690 ἐξετάζονται.
639 619 695 680 Καὶ
715 619 829 699 οὗλέγω
843 626 929 681 ταῦτα
985 650 998 675 ι
1012 646 1107 695 eorum,
1118 635 1162 698 qui
1171 636 1232 687 milri
1245 637 1426 689 necessitudine
1438 638 1641 690 coniunctissimi.
1676 643 1761 704 ltaque

152 738 166 766 α
184 713 339 789 κατηγορῶν
356 706 410 787 ἐγὼ
422 710 474 767 τῶν
495 706 533 785 μὴ
553 707 587 766 τά
609 706 790 790 παραπλήσια
804 708 863 784 έμσί
881 731 930 768 πε·
985 736 1073 773 urero
1085 723 1140 774 huc
1155 726 1224 785 dico,
1236 729 1266 776 ut
1284 740 1400 777 accusem
1416 740 1472 790 eos,
1493 728 1537 793 qui
1549 742 1598 778 non
1612 728 1678 778 idern
1691 729 1757 792 quod

151 828 165 855 α
182 798 333 874 ποεηκότων
359 798 415 856 οὐδ’
431 795 457 856 εί
472 819 540 864 τινες
563 796 637 878 νόμῳ
661 795 881 878 συγχωρούμενόν
903 821 929 858 τι
985 830 998 856 a
1011 813 1196 877 egotecerun13
1211 817 1344 879 nequ0‚si
1357 816 1399 880 qul
1414 815 1762 883 legispermissualiqutqsn.

109 913 122 952 e
150 890 293 971 «ἔδρασαν
318 888 418 947 ἀδικεῖν
447 884 542 955 αὖτοὺς
569 884 674 963 οἴομαι,
700 886 770 948 ἀλλὰ
794 886 840 955 τάς
869 888 928 947 κατ’
985 919 998 945 ι
1014 906 1114 962 cerunt,
1141 916 1183 954 eos
1200 904 1308 970 cuipiam
1331 904 1446 956 iniuriam
1471 907 1552 957 lacera
1567 906 1690 970 arbitron
1716 908 1760 959 sed

148 1008 161 1033 ι
177 982 291 1056 έμαυτσῶ
316 973 441 1043 erudeli<
455 973 616 1051 ἀπολύομαι.
985 1006 997 1030 ι
1012 987 1190 1039 criminamini
1203 990 1300 1041 obiecta
1313 988 1391 1042 diluo.

186 1069 246 1129 LX.
260 1095 272 1119 u
286 1064 317 1127 “al
328 1066 351 1125 δ’
362 1067 397 1132 εἰς
408 1065 537 1145 χαλεπῶν
548 1086 577 1123 τι
591 1062 637 1122 καί
648 1068 771 1144 πονηρῶν
785 1064 927 1145 ἀνθρώπων
1013 1086 1063 1134 Lll.
1082 1104 1094 1129 ιι
1106 1086 1177 1143 Quod
1189 1091 1272 1137 autem
1284 1088 1345 1139 milii
1367 1089 1535 1140 maleficorum
1553 1091 1579 1141 et
1589 1091 1760 1154 improborum

149 1182 166 1213 α
180 1154 344 1238 προστασίαν
360 1152 481 1213 ὠνείδισέ
506 1174 567 1229 μοι,
591 1151 740 1231 μισόδημόν
762 1154 851 1213 τεκαὶ
873 1156 927 1214 etr·
985 1166 1140 1218 «hominum
1158 1170 1322 1233 patrocinium
1335 1173 1506 1236 exprobrarit,
1520 1172 1597 1237 plebis
1617 1174 1715 1225 hostem
1734 1179 1761 1228 et

149 1270 163 1293 a
179 1241 306 1323 γαρχεκδν
322 1242 483 1317 ἀποκαλῶν,
498 1238 539 1298 ότι
556 1241 606 1310 τῆς
625 1240 826 1318 ἀριστοκρατίας
840 1240 928 1322 περιέ·
983 1264 997 1293 α
1010 1260 1147 1312 paucorum
1164 1249 1306 1302 dominatus
1325 1253 1465 1305 studiosum
1486 1268 1527 1306 me
1541 1256 1679 1320 appellans,
1696 1272 1760 1321 quo·

95 1355 119 1393 γη
151 1357 163 1381 ι
180 1321 367 1410 mommerlo
386 1328 494 1388 πάντων
523 1329 597 1404 ὑμῶν
617 1329 675 1385 ἐστι
696 1328 925 1408 κατηγορήματα,
983 1349 995 1373 ε
1011 1330 1079 1381 niam
1089 1332 1250 1394 optimatibus
1267 1334 1352 1396 fureo,
1370 1335 1424 1388 haec
1435 1337 1538 1388 crimina
1551 1338 1760 1390 millisuntcom-

147 1446 159 1470 ε
174 1419 230 1480 ὅσοι
254 1421 301 1478 οὐκ
327 1420 429 1487 ἀξιοῦτε
452 1414 596 1497 κρείττονες
629 1414 699 1484 ὄντος
731 1416 781 1476 ὑπὸ
801 1419 927 1498 χειρόνων
983 1431 996 1456 t
1009 1413 1760 1485 munlffil⁰bi⁵⁰¹1fflrq¹¹⁰lll¹¹⁰t2fflffll'lflssililmeumst

149 1533 163 1561 a
180 1508 326 1590 gpqum,
340 1509 395 1567 ,ηδε
416 1506 449 1578 φ,
465 1503 632 1587 παρεχάςκ,
647 1504 700 1564 ὕπὸ
721 1509 774 1566 τῶ,
791 1507 926 1586 π,,,,’,ω,
983 1516 996 1541 ιι
1008 1497 1159 1552 deteriorum
1181 1502 1312 1568 imperium
1331 1504 1494 1568 detrectatis,
1514 1509 1540 1557 et
1563 1510 1686 1571 quotquot
1705 1520 1761 1558 eam

149 1594 313 1667 ᾳπολιτείαν
337 1593 389 1652 ὑπὸ
409 1597 457 1664 τῆς
485 1590 613 1662 κακίστης
637 1593 689 1649 τῶν
722 1594 748 1651 έν
780 1595 927 1676 ἀνθρώποις
983 1580 1566 1652 ’“Γίίί’“θ1ἱῦῑθίθΠῙθθῐθε(θῑθῐθθῑθθίθίθθῑ15
1588 1589 1761 1652 ³⁰⁰⁸Pl⁵u⁵r³

98 1712 102 1717 .
148 1685 319 1743 ,ποχπαῶν
341 1683 523 1762 ἀφωμργναχ
565 1680 607 1740 οη
620 1680 672 1761 ,χρ
687 1679 720 1741 ἃ,
736 1673 928 1766 dmm?
983 1681 996 1707 ι
1011 1664 1179 1719 dominatione
1198 1669 1324 1734 populari,
1338 1669 1560 1735 qmaestpessima
1576 1670 1686 1720 omnium
1698 1673 1763 1721 inter

91 1794 113 1834 re
148 1772 242 1853 εχίαν
262 1771 346 1847 ὄνομα
362 1774 443 1828 θεῖναι
454 1767 573 1840 θελήσειε
587 1771 620 1848 τῇ
634 1772 687 1829 τῶν
697 1771 845 1852 κρατίστων
862 1776 924 1852 ἡγε·
983 1745 1124 1847 “mminfs
1145 1750 1287 1847 ‘⁰³¹’qu
1301 1754 1444 1846 s⁰f¹f¹³¹¹¹m‘
1465 1751 1608 1846 “ipiw'fss
1629 1753 1693 1803 [ΕΜ
1712 1767 1761 1803 '¹⁰¹¹
1814 1831 1816 1835 ,

146 1887 160 1913 χ
178 1860 272 1941 'mgb
291 1860 337 1919 καγ
357 1857 389 1930 δὴ
406 1858 436 1917 τὸ
457 1867 570 1938 πρᾶγμα
589 1855 640 1917 ὑπὸ
658 1863 704 1918 τοῦ
727 1859 853 1936 ὀνόματος
873 1863 927 1922 δια.
983 1851 996 1877 ε
1012 1837 1125 1898 potastis.
1137 1836 1222 1897 Neque
1235 1848 1300 1884 eurui
1312 1849 1335 1885 ει
1348 1838 1395 1885 rste
1412 1848 1501 1885 nomeu
1516 1834 1657 1884 dominatus
1670 1848 1762 1898 pauco-

146 1976 159 2000 ,ι
182 1946 296 2025 ὅχηθγν,
319 1944 540 2027 &meviam
561 1949 639 2022 ἡμᾶς
665 1944 692 2005 δγ
711 1948 802 2029 πολλῷ
826 1946 857 2007 ἂν
882 1950 925 2007 δι’
983 1929 1066 1966 «rum
1085 1917 1208 1981 imponere
1225 1916 1300 1967 vellet
1316 1908 1470 1981 optimatum
1487 1918 1646 1983 principatui,
1662 1922 1762 1984 propte.

231 2035 238 2055 ,
403 2032 411 2055 .
759 2038 767 2059 ,
983 2009 1053 2048 «τεο
1079 2010 1120 2048 res
1138 1997 1192 2061 ipae
1209 1996 1241 2047 ob
1269 1997 1318 2049 hoc
1340 2013 1436 2050 κοηεειι
1460 1999 1488 2050 in
1512 2000 1630 2051 invidiam
1654 2002 1761 2052 adducta

146 2064 159 2089 ⁸
177 2058 313 2115 mum
334 2033 654 2143 {MY‘YUQWJWQ
678 2033 724 2094 καί
751 2036 925 2116 “Momm
981 2099 994 2124 ι
1009 2081 1106 2147 peribit.
1140 2086 1172 2132 At
1186 2095 1232 2132 nos
1243 2083 1322 2133 multo
1331 2083 1421 2135 iustius
1437 2085 1463 2135 et
1474 2083 1557 2135 rarius
1572 2086 1596 2135 ei
1609 2086 1760 2150 exprobrare

147 2150 160 2178 ι
177 2121 344 2201 δημοκοπίαν
354 2145 399 2181 και
410 2144 570 2202 τυραννικων
582 2121 665 2202 ίργων
679 2123 831 2202 ἐπιθυμίαν.
873 2127 926 2185 Οὐ·

90 2233 116 2272 ευ
147 2242 161 2266 ι
178 2212 230 2273 δενὶ
255 2210 307 2292 γάρ
330 2210 363 2287 δὴ
384 2211 482 2282 ἀίδηλον
502 2210 543 2269 ότι
564 2211 751 2292 πᾶςτόρσννος
768 2213 925 2292 independ-
981 2183 994 2209 α
1008 2178 1136 2229 mmm
1157 2164 1237 2231 plebis
1251 2165 1418 2217 ⁸⁶⁰¹³¹i⁰¹¹⁰¹¹¹
1432 2170 1458 2218 a
1472 2168 1761 2232 ίίίθθθῑθῑῧθίίθθῑθῑῑθ·

146 2329 161 2354 ι
179 2302 259 2369 λακσς
275 2299 380 2384 φθεται,
404 2299 450 2360 καί
467 2306 564 2379 ταχεῖα
579 2300 637 2367 θδός
657 2303 714 2360 έστι
727 2309 780 2368 τοῖς
797 2304 927 2364 καταδου·

143 2393 280 2451 «λοῦσθαι
299 2389 347 2457 τὰς
366 2388 455 2456 πόλεις
480 2387 647 2469 βουλομένοις
668 2394 686 2463 ἡ
707 2382 750 2449 διὰ
773 2395 825 2451 τῶν
844 2391 924 2453 κακί-

148 2501 246 2537 εστων
279 2477 381 2557 ἄγουσα
409 2479 526 2536 πολιτῶν
546 2477 592 2537 ίπλ
615 2477 664 2545 τάς
685 2479 857 2553 δυναστείας,
882 2479 926 2549 Ιοθς

148 2567 325 2649 «θεραπεύων
347 2558 420 2634 οὗτος
441 2566 607 2628 διατετέλεκε
631 2567 678 2628 καί
696 2568 755 2629 οὐδὲ
780 2571 859 2652 μέχρι
879 2575 925 2631 τοῦ

88 2679 115 2721 ει
148 2684 161 2709 α
180 2656 309 2738 παρόντος
319 2655 443 2716 παίεται.
488 2647 677 2736 Εθγάρίστε,
693 2655 734 2716 δτι
747 2657 838 2718 οὐκᾶν
853 2658 926 2721 ἐτόλ-

147 2772 160 2800 ι
178 2769 268 2824 μησαν
282 2747 307 2805 σί
326 2749 422 2826 φαῶλοι
444 2745 490 2805 καὶ
511 2744 632 2806 ταπεινοί
649 2749 796 2818 τηλικαῦτα
814 2746 925 2828 έξαμσρ·

145 2862 158 2888 «
176 2844 242 2908 ταῖν,
257 2838 279 2893 εἰ
295 2835 333 2912 μὴ
341 2836 392 2894 ὑπὸ
403 2839 448 2894 τοῦ
461 2839 558 2911 σεμνοῶ
573 2833 619 2894 καλ
633 2835 803 2916 φιλοπολιδσς
821 2837 926 2899 τουτουί

146 2922 366 3004 ιέξηγέρθησαν,
393 2924 429 2991 ῶς
456 2923 489 2995 δὴ
510 2922 647 2984 ἀκίνδυνον
674 2924 761 2993 αὐτοῖς
791 2924 822 2984 τδ
849 2924 926 3007 ἔργον

146 3013 311 3091 εἰσόμενον,
327 3011 373 3071 καί
398 3010 464 3092 πρὸς
487 3012 527 3093 τῷ
546 3011 680 3090 μηδεμίαν
702 3015 829 3094 ὑποσχεῖν
848 3014 925 3089 δίκην

89 3119 117 3161 to
144 3130 155 3151 ε
170 3100 306 3181 κρείττονα
323 3109 419 3181 μοῖραν
440 3105 488 3172 τῆς
508 3097 639 3182 προτέρας
654 3101 764 3171 έξοντες.
807 3103 926 3164 Μόθοιτε

147 3217 159 3240 ε
177 3188 205 3250 δέ
219 3189 251 3250 ἀν
270 3194 304 3259 ὡς
318 3192 404 3262 ἀληθῆ
419 3188 472 3268 ἐγὼ
489 3186 583 3269 λέγω,
606 3190 765 3268 μνησθέντες
781 3191 822 3251 ότι
837 3193 924 3253 δεδιτ-

144 3301 159 3335 ε
176 3278 282 3358 τέμενος
297 3284 365 3357 ὑμᾶς
383 3279 449 3359 ὑπὲρ
468 3278 585 3357 πολέμου
613 3280 658 3340 καί
682 3279 828 3359 διαλλαγάς
845 3284 926 3362 ἀναγ-

146 3366 254 3436 ακαίσς
269 3367 436 3449 ἀποφαίνων,
450 3366 509 3445 ἅμα
524 3368 574 3449 ἔφη
590 3368 687 3436 καλῶς
705 3370 754 3428 οὒκ
767 3369 926 3448 ἀγαπήσου-

147 3481 159 3505 ε
176 3477 217 3515 σιν
247 3458 271 3515 οἱ
288 3455 399 3528 πένητες
424 3457 561 3537 ἀφεθέντες
586 3459 638 3515 τῶν
658 3461 757 3538 χρεῶν,
786 3458 856 3517 ἀλλά
880 3459 926 3519 καλ

89 3558 115 3598 ss
148 3572 159 3599 ιι
180 3544 300 3623 βοηθείας
312 3544 450 3617 δεήσονταί
461 3568 539 3620 τινος,
555 3544 603 3605 καλ
614 3545 663 3604 οὒκ
675 3543 809 3613 ἀνέξονται
823 3544 863 3605 έτι
881 3550 925 3630 ὑφ’

147 3660 159 3683 α
178 3635 253 3710 ὑμῶν
265 3637 300 3701 ῶς
309 3635 355 3693 καλ
365 3633 492 3715 πρότερον
507 3632 653 3714 ἀρχόμενοι
661 3655 669 3672 ·
677 3634 806 3693 τελευτῶν
817 3633 846 3693 δέ
857 3637 926 3707 ὑμᾶς

146 3748 159 3773 «ι
179 3720 252 3793 ἠξίου
268 3722 383 3802 στέργειν
400 3720 434 3781 τά
447 3721 568 3802 παρόντα
584 3721 631 3781 καί
650 3721 798 3802 συγχωρεῖν
810 3722 827 3781 ό
833 3747 859 3782 τι
869 3719 927 3783 θνδ

146 3839 158 3863 ι
176 3812 259 3888 δῆμος
277 3813 364 3894 έπίεῇ
379 3811 482 3891 καθόδῳ
496 3809 626 3889 δικαιῶσρ,
640 3808 753 3888 λαθεῖν,
770 3809 808 3887 μὴ
824 3812 926 3892 διακρί-

146 3927 158 3951 a
175 3923 273 3970 ναντας
293 3901 364 3979 μήτε
378 3901 431 3961 ἀπὸ
445 3902 535 3961 καλῶν
550 3898 650 3981 αἰσχρά
662 3898 731 3976 μήτε
746 3901 800 3961 ἀπὸ
817 3902 925 3962 δικαίων

980 2260 1073 2297 «uam.
1114 2247 1203 2298 Nullus
1227 2248 1292 2298 enim
1312 2252 1360 2311 est,
1382 2249 1425 2312 qui
1448 2262 1498 2299 non
1522 2249 1606 2300 rideat
1631 2251 1761 2301 manifeste

981 2342 1107 2380 «omnem
1121 2333 1252 2393 tyrannum
1263 2342 1295 2381 cx
1309 2330 1388 2396 plebia
1405 2330 1535 2382 adulatore
1558 2331 1627 2395 lieri,
1643 2335 1669 2383 et
1689 2332 1759 2384 com-

981 2433 994 2458 «
1009 2413 1223 2479 pendiosissimem
1237 2428 1292 2465 esse
1304 2414 1371 2465 rium
1385 2414 1432 2477 iis,
1445 2415 1487 2479 qui
1496 2415 1612 2467 civitatee
1622 2417 1762 2482 opprimere

981 2515 993 2540 ι
1011 2495 1113 2557 volunt,
1128 2509 1183 2547 eam
1199 2509 1257 2560 qure
1274 2508 1318 2560 por
1338 2498 1448 2548 levorem
1462 2497 1627 2562 pesaImorum
1650 2500 1759 2559 eirium,

981 2594 1072 2644 equos
1087 2580 1133 2631 lete
1149 2593 1248 2644 semper
1266 2580 1358 2642 coluit,
1377 2583 1403 2631 et
1424 2595 1457 2632 nc
1476 2583 1655 2646 nuncquidem
1679 2585 1763 2636 colere

980 2684 994 2710 a
1008 2664 1099 2717 desiuit
1111 2665 1188 2716 ducat
1201 2663 1234 2715 ad
1246 2664 1391 2728 potentiam.
1426 2665 1493 2717 illud
1510 2667 1576 2717 enim
1595 2669 1677 2729 scitis,
1698 2669 1762 2720 viles

981 2770 994 2795 ι
1009 2751 1155 2803 atahiectos
1165 2751 1277 2801 homines
1285 2753 1383 2802 tantum
1392 2749 1512 2816 flagitium
1520 2754 1619 2815 patrare
1634 2767 1760 2817 nunqnam

980 2856 994 2882 ι
1008 2850 1115 2889 ausuros
1129 2848 1199 2898 assa,
1221 2836 1303 2886 nisia
1325 2836 1467 2887 venerando
1489 2836 1539 2887 isto
1563 2851 1593 2889 ao
1618 2838 1760 2902 reipublice

980 2942 993 2967 a
1006 2922 1119 2974 studioso
1136 2921 1192 2972 viro
1205 2921 1321 2972 concitati
1334 2922 1454 2984 tuissent,
1472 2925 1601 2988 sperantes
1620 2923 1674 2973 iore
1685 2927 1714 2973 ut
1735 2924 1761 2973 in

980 3005 1104 3056 «nullum
1122 3003 1278 3055 incurrerent
1291 3004 1443 3068 periculum,
1463 3003 1598 3069 quinetiam
1613 3010 1704 3069 preater
1723 3005 1762 3069 lp-

981 3103 1062 3140 «sam
1081 3089 1255 3154 impunitatem
1272 3088 1439 3140 conditionem
1456 3104 1555 3155 quoque
1574 3090 1656 3154 priore
1674 3091 1760 3141 molio-

980 3194 993 3221 ι
1007 3188 1060 3226 rem
1069 3174 1278 3226 nanciscerentur.
1310 3177 1372 3225 lirae
1382 3177 1467 3227 autem
1479 3189 1495 3225 a
1507 3188 1548 3226 ma
1561 3189 1620 3226 rere
1634 3175 1683 3225 dici
1700 3189 1759 3240 cog-

981 3279 994 3303 «
1009 3271 1110 3309 noscere
1130 3258 1250 3322 potestis,
1267 3256 1289 3306 si
1309 3256 1457 3309 meministis
1470 3271 1542 3317 eum,
1556 3257 1616 3306 dum
1635 3270 1681 3308 ros
1701 3255 1761 3313 belli

981 3362 994 3386 ι
1008 3340 1173 3406 impendentis
1189 3339 1260 3397 inani
1269 3344 1338 3390 metu
1354 3343 1460 3392 terreret
1475 3344 1501 3392 et
1514 3355 1600 3405 pacem
1620 3343 1762 3393 necessario

982 3445 994 3469 n
1014 3424 1151 3476 laciendum
1170 3423 1276 3485 diceret,
1300 3423 1364 3473 illud
1379 3424 1455 3476 etiam
1474 3422 1613 3486 addidisse,
1640 3439 1762 3491 pauperes

981 3528 994 3550 a
1008 3520 1057 3557 non
1069 3507 1120 3555 tore
1139 3507 1269 3556 contentos
1282 3505 1341 3555 reris
1354 3504 1426 3556 alieni
1448 3505 1605 3566 remissloue,
1622 3508 1666 3557 sed
1685 3511 1761 3576 etiam

982 3607 994 3630 ιι
1008 3587 1126 3637 auxilium
1137 3584 1235 3647 aliquod
1247 3585 1431 3649 postulaturos,
1441 3600 1487 3637 nec
1500 3590 1613 3639 restrum
1630 3590 1763 3654 imperium

981 3689 994 3714 a
1008 3673 1038 3721 ut
1055 3672 1112 3719 nuta
1128 3667 1241 3718 laturos:
1256 3671 1382 3731 postremo
1402 3671 1487 3720 autem
1502 3672 1573 3723 rolris
1595 3674 1719 3731 suasisse,
1735 3682 1763 3725 ut

982 3775 994 3799 ,ι
1013 3754 1038 3805 in
1059 3749 1174 3819 prasenti
1193 3763 1278 3802 rernm
1298 3756 1366 3804 statu
1380 3753 1587 3818 acquiesceretis,
1602 3762 1627 3808 at
1641 3758 1763 3809 concede·

982 3860 994 3883 ι
1010 3838 1070 3889 retis
1080 3847 1236 3900 quecunque
1248 3834 1343 3887 reditus
1359 3836 1399 3888 sni
1411 3849 1499 3888 caussa
1512 3838 1582 3902 plebs
1598 3839 1759 3904 postulasset,

981 3943 993 3967 u
1011 3920 1080 3972 nullo
1100 3921 1166 3972 tacto
1191 3920 1333 3975 discrimine
1346 3923 1411 3973 iuter
1433 3921 1538 3975 honesta
1551 3926 1577 3973 et
1597 3923 1696 3987 turpia,
1718 3924 1761 3974 aut

93 4895 122 4934 bv

148 4015 160 4039 ι
176 3988 267 4050 ἄδικα.
309 3988 451 4062 Τοσαιίτης
461 3987 514 4068 ἀρα
528 3986 667 4056 αὐθαδείας
681 3988 712 4047 τδ
727 3988 837 4061 ἀνόητον
852 3980 926 4057 οὗτος

148 4103 159 4128 ι
176 4079 333 4155 ἐμπέπληκε
346 4082 394 4150 τῆς
408 4076 522 4155 πολεως,
543 4076 611 4156 ἀνὴρ
622 4075 801 4154 πρεσθότερσς
818 4076 863 4135 καὶ
876 4076 927 4136 πεί·

148 4188 223 4233 «σας
250 4165 456 4248 κεκαρπωμένος
478 4166 525 4232 τάς
549 4167 615 4246 παρ’
635 4167 711 4242 ὑμῶν
730 4164 820 4240 τιμοίς.
867 4153 926 4245 Ἆρ’

149 4279 160 4305 a
177 4244 210 4326 ἦν
222 4278 264 4315 σοι
276 4254 359 4330 ἀξιον,
371 4254 513 4333 Οὐαλέριε,
526 4253 587 4314 καθ’
597 4252 694 4333 ἑτέρων
703 4251 737 4311 τά
746 4251 784 4329 μὴ
793 4252 925 4333 προσόντα

149 4366 161 4392 ε
177 4342 264 4417 θνιίδη
279 4344 376 4421 λέγειν,
390 4342 524 4412 τοιαιίταις
534 4342 589 4403 ἀντι
603 4341 774 4423 κατηγορίαις
788 4335 888 4422 ένόχῳ;

184 4432 259 4496 Lxl.
287 4460 301 4487 ι
318 4434 375 4496 Καὶ
393 4432 459 4513 πρὸς
476 4431 525 4510 μέν
537 4431 586 4501 τάς
608 4431 660 4493 θπθ
688 4436 781 4491 τούτου
804 4432 926 4512 ῥηθείσας

149 4519 305 4589 «διαθολθς
320 4524 395 4601 ἀρκεῖ
416 4520 453 4582 τά
477 4521 615 4602 εἰρημένα.
659 4518 745 4599 ’Υπέρ
767 4520 795 4580 δέ
809 4511 847 4581 ῶν
863 4524 927 4599 βου-ι

149 4632 161 4658 ι
176 4608 330 4687 λισσόμενοι
339 4607 548 4684 συνεληλύθατε,
562 4610 633 4669 δοκεῖ
643 4630 688 4686 μοι
709 4607 800 4668 δίκαιοί
818 4611 843 4668 τ’
860 4599 926 4668 είναι

150 4723 162 4747 ι
178 4697 281 4770 καὶτῆς
294 4698 397 4768 πόλεως
416 4698 476 4768 ἀξια
492 4698 538 4758 καὶ
551 4698 718 4778 συμφέροντα
733 4699 814 4773 θμῑν,
830 4697 860 4754 οὗ
874 4696 926 4773 μό-

149 4811 162 4836 ·
178 4808 220 4846 νον
234 4786 290 4848 ilo
301 4789 398 4871 ἀρχαῖς
409 4788 601 4869 ἀπεφηνάμην,
615 4783 684 4846 ἀλλά
700 4785 747 4845 καὶ
760 4791 806 4844 νῶν
823 4782 867 4844 tal
880 4787 927 4854 τῆς

150 4902 161 4925 r
179 4876 259 4949 αὐτῆς
276 4877 387 4957 γνώμης
397 4876 437 4937 έτι
449 4878 535 4954 μένων
555 4872 750 4955 ἀποφαίνομαι,
765 4871 803 4945 μὴ
818 4871 927 4950 συγχεῖν

150 4963 220 5024 «τόν
232 4965 333 5043 κόσμον
348 4970 397 5038 τῆς
409 4963 552 5036 πολιτείας,
568 4961 636 5040 μηδέ
652 4969 733 5020 κινεῖν
743 4961 790 5032 έθη
805 4958 927 5040 πατέρων

150 5078 161 5101 ι
181 5051 302 5128 ἀκίνητα,
322 5050 391 5132 μηδέ
404 5052 519 5132 ἀναιρεῖν
532 5048 559 5119 l}
571 5047 716 5130 ἀνθρώπων
732 5048 837 5119 πίστιν,
858 5048 933 5128 ἱερὸνλ

151 5146 283 5222 «χρῆμα,
308 5144 367 5221 μεθ’
380 5131 412 5213 ἧς
432 5140 525 5201 ἅπασα
548 5138 625 5206 πολις
650 5138 761 5197 οἰκεῖται
786 5137 925 5217 ἀσφαλῶς,

153 5230 259 5312 «δήμῳ
283 5252 312 5291 τε
337 5227 376 5308 μὴ
397 5227 475 5290 είκειν
502 5226 636 5309 ἀγνώμονι
656 5226 755 5288 ἀδίκων
773 5226 856 5307 έργων
880 5224 925 5285 καί

982 4026 994 4050 α
1020 4006 1086 4058 inter
1105 4006 1173 4058 insta
1200 4012 1227 4058 et
1251 4007 1351 4058 iniusta.
1374 4009 1453 4058 Tanta
1484 4007 1624 4071 arrogantia
1648 4008 1761 4060 insenum
1820 4032 1823 4035 ·

982 4090 1181 4155 «vulgasserrex
1202 4091 1262 4151 iste,
1286 4089 1466 4140 nostroiarore
1488 4089 1604 4140 omnibus
1626 4090 1762 4143 honoribus

982 4195 994 4219 ι
1009 4174 1123 4233 iunctus,
1139 4174 1254 4239 replerit.
1287 4177 1324 4224 lln
1342 4173 1426 4239 igitur,
1441 4173 1538 4233 valeri,
1553 4178 1579 4225 te
1591 4174 1694 4227 decebat
1707 4177 1762 4227 aliis

981 4279 994 4301 ι
1009 4258 1070 4309 salsa
1089 4258 1181 4321 probra
1197 4257 1315 4323 obiicere,
1328 4270 1386 4308 cum
1402 4257 1455 4321 ipse
1473 4256 1509 4307 sis
1527 4257 1619 4309 talibus
1636 4259 1762 4312 obnoxius

982 4339 1171 4391 “criminibusi

1010 4438 1072 4487 Llll.
1091 4455 1104 4480 ε
1119 4439 1199 4499 Atque
1212 4435 1266 4486 haec
1286 4436 1387 4499 qrrldem
1399 4435 1520 4488 adversus
1536 4436 1609 4488 istius
1626 4439 1762 4489 calumnias

981 4544 994 4570 a
1011 4523 1143 4575 sufficiunt.
1168 4521 1241 4582 Quod
1254 4535 1313 4573 vero
1330 4521 1419 4574 attinet
1431 4523 1464 4574 ad
1475 4528 1621 4588 presentem
1640 4524 1762 4575 consultu·

981 4634 994 4659 a
1011 4612 1119 4673 tionem
1131 4611 1203 4661 cuius
1218 4623 1305 4661 cauma
1317 4611 1397 4662 eoacti
1418 4612 1492 4674 estis,
1507 4616 1534 4663 et
1553 4624 1667 4676 aequum,
1692 4613 1761 4662 etex

981 4722 994 4747 ι
1008 4702 1095 4768 populi
1108 4700 1210 4751 llomani
1223 4699 1339 4764 dignitate
1349 4703 1425 4763 atque
1436 4713 1451 4750 e
1461 4713 1489 4750 re
1501 4702 1586 4749 nostra
1599 4712 1653 4749 esse
1662 4712 1759 4759 causeo,

981 4809 995 4836 ι
1013 4804 1043 4842 ea
1053 4804 1111 4855 quae
1125 4803 1173 4839 non
1187 4787 1267 4838 solum
1277 4787 1395 4851 principio
1404 4787 1471 4848 dixi,
1484 4786 1529 4837 sed
1539 4800 1596 4850 quar
1607 4786 1682 4838 etlam
1695 4801 1761 4837 nunc

982 4900 995 4924 ι
1009 4879 1035 4929 in
1055 4878 1143 4930 eadem
1155 4889 1298 4941 permanens
1318 4875 1440 4926 sententia
1459 4874 1528 4936 dico,
1541 4875 1637 4926 roilicet
1661 4877 1689 4926 ut
1711 4889 1761 4926 non
1816 4894 1819 4899 Δ

982 4986 995 5011 ι
1011 4965 1191 5017 confundamus
1210 4964 1273 5015 bene
1292 4963 1455 5015 constitutum
1482 4963 1625 5028 reipublice
1649 4966 1758 5026 statum,

982 5073 994 5097 ι
1009 5066 1054 5104 nec
1062 5065 1209 5103 moveamus
1219 5065 1269 5101 non
1280 5048 1416 5100 movendas
1426 5049 1548 5100 maiorum
1558 5049 1759 5114 consuetudines,

982 5163 995 5187 a
1008 5155 1055 5193 nec
1071 5141 1188 5192 tollamus
1201 5154 1231 5191 ex
1252 5138 1383 5190 hominnm
1403 5139 1526 5190 consortio
1542 5138 1630 5200 tidem,
1645 5152 1698 5191 rem
1718 5152 1765 5190 se·-

982 5249 996 5277 ι
1011 5243 1093 5292 oram,
1116 5242 1161 5294 per
1179 5241 1255 5293 qnam
1281 5239 1366 5280 manee
1393 5225 1506 5279 civitatee
1527 5226 1581 5279 tuto
1604 5226 1763 5289 hahitamnsf
