4070 5926
286 410 347 470 tsi
808 404 977 468 DlONYSll
999 403 1378 467 HALICARNASSENSIS

288 570 301 596 o
316 545 432 621 ἀμαυσού
446 539 505 608 τούς
522 540 717 620 χαρισαμένους
730 536 764 596 τά
778 539 892 617 μέγιστα
904 543 956 598 τῶν
972 539 998 598 έν
1012 540 1065 597 άν-
1122 546 1253 599 «omnibus
1266 549 1330 600 meis
1354 549 1426 599 bonis
1445 549 1600 615 spoliarunt,
1618 563 1662 601 eos
1678 549 1723 616 qui
1747 549 1813 600 bona
1834 549 1900 603 inter

289 660 302 688 ο
316 628 429 713 θρώποις
451 632 574 708 ἀγαθῶν·
585 619 623 695 οἷς
641 626 692 705 ἐγὼ
704 626 752 699 τὴν
774 629 861 709 ἀρχὴν
884 627 962 700 τήνδε
978 650 1064 707 παρα·

288 719 461 798 αλαμύάνων
477 717 548 787 θεούς
573 741 603 777 τε
623 720 669 776 καὶ
681 714 806 795 δαίμονας
821 716 950 796 ἐγγυητὰς
965 715 1051 776 ἔδωκα
1056 759 1064 789 ,

288 839 301 866 e
316 811 384 888 μήτε
398 806 544 890 προδώσειν
563 805 594 865 τδ
612 803 698 865 κοινδν
720 805 821 876 αὐτῶν,
858 804 906 877 ήτε
929 825 1064 883 προκατα-

248 937 260 973 ,
288 901 441 959 «λύσεσθαι
462 896 507 957 τὸν
521 898 655 973 πολεμον,
675 893 721 954 tto
737 895 775 973 μή
788 894 966 961 Οὐολούσκοις
982 892 1066 952 άπασι

289 1016 301 1041 ι
317 990 392 1061 δοκῆ.
407 985 492 1054 Θεούς
501 1008 530 1044 τε
540 982 573 1058 δέ,
584 983 725 1060 σεύύμενος
739 982 782 1051 οθς
796 982 899 1062 ὤμοσα,
909 980 955 1043 καλ
966 981 1066 1065 ἀνθρύ-

289 1103 301 1130 u
315 1055 378 1144 πουί
402 1074 553 1152 αἰδούμενος
574 1061 611 1140 οἷς
624 1071 672 1140 τδς
688 1070 791 1139 πίστεις
805 1073 907 1148 ἔδωκα,
920 1072 1066 1148 πολεμήσω

289 1193 301 1219 ο
316 1164 458 1242 Ῥωμαίοις
471 1162 535 1244 ἀχρι
548 1159 649 1229 τέλους.
664 1160 728 1221 'htv
743 1162 768 1219 δ’
783 1161 929 1220 ἀποδιδῶσι
944 1160 993 1232 τὴν
1007 1158 1065 1240 χώ-

289 1281 302 1308 o
319 1278 365 1333 ραν
381 1250 557 1319 Οὐολούσκοις
570 1249 602 1323 ἣν
617 1251 772 1330 κατέχουσιν
788 1252 874 1309 αὐτῶν
890 1248 948 1329 βίορ,
963 1248 1009 1308 καλ
1021 1247 1065 1330 φί-

236 1374 261 1414 to
290 1370 303 1395 ιι
319 1343 380 1411 λους
396 1340 488 1407 αὐτούς
503 1337 667 1411 ποιήσωνται
678 1337 784 1397 πάντων
805 1338 892 1404 αὐτοῖς
915 1335 1067 1415 μεταδιδόν-

290 1455 358 1499 ετες
371 1435 424 1491 τῶν
438 1429 502 1489 ἴσων
516 1427 606 1509 ῶσπερ
622 1428 757 1499 Λατίνοις,
772 1424 929 1502 διαλύσομαι
951 1423 982 1484 τδ
1003 1422 1067 1503 πρὸς

290 1546 302 1573 ι
318 1518 412 1586 αὐτοὺς
422 1516 555 1593 πόλεμον·
568 1515 655 1583 άλλως
669 1516 692 1573 δ’
709 1512 749 1574 οὐ.
794 1512 887 1589 Ὑμεῖς
902 1512 951 1591 μδν
964 1500 1028 1591 οὐν,
1044 1501 1066 1571 ιύ

290 1607 455 1686 «γυναῖκες,
471 1604 550 1664 ἄπιτε
570 1601 617 1662 καλ
631 1602 720 1681 λέγετε
733 1608 786 1668 τοῖς
798 1600 909 1680 ἀνδράσι
923 1603 1006 1660 ταῦτα
1020 1598 1067 1659 καί

291 1722 303 1749 α
318 1695 420 1755 πείθετε
435 1696 530 1760 αὐτοὺς
544 1691 582 1771 μὴ
604 1693 761 1772 φιλοχωρεῖν
776 1690 830 1757 τοῖς
844 1688 992 1770 ἀλλοτρίοις
1005 1688 1065 1749 ἀδί-

236 1813 259 1853 1,
291 1812 304 1838 α
317 1808 386 1856 κως,
402 1782 464 1842 ἀλλ’
478 1784 600 1858 ἀγαπᾶν,
628 1779 674 1840 et»
695 1777 731 1839 τά
745 1781 846 1839 έαυτῶν
867 1777 937 1860 έχειν
958 1801 997 1846 τις
1021 1780 1067 1837 αὐ·

291 1898 304 1925 e
317 1870 377 1939 τούς
404 1872 453 1951 ἐᾷ,
487 1868 549 1946 μηδ’
570 1867 610 1928 ὅτι
635 1868 745 1950 πολέμερ
764 1865 891 1933 λαδύντις
917 1865 1010 1948 έχουσι
1033 1869 1068 1928 τά

290 1958 490 2020 «Οὐολούσκων
513 1955 682 2036 περιμένειν,
702 1955 752 2022 ἐως
764 1954 874 2036 πολέμῳ
895 1954 976 2014 πάλιν
998 1954 1067 2016 αὐτά

289 2047 366 2107 αὑτδ
384 2047 482 2107 τούτων
501 2047 687 2126 ἀφαιρεθῶσιν.
729 2045 769 2104 Οὐ
784 2043 835 2125 γάρ
849 2042 998 2126 ἀποχρήσει
1014 2045 1067 2113 τοῖς

288 2162 301 2189 α
316 2140 442 2216 κρατοῦσι
466 2133 500 2193 τὰ
515 2134 616 2192 έαυτῶν
639 2130 718 2208 μένον
742 2130 888 2191 ἀπολαύεῑν
898 2179 908 2211 ,
936 2133 1004 2193 ἀλλά
1019 2132 1066 2193 καῖ

234 2252 262 2292 20
288 2224 349 2283 «τά
370 2227 422 2283 τῶν
436 2222 619 2303 κρατηθέντων
640 2219 686 2280 ίδί
705 2217 859 2288 ἀξιώσουσιν
875 2219 958 2302 ἐχειν.
1001 2221 1066 2283 Ἐὰν

288 2339 301 2366 a
316 2314 343 2374 δέ
358 2311 541 2391 περιεχόμενοι
552 2313 606 2368 τῶν
621 2308 703 2387 μηδὲν
716 2309 803 2375 αὐτοῖς
813 2309 999 2389 προσηκόντων
1011 2319 1066 2369 πᾶν

288 2429 301 2455 ι
315 2406 400 2461 δτιούν
411 2400 525 2480 πάσχειν
538 2398 690 2476 ὑπομένωσι
705 2396 880 2478 φυλάττοντες
893 2398 923 2456 τδ
938 2399 1064 2476 αὔθαδες,

287 2515 300 2542 ο
315 2489 427 2556 ἐκείνους
439 2486 589 2547 αἰτιάσεσθε
603 2489 656 2546 τῶν
675 2485 902 2568 καταληψομένων
916 2491 1019 2566 κακῶν,
1035 2489 1065 2547 οὐ

287 2606 300 2632 e
314 2578 434 2657 Μάρκιον
455 2575 514 2636 οὐδέ
535 2574 718 2642 Οὐολούσκους
739 2576 795 2635 οὐδ’
816 2574 897 2634 ἀλλον
920 2575 1065 2657 ἀνθρώπων

232 2691 259 2731 σς
287 2666 420 2726 «οὐδένα.
464 2666 519 2725 Σοῦ
534 2662 573 2737 δέ,
596 2652 618 2723 ῶ
638 2668 745 2743 μῆτερ,
765 2667 793 2725 ἀν
817 2662 891 2744 μέρει
906 2665 988 2724 πάλιν
1011 2667 1065 2733 υίὸς

289 2782 300 2809 κ
314 2755 350 2813 ῶν
363 2752 415 2834 ἐγὼ
427 2753 520 2832 δέομαι
534 2751 573 2831 μή
586 2775 618 2828 με
633 2754 799 2833 παρακαλεῖν
811 2753 847 2819 είς
862 2751 980 2820 ἀνοσίους
992 2755 1065 2831 πρά-

288 2871 300 2898 «
317 2841 366 2912 ξεις
381 2841 428 2903 καί
442 2840 547 2911 ἀδίκους
568 2839 636 2918 μηδὲ
657 2841 726 2919 μετὰ
748 2843 800 2899 τῶν
821 2839 946 2919 ἐχθίστων
961 2840 1021 2918 ίμοί
1033 2865 1062 2901 τε

287 2960 301 2988 α
315 2932 360 2993 καλ
388 2935 487 3012 σεαυτῇ
510 2928 672 3006 τεταγμένην
695 2931 836 3006 πολεμίους
860 2932 982 3006 ἡγεῖσθαι
1005 2929 1065 2999 τούς

288 3050 300 3078 ε
316 3020 554 3102 ἀναγκαιοτάτους·
568 3017 637 3077 ἀλλὰ
651 3019 714 3097 παρ’
726 3017 785 3097 ἐμοὶ
799 3017 960 3097 γινομένην,
975 3017 1064 3101 ῶσπερ

229 3134 257 3177 30
285 3141 297 3168 u
313 3114 370 3173 ἀστὶ
384 3112 497 3182 δίκαιον,
510 3109 628 3188 πατρίδα
639 3132 668 3168 τε
681 3109 770 3187 νέμειν
780 3112 812 3184 ἢν
823 3111 875 3189 ἐγὼ
885 3113 957 3191 νέμω
972 3115 1017 3174 καὶ
1028 3107 1066 3174 οἶ-

284 3227 297 3257 α
312 3223 357 3261 κον
368 3199 396 3259 δν
404 3197 456 3278 ἐγὼ
467 3197 611 3275 κέκτημαι,
625 3196 704 3271 τιμάς
713 3220 743 3258 τε
755 3202 976 3280 καρπούσθαιτάς
989 3202 1064 3277 ἐμάς,

284 3314 298 3342 <t
311 3287 357 3348 καλ
372 3286 447 3360 δοῖης
468 3286 610 3347 ἀπολαύειν
629 3291 677 3361 τῆς
695 3289 772 3366 έμῆς,
793 3288 852 3357 τούς
870 3291 963 3359 αὐτοὺς
980 3297 1062 3371 ἡγου-

284 3403 298 3435 ιε
314 3375 396 3453 μένην
411 3375 500 3456 φίλους
519 3399 548 3435 τε
573 3375 618 3435 καὶ
641 3376 783 3455 πολεμίους
801 3377 898 3459 οὐσπιρ
918 3382 983 3460 ἐγώ·
999 3384 1065 3441 ἀπο·

285 3492 298 3519 α
314 3464 405 3524 θέσθαι
420 3466 444 3523 τ’
458 3463 510 3536 ήδη
523 3464 554 3524 τδ
568 3467 669 3540 πένθος,
683 3463 698 3525 θ
712 3467 757 3527 διδ
768 3466 815 3537 τὰς
831 3465 897 3536 bsh<
912 3471 1064 3547 ὑπέμεινας,

231 3587 259 3627 3,
286 3583 300 3609 «ι
315 3544 338 3616 ὦ
352 3551 523 3632 ταλαίπωρε,
539 3551 632 3628 φυγάς,
643 3551 689 3610 καλ
700 3551 852 3611 παύσασθαι
865 3553 1064 3632 τιμωρουμένην

287 3672 300 3699 α
315 3665 349 3718 με
360 3645 398 3723 τῷ
412 3638 532 3721 σχήματι
546 3640 641 3723 τούτιρ.
684 3638 764 3719 Ἐμοί
787 3639 837 3720 γάρ
862 3639 897 3699 τά
920 3639 968 3718 μὲν
982 3642 1065 3716 ἀλλα,

286 3761 299 3788 α
313 3723 336 3793 ῶ
351 3734 445 3813 μῆτερ,
459 3728 546 3809 ἀγαθά
562 3728 698 3808 κρείττονα
714 3728 826 3789 ἐλπίδων
839 3727 885 3788 καί
900 3728 1005 3805 μείζονα
1020 3732 1064 3791 εὐ-

286 3852 298 3879 α
313 3826 364 3903 χῆς
377 3818 451 3899 παρὰ
469 3819 534 3878 θεῶν
554 3841 584 3877 τι
604 3816 651 3876 καί
665 3816 811 3896 ἀνθρώπων
825 3817 989 3891 ἀπήντηται·
1004 3823 1020 3892 ή
1036 3819 1064 3879 δέ

286 3934 299 3960 o
313 3910 374 3988 περί
391 3912 436 3968 σού
451 3908 571 3988 φροντίς,
585 3898 604 3985 ᾗ
616 3903 663 3972 τδις
674 3903 852 3985 γηροδοσκούς
871 3906 919 3964 οὐκ
938 3905 1063 3967 ἀπέδωκα

230 4024 259 4065 ις,
286 4022 299 4049 ι
312 3997 441 4076 χάριτας,
462 3999 616 4066 ἐντετηκυῖα
631 4001 685 4061 τοῖς
701 3992 862 4072 σπλάγχνοις
875 3992 969 4074 πικρδν
982 3994 1065 4056 ἐποίει

287 4084 360 4142 «καὶ
382 4084 508 4156 ἀνόνητον
528 4083 653 4145 ἁπάντων
668 4085 721 4142 τῶν
735 4085 840 4161 ἀγαθῶν
856 4080 900 4142 τὸν
919 4081 987 4161 βίον.
1029 4087 1064 4146 El

286 4198 299 4226 «
314 4170 342 4230 δέ
354 4171 401 4232 οὐν
412 4172 470 4252 ἐμοὶ
483 4172 569 4242 τάξεις
583 4171 697 4244 σεαυτήν
709 4170 755 4230 καὶ
774 4174 827 4230 τῶν
845 4173 916 4250 ἐμῶν
931 4182 1063 4234 κοινωνεῖν

215 4304 219 4313 .
286 4257 444 4331 «ἐθελήσεις
472 4260 615 4333 ἀπάντων,
637 4258 739 4327 οὐδενὸς
765 4259 804 4318 έτι
829 4281 876 4338 μοι
902 4258 991 4334 δεήσει
1010 4265 1063 4322 τῶν

286 4376 300 4404 α
318 4347 486 4429 ἀνθρωπίνων
498 4353 612 4428 ἀγαθῶν.
629 4371 644 4408 ιι

230 4474 256 4512 ς,
323 4437 459 4500 XLVlll.
476 4438 655 4515 Παυσαμένου
666 4437 694 4498 δέ
709 4439 798 4512 αὐτοῦ,
814 4438 907 4519 μικρὸν
918 4442 936 4511 ἡ
948 4443 1063 4501 Οὐετου-

284 4525 328 4605 ρία
356 4528 504 4606 ἐπισχοῦσα
529 4527 640 4607 χρόνον,
666 4527 714 4595 ἕως
736 4530 750 4586 δ
773 4531 825 4587 τῶν
848 4528 1060 4608 περιεστηκότων

283 4615 389 4684 ίπαινος
410 4613 546 4677 έπαύσατο
560 4615 641 4685 πολύς
666 4616 756 4676 τεκαὶ
780 4616 861 4698 μέχρι
877 4618 974 4676 πολλοῦ
989 4617 1063 4694 γενύ-

285 4727 376 4782 μενος,
391 4705 463 4784 λέγει
476 4703 543 4786 πρδς
557 4705 652 4765 αὐτόν·
675 4703 772 4766 «itit
789 4704 872 4787 ἔγωγέ
886 4694 967 4782 σι,ῶ
983 4705 1062 4785 Molp-

284 4820 297 4847 ο
311 4816 353 4852 κιε
376 4792 481 4873 τέκνον,
505 4792 565 4854 οὐτε
585 4793 716 4873 προδύτην
744 4794 917 4856 Οὐολούσκων
941 4794 1063 4874 γενίσθαι

229 4907 255 4946 ιο
285 4879 396 4955 «ἀξιῶ,
411 4881 438 4942 οἵ
459 4906 489 4942 σε
504 4883 632 4963 φεύγοντα
652 4881 840 4962 ὑποδεξάμενοι
854 4891 909 4950 τοῖς
926 4882 951 4943 τ’
972 4882 1062 4951 ἀλλοις

285 4968 441 5047 «ἐτίμησαν
456 4970 503 5030 καὶ
522 4970 571 5045 τήν
593 4974 694 5031 ἑαυτῶν
718 4971 861 5051 ἡγεμονίαν
887 4970 1060 5033 ἀπίστευσαν·

285 5082 298 5109 o
312 5056 371 5117 οὐτε
380 5061 455 5140 παρὰ
467 5056 514 5128 τάς
527 5059 670 5139 ὁμολογίας
682 5059 729 5120 καλ
737 5061 797 5129 τούς
807 5063 896 5141 ὅρκους
906 5061 950 5131 οὐς
961 5062 1062 5131 έδωκας

286 5168 298 5194 ι
313 5144 414 5217 αὐτοῖς,
431 5146 475 5207 ὅτε
487 5148 534 5216 τάς
553 5147 677 5225 δυνάμεις
690 5148 914 5229 παρελάμύανες,
930 5151 992 5212 ἀνευ
1004 5173 1060 5211 κοι-

287 5255 299 5278 ·
312 5233 358 5301 *ἧς
377 5232 484 5312 γνώμης
506 5236 559 5319 ίδίσγ
582 5236 782 5298 καταλύσασθαι
804 5239 852 5310 τήν
873 5239 970 5321 ἔχθραν
997 5240 1061 5321 βού·

1120 653 1134 678 ε
1149 633 1263 687 homines
1284 636 1394 687 maxima
1417 636 1479 687 mihi
1502 637 1585 702 largiti
1612 641 1698 688 sunt:
1724 637 1818 703 quibus
1838 652 1898 703 ego,

1121 741 1134 767 α
1148 736 1207 774 cum
1230 725 1279 776 hoc
1298 725 1432 790 imperium
1457 726 1612 791 acciperem,
1634 729 1661 777 et
1680 725 1743 777 cleos
1761 729 1786 777 et
1813 727 1900 792 genios

1121 831 1134 857 ι
1149 826 1281 878 sponsores
1290 814 1363 875 dedi,
1380 813 1451 878 fore,
1468 818 1497 865 ut
1508 828 1589 880 neque
1611 828 1698 866 eorum
1718 815 1898 886 rempublicam

1121 902 1285 967 «proderem,
1300 917 1346 955 nec
1361 903 1455 955 bellum
1466 903 1630 968 deponerem,
1655 903 1704 954 nisi
1722 903 1755 955 (le
1772 903 1899 961 communi

1120 1009 1134 1034 α
1146 991 1258 1042 omnium
1270 992 1418 1044 Volscorurn
1430 993 1562 1045 sententia.
1578 996 1750 1058 Quapropter,
1763 997 1817 1043 turn
1827 997 1900 1061 metq

1121 1096 1134 1122 ι
1149 1078 1273 1143 deorum,
1294 1094 1339 1147 per
1349 1095 1413 1148 quos
1424 1082 1524 1145 iurari,
1540 1086 1596 1134 tum
1606 1083 1737 1134 hominum
1751 1081 1900 1142 reverentia,

1122 1185 1134 1210 ι
1151 1166 1242 1232 qulbus
1261 1168 1336 1221 tidem
1361 1169 1434 1233 dedi,
1448 1170 1544 1223 bellurn
1561 1184 1620 1223 enm
1634 1172 1754 1223 Romanis
1771 1171 1804 1223 ad
1824 1170 1902 1225 tinen

1122 1271 1135 1297 α
1148 1267 1228 1317 usque
1245 1268 1338 1318 geram.
1380 1257 1453 1316 Quod
1476 1258 1498 1309 si
1518 1257 1676 1310 restituerint
1694 1258 1791 1310 volscis
1813 1273 1902 1324 ugrum

1121 1358 1134 1384 α
1146 1355 1247 1400 eorum.
1260 1357 1336 1408 quem
1348 1344 1433 1396 inritis
1447 1344 1497 1396 illis
1510 1349 1648 1411 occupant,
1660 1359 1754 1412 eosque
1767 1347 1794 1398 in
1813 1347 1902 1398 amiei-

1123 1428 1212 1479 otium
1236 1433 1262 1481 et
1281 1444 1368 1496 parem
1389 1431 1452 1483 iuris
1472 1432 1647 1500 libertatisque
1669 1433 1854 1495 conditionem,
1870 1438 1904 1486 nt

1122 1536 1135 1561 α
1150 1517 1264 1579 Latinos,
1282 1519 1435 1585 receperint,
1459 1534 1545 1586 pacem
1569 1521 1620 1574 illis
1637 1521 1704 1573 dabo
1723 1538 1730 1568 ε
1754 1521 1828 1575 aliter
1840 1537 1904 1575 rere

1122 1625 1136 1652 ι
1149 1620 1208 1658 non.
1240 1610 1291 1659 vos
1308 1607 1394 1674 igitur,
1411 1612 1546 1668 matrona,
1561 1609 1644 1673 abite,
1657 1614 1734 1676 atque
1749 1611 1805 1662 huec
1824 1612 1904 1663 mari-

1123 1714 1136 1739 α
1151 1695 1185 1746 tis
1197 1696 1288 1746 restris
1303 1695 1394 1757 dicite,
1408 1700 1433 1749 et
1445 1697 1495 1748 illis
1507 1698 1630 1763 suadeta,
1646 1712 1678 1749 ne
1694 1713 1736 1781 res
1748 1699 1842 1750 alienas
1859 1714 1907 1762 per

1122 1802 1135 1827 α
1151 1782 1269 1835 iniuriam
1288 1785 1395 1837 retinere
1410 1785 1527 1851 cupient,
1541 1786 1586 1839 sed
1606 1789 1636 1839 ut
1657 1784 1719 1840 satr‘s
1735 1788 1798 1853 ipsis
1810 1789 1861 1848 sit,
1877 1790 1904 1839 si

1122 1889 1136 1914 ι
1149 1870 1224 1922 detur
1237 1872 1286 1922 hui
1306 1873 1427 1938 propriis,
1456 1887 1519 1926 nere
1543 1877 1702 1941 exspectent,
1716 1874 1797 1927 donec
1818 1876 1903 1927 Volsci

1122 1977 1136 2004 α
1150 1973 1190 2011 res
1211 1960 1287 2010 armis
1305 1961 1351 2011 sibi
1370 1963 1470 2026 ereptus
1481 1961 1569 2013 eodem
1592 1962 1651 2015 belli
1670 1963 1726 2015 iure
1744 1960 1796 2015 illis
1815 1967 1903 2016 extor-

1122 2068 1134 2092 α
1149 2052 1251 2114 queant.
1292 2049 1436 2102 Victoribus
1456 2052 1524 2103 enim
1546 2066 1596 2103 non
1618 2053 1668 2103 erit
1690 2053 1753 2105 satis
1777 2068 1818 2105 res
1839 2070 1903 2106 suas

1121 2157 1135 2182 ε
1150 2141 1248 2187 tantum
1266 2138 1388 2204 recepisse
1417 2156 1424 2188 z
1448 2140 1494 2191 sed
1515 2139 1581 2191 bona
1599 2154 1703 2207 queque
1723 2155 1822 2201 sorum,
1852 2144 1903 2208 qui

1122 2245 1134 2270 e
1151 2225 1210 2276 victi
1224 2224 1335 2288 fuerint,
1350 2226 1444 2279 habere
1457 2228 1550 2280 volent.
1566 2228 1671 2288 Quodsi
1683 2243 1743 2282 rere
1753 2230 1826 2282 solita
1836 2245 1902 2282 con·

1121 2314 1274 2376 «tomacla,
1298 2328 1353 2375 res,
1382 2328 1440 2381 quas
1466 2316 1529 2367 nihil
1557 2317 1590 2369 ad
1611 2331 1639 2370 se
1670 2320 1811 2384 pertinent,
1836 2322 1900 2373 reti-

1121 2422 1133 2447 «
1148 2406 1250 2464 nentes,
1261 2403 1364 2470 quidvis
1375 2405 1469 2470 perpeti
1483 2405 1584 2465 malint,
1606 2406 1785 2459 sibrectum
1798 2408 1902 2461 eclani-

1121 2511 1134 2536 «
1146 2494 1212 2543 tates
1222 2490 1368 2554 adscribite,
1383 2507 1476 2560 eosque
1496 2500 1619 2555 accusate,
1640 2510 1689 2547 non
1705 2497 1837 2561 Marcium,
1852 2512 1901 2551 nee

1122 2600 1134 2624 α
1149 2580 1272 2644 volscos,
1286 2594 1333 2632 nec
1344 2581 1422 2633 ahum
1432 2584 1576 2649 quempiam
1588 2585 1741 2638 mortalium.
1756 2586 1791 2638 Te
1804 2602 1871 2651 vero,
1882 2604 1902 2640 o

1122 2687 1135 2712 e
1150 2669 1249 2724 mater,
1267 2665 1380 2719 vicissim
1402 2680 1447 2731 ego
1471 2672 1533 2719 tuus
1557 2669 1624 2720 illius
1646 2685 1707 2732 oro,
1730 2686 1763 2724 ne
1782 2673 1817 2724 sis
1838 2674 1902 2725 mihi

1131 2770 1145 2795 ε
1159 2751 1248 2800 auctor
1263 2746 1401 2801 facinorum
1420 2752 1554 2816 impiorum
1572 2758 1598 2805 et
1614 2754 1783 2816 iniustorum,
1796 2770 1857 2808 neve
1868 2757 1902 2808 ab

1122 2853 1134 2879 ι
1147 2836 1290 2890 horninibus
1300 2840 1326 2889 et
1336 2835 1398 2886 mihi
1411 2839 1437 2886 et
1447 2835 1494 2887 tibi
1502 2835 1675 2890 infensissimis
1689 2840 1773 2900 mans,
1784 2852 1829 2904 pro
1840 2840 1901 2892 hos-

1121 2938 1133 2964 ι
1147 2919 1216 2971 tibus
1232 2920 1309 2971 ducas
1321 2934 1378 2980 eos,
1394 2921 1440 2986 qui
1459 2919 1642 2972 necessitudine
1655 2921 1701 2973 tibi
1712 2925 1773 2972 sunt
1783 2924 1902 2974 conium·

1121 3022 1134 3048 α
1149 3003 1239 3055 tissimi
1263 3024 1270 3055 z
1294 3004 1339 3056 sed
1360 3004 1427 3069 apud
1447 3017 1487 3054 me
1506 3017 1652 3067 remanens,
1674 3010 1704 3055 ut
1725 3019 1828 3071 ωιγιιυιιι
1846 3013 1899 3069 est,

1121 3109 1134 3134 a
1148 3089 1268 3152 eandem
1286 3104 1363 3156 quam
1386 3103 1445 3155 ego.
1473 3089 1578 3154 patriam
1597 3090 1706 3150 incolas,
1729 3096 1756 3142 et
1781 3093 1899 3151 domum,

1122 3190 1227 3242 «quam
1259 3176 1322 3227 mihi
1349 3178 1452 3242 parari,
1488 3176 1601 3241 meisque
1631 3175 1769 3228 honoribus
1792 3176 1900 3239 fruaris,

1122 3272 1260 3324 «memque
1281 3258 1365 3323 gloria
1382 3259 1418 3309 sis
1443 3258 1582 3324 particeps,
1609 3259 1711 3311 eosdem
1733 3264 1761 3310 tu
1782 3275 1900 3326 quoque,

1121 3360 1133 3388 e
1149 3356 1213 3408 quos
1230 3356 1293 3406 ego,
1316 3355 1361 3406 pro
1374 3342 1474 3402 επιῖσίο,
1496 3346 1523 3394 et
1544 3342 1661 3395 hostibus
1676 3343 1784 3405 habens;
1796 3343 1903 3409 iamque

1121 3448 1133 3472 ι
1146 3427 1224 3478 istum
1236 3427 1333 3478 luctum
1353 3426 1479 3490 deponas,
1500 3440 1576 3492 quem
1589 3431 1692 3493 propter
1717 3440 1800 3478 meum
1829 3428 1903 3478 exsi-

1121 3533 1134 3557 ι
1149 3511 1225 3574 lium,
1238 3511 1345 3570 misera,
1362 3510 1501 3577 pertulisti3
1514 3514 1541 3562 et
1553 3525 1595 3563 me
1606 3513 1722 3578 squalore
1739 3514 1789 3564 isto
1808 3525 1903 3562 rexere

1122 3614 1134 3638 α
1146 3593 1255 3646 desinas.
1297 3593 1359 3646 ltihi
1379 3593 1457 3652 enlm,
1478 3596 1567 3654 mater,
1589 3598 1674 3645 cetera
1696 3594 1798 3660 quidem
1819 3595 1900 3653 bona,

1122 3696 1134 3720 α
1149 3677 1231 3728 multo
1244 3677 1429 3743 prestantiora,
1441 3690 1519 3742 (μεσπι
1530 3690 1645 3742 sperare,
1663 3681 1689 3727 et
1700 3679 1809 3736 maiora,
1825 3691 1901 3742 quarn
2012 3684 2013 3747 j

1122 3764 1236 3825 «optare
1254 3760 1403 3825 potuissem,
1422 3761 1527 3812 deorum
1542 3764 1618 3827 etque
1637 3761 1770 3813 hominum
1794 3761 1901 3813 benero-

1121 3866 1134 3891 ι
1148 3846 1224 3897 tentia
1241 3845 1406 3909 contigerunt.
1438 3845 1486 3897 Tui
1500 3859 1560 3897 vero
1579 3859 1656 3908 cura,
1676 3847 1719 3898 cui
1733 3846 1759 3897 in
1774 3850 1901 3898 senectute

1120 3950 1133 3975 α
1149 3930 1288 3981 nutricandi
1300 3930 1407 3994 gratiam
1418 3944 1468 3981 non
1479 3929 1569 3991 retuli,
1581 3931 1607 3982 in
1618 3931 1678 3996 ipsis
1692 3932 1756 3983 meis
1764 3931 1901 3983 visceribus

1120 4033 1134 4062 α
1150 4013 1289 4075 inherens,
1312 4012 1386 4077 tacit,
1398 4016 1428 4065 ut
1439 4014 1564 4067 mihirits
1580 4014 1615 4067 sit
1632 4016 1739 4079 acerba,
1754 4017 1900 4082 nullumque
2011 4084 2012 4087 Ἴ

1120 4118 1133 4143 ι
1145 4110 1174 4149 ex
1185 4109 1215 4148 ea
1226 4094 1338 4147 hactum
1352 4096 1456 4162 capiam.
1472 4096 1545 4156 Quod
1563 4098 1693 4150 siameis
1714 4099 1830 4162 pertibus
1848 4103 1897 4149 ste·
2011 4096 2012 4103 ’

1120 4200 1133 4226 ι
1146 4180 1221 4239 teris,
1234 4183 1260 4231 et
1272 4194 1357 4231 rerum
1368 4193 1481 4231 mearum
1492 4182 1603 4233 omnium
1617 4182 1743 4247 particeps
1752 4196 1807 4235 esse
1817 4182 1899 4234 volue-
2011 4184 2012 4189 ’

1120 4285 1133 4310 «
1147 4264 1196 4324 ris,
1218 4263 1282 4315 nihil
1294 4264 1357 4314 mihi
1371 4264 1479 4329 amplius
1493 4265 1525 4317 ad
1545 4278 1668 4317 summam
1689 4266 1828 4319 humanum
1848 4265 1898 4318 seli·

1120 4367 1132 4392 α
1148 4347 1250 4399 citatem
1260 4347 1351 4399 deerit.
1365 4367 1377 4392 ι

1149 4451 1258 4501 lthvlll.
1277 4451 1341 4502 cum
1355 4455 1441 4502 autem
1453 4451 1528 4505 tinem
1539 4451 1639 4505 dicendi
1657 4453 1771 4518 iecisset,
1785 4454 1897 4517 veturia,

1116 4551 1194 4604 parra
1211 4551 1282 4589 mora
1298 4538 1462 4605 interposita,
1483 4540 1562 4593 donec
1576 4541 1793 4594 circumstantium
1814 4544 1899 4607 ingens

1117 4629 1143 4678 et
1156 4626 1237 4677 multa
1250 4624 1361 4678 laudatio
1374 4627 1544 4691 cessaret,sic
1558 4642 1617 4680 eum
1637 4632 1676 4681 est
1692 4630 1823 4682 allocuta:
1839 4651 1853 4677 ι
1867 4634 1898 4682 λι

1118 4734 1131 4759 ε
1146 4728 1205 4781 ego,
1221 4714 1256 4766 tili
1275 4717 1366 4775 Marci,
1390 4729 1449 4776 nec,
1473 4720 1503 4768 ut
1518 4716 1631 4770 'Volscos
1650 4716 1757 4785 prmus,
1782 4719 1896 4786 postulo,

1117 4825 1130 4853 α
1144 4804 1228 4870 quite
1242 4804 1355 4856 exsulem
1371 4804 1513 4857 humaniter
1530 4811 1696 4872 exceperunt,
1717 4812 1745 4860 et
1762 4823 1822 4861 cum
1843 4809 1897 4861 aliis

1117 4913 1129 4937 r
1144 4894 1283 4946 honoribus
1305 4891 1457 4955 affecerunt,
1484 4897 1540 4946 tum
1569 4896 1646 4948 etiam
1666 4897 1800 4963 imperium
1824 4908 1897 4949 mum

1117 5001 1129 5025 ι
1145 4981 1191 5032 tibi
1212 4980 1404 5046 commiserrmt;
1423 4995 1471 5034 nee
1486 4982 1559 5047 volo,
1583 4988 1613 5036 ut
1637 4991 1723 5036 contra
1745 4987 1895 5038 conditiones

1117 5089 1129 5114 α
1145 5071 1171 5120 et
1181 5070 1369 5132 iusiurandum,
1381 5085 1432 5136 quo
1446 5074 1472 5123 te
1483 5071 1534 5124 illis
1551 5072 1722 5138 obstrinxisti,
1735 5074 1895 5141 quandmm·

1117 5176 1130 5202 ε
1142 5158 1240 5223 perium
1261 5159 1389 5225 copiarum
1407 5160 1537 5226 accepisti,
1557 5161 1610 5214 sine
1627 5165 1755 5216 communi
1774 5177 1896 5217 consensu
2008 5152 2009 5193 t

1118 5267 1131 5293 α
1142 5248 1261 5314 μελετῶσα
1274 5248 1416 5303 imminuis
1429 5250 1555 5318 depones:
1574 5265 1656 5318 neque
1667 5253 1813 5317 existimes,
1824 5254 1894 5307 maht
