4088 5936
262 421 321 481 tet
451 430 456 439 ·
787 406 956 473 DIONYSII
976 406 1357 470 Httlctutlllssultsls

263 580 276 607 ι
296 552 393 625 νηθείς.
435 551 549 629 Ἕρημα
564 548 591 609 δέ
611 546 657 607 καὶ
670 545 773 628 δρφανδ
785 544 819 604 τά
833 545 949 617 δύστηνα
963 544 1041 602 ταυτὶ

263 669 275 694 ν
297 641 392 701 παιδία
411 638 618 709 καταλείπεται,
643 636 760 695 κίνδυνον
783 634 813 692 ού
835 631 880 692 τδν
902 631 1041 711 ἐλάχιστον

263 759 277 786 ε
298 729 363 809 ῦπδρ
372 735 419 801 τῆς
430 731 517 808 ψυχῆς
528 726 669 807 τρέχοντα·
682 727 705 785 εέ
718 723 769 802 γὰρ
779 723 823 782 ἐπὶ
838 720 977 801 Μαρκίοις,
990 724 1043 787 τοῖς

264 845 277 871 ι
298 819 419 877 ἀνελοῦσι
438 814 482 874 τὸν
502 815 612 873 πάππον
627 816 726 887 αὐτῶν,
742 812 775 872 τδε
789 816 836 885 τῆς
853 811 954 878 πόλεως
967 810 1043 871 ἐσται

222 929 236 967 ε
263 934 276 960 ι
297 906 462 983 πράγματα,
481 903 525 962 τόν
546 903 674 963 οἴκτιστον
695 903 855 962 ἀπολοῦνται
876 900 971 981 τρόπον
998 900 1043 959 ὑπ’

263 1021 276 1047 ε
298 996 393 1052 αὐτῶν·
403 994 478 1073 ἔσται
489 992 543 1050 οὐδ’
554 995 616 1066 ύμῖν
628 991 772 1073 δεφαλὴςδ
785 989 849 1069 βίος,
857 979 894 1056 οἷς
904 988 1043 1067 ἐνεγγύησε

264 1110 277 1135 ι
297 1082 451 1162 Ταρκύνιος,
461 1081 508 1147 τδις
522 1082 614 1140 δαυτοῦ
624 1080 768 1158 θυγατέρας
780 1078 891 1144 ἐκείνους
903 1076 1042 1158 ὑπεριδὼν,

264 1198 278 1226 ι
300 1171 345 1229 ἐὰν
365 1173 389 1229 oi
409 1170 581 1250 φονεύσαντες
602 1168 680 1228 αὐτὸν
698 1167 746 1237 τὴν
762 1168 847 1248 ἀρχὴν
861 1166 1042 1247 κατάσχωσιν,

265 1285 278 1313 ι
299 1257 358 1318 otii
372 1260 426 1327 τοῖς
440 1259 528 1325 σίλλοις
543 1259 623 1318 αὐτοῦ
641 1256 725 1338 φίλοις
744 1256 788 1314 καὶ
805 1255 971 1335 συγγενέσιν,
990 1255 1043 1314 οὐδ’

212 1368 237 1407 tu
265 1372 278 1399 r
299 1350 363 1422 ἡμῖν
379 1355 436 1415 ταῖς
454 1347 555 1413 ἀθλίαις
569 1345 700 1424 γυναιξίν,
715 1340 783 1403 ilii
797 1343 898 1409 πάντας
910 1347 982 1420 ἡμᾶς
994 1366 1043 1424 φα-

265 1462 278 1489 ι
300 1440 380 1515 νερῶς
392 1460 421 1494 τε
433 1435 478 1494 καὶ
492 1435 578 1514 κρύφα
597 1434 768 1516 πειράσονται
778 1431 905 1492 διολέσαι.
949 1434 1044 1493 Ταῦτα

266 1551 279 1578 r
300 1516 345 1585 οῦν
354 1524 557 1601 ἐνθυμουμένους
567 1529 638 1599 ἡμᾶς
647 1525 686 1582 δεῖ
694 1522 731 1598 μὴ
744 1530 867 1602 περιορᾶν
876 1519 935 1588 τοθς
947 1521 1044 1580 ἐκεῖνον

268 1640 281 1664 ι
303 1612 506 1679 ἀποκτείναντας
535 1612 632 1690 ἄνδρας
658 1611 777 1678 ἀνοσίους
801 1610 847 1669 καὶ
873 1617 955 1669 πᾶσιν
980 1614 1044 1687 ἡμῖν

267 1728 281 1755 ε
302 1701 409 1780 ἐχθρούς
428 1700 557 1773 τοσαύτην
581 1701 664 1781 ἀρχὴν
686 1702 875 1780 κτησαμένους,
895 1701 955 1762 ἀλλ’
975 1706 1046 1763 ἐναν-

215 1812 240 1850 ιο
267 1817 280 1843 α
302 1794 419 1849 τιοῦσθαι
442 1789 487 1849 καὶ
510 1792 633 1866 κωλύειν,
653 1796 698 1850 νῦν
722 1790 770 1867 μίν
795 1792 885 1872 ἀπάτῃ
911 1791 957 1851 καὶ
978 1792 1047 1873 δόλῳ

268 1907 280 1932 ι
302 1879 498 1959 χρησαμένους·
513 1880 613 1940 τούτων
626 1881 677 1961 γάρ
692 1883 719 1939 ἐν
734 1884 772 1962 τῷ
788 1881 898 1959 παρόντι
913 1884 967 1941 δεῖ·
983 1879 1046 1941 ὅταν

268 1984 282 2021 ε
302 1968 330 2027 δέ
346 1966 379 2028 τδι
394 1971 488 2049 πρῶτα
503 1973 568 2044 ἡμῖν
584 1968 695 2050 χωρήσῃ
710 1968 779 2029 κατδε
793 1975 868 2044 νοῦν,
882 1970 942 2032 τότε
957 1969 1003 2031 καί
1018 1971 1048 2029 ἐκ

270 2085 283 2111 ι
304 2063 349 2117 τοῦ
365 2063 475 2140 φανεροῦ
489 2058 564 2138 πάσῃ
581 2056 691 2133 δυνάμει
704 2062 750 2118 καλ
769 2058 828 2135 μεθ’
847 2058 937 2121 όπλων
959 2061 1047 2127 αύτοῑς

268 2172 282 2199 ι
302 2146 383 2223 ὁμόσε
396 2152 561 2226 χωροῦντας,
582 2144 626 2205 ἐδιν
641 2146 692 2226 άρα
707 2146 753 2205 καὶ
766 2147 860 2209 τούτου
875 2148 932 2228 δέη.
977 2147 1047 2209 Ἀλλ’

215 2253 241 2292 au
269 2261 282 2287 ι
301 2235 330 2292 οῦ
344 2235 431 2307 δεήσει
448 2233 627 2314 βουληθέντων
653 2236 730 2311 ἡμῶν
747 2237 872 2315 πράττειν
896 2240 940 2294 νῦν
965 2234 1046 2293 θδιῖ.

269 2350 282 2377 r
303 2323 371 2384 Τίνα
379 2326 406 2383 δέ
415 2329 500 2384 ταῦτα
512 2323 582 2397 ἐστί,
593 2327 696 2402 πρῶτον
707 2324 754 2400 μὲν
762 2325 941 2403 κρυπτώμεθα
950 2323 995 2384 τὸν
1001 2329 1059 2385 τοῦ·

269 2439 282 2466 ι
305 2413 433 2492 βασιλέως
455 2412 582 2484 θάνατον,
604 2412 650 2470 καί
666 2413 730 2493 πρὸς
749 2411 867 2480 ἅπαντας
884 2412 1048 2494 ἐξενεχθῆναι

270 2529 282 2554 ι
303 2500 563 2582 παρασκευάσωμεν,
584 2504 624 2559 ὅτι
647 2499 751 2578 πληγὴν
774 2502 897 2575 οὐδεμίαν
916 2500 972 2583 ἔχει
991 2502 1050 2560 καί·

269 2616 282 2644 ε
305 2612 377 2663 ρεον,
393 2589 421 2649 οί
427 2613 455 2649 τε
466 2592 551 2660 ἰατροὶ
562 2589 711 2666 λεγέτωσαν
727 2592 753 2648 ἐν
767 2590 867 2670 ὀλίγαις
878 2594 990 2669 ἡμέραις
1004 2593 1050 2650 αῦ-

222 2692 248 2732 ts
270 2697 283 2726 ι
304 2670 349 2731 τδν
360 2672 504 2742 ἀποδείξειν
510 2677 585 2752 ὑγιῆ·
596 2676 678 2736 ἔπειτ’
684 2677 737 2755 ἐγὼ
747 2679 912 2755 προελθοῦσα
923 2679 961 2743 είς
969 2678 1046 2751 τούμ·

268 2788 281 2815 ι
303 2760 382 2841 φανές
406 2764 458 2843 ἐρῶ
477 2763 540 2840 πρδς
559 2764 602 2824 τὸν
621 2763 715 2847 όχλον,
730 2769 765 2833 ὡς
784 2767 816 2839 δὴ
837 2764 988 2843 Ταρκυνίου
1002 2788 1046 2841 μοι

269 2876 281 2900 ι
302 2851 376 2907 ταῦτ’
388 2852 470 2909 εἰπεῖν
481 2852 683 2933 ἐπισκήψαντος.
694 2855 734 2915 ὅτι
745 2854 851 2914 πάντων
864 2852 1047 2914 ἀποδείκνυσιν

270 2968 282 2995 ι
303 2940 466 3021 ἐπιμελητλν
476 2941 521 3002 καλ
530 2941 635 3024 φύλακα
644 2945 695 3002 τῶν
703 2965 731 3002 τε
741 2941 814 3003 ἰδίων
825 2943 871 3003 καί
882 2945 933 3002 τῶν
940 2944 1046 3016 κοινῶν,

269 3058 282 3083 ι
303 3032 351 3099 ἐως
375 3031 451 3099 αὐτὸς
469 3034 500 3092 ἐκ
520 3037 571 3092 τῶν
587 3031 746 3110 τραυμάτων
766 3031 840 3108 θγιης
857 3032 978 3110 γίνηται,
1002 3030 1047 3090 τὸν

212 3136 240 3180 tu
269 3148 282 3172 ι
304 3119 392 3199 ἐτερον
403 3122 455 3178 τῶν
466 3122 561 3179 ἐαυτοῦ
572 3118 711 3199 γαμόρῶν,
720 3118 750 3177 τδ
764 3119 809 3178 σὸν
825 3122 934 3179 εἰποῦσα
949 3120 1047 3196 ὄνομα,

269 3235 281 3261 ι
302 3197 324 3267 d
336 3210 447 3269 Τύλλιε·
461 3208 536 3268 ἐσται
550 3210 572 3267 δ’
587 3210 634 3267 ούκ
645 3207 738 3268 άκουσι
749 3205 892 3287 Ῥωμαίοις
902 3207 972 3267 ἀλλὰ
986 3212 1048 3288 βου·

269 3324 282 3348 ι
302 3297 420 3374 λομένοις
430 3296 482 3355 ὑπὸ
493 3303 539 3357 σοῦ
556 3297 606 3368 τὴν
621 3298 698 3356 πόλιν
711 3297 940 3378 ἐπιτροπεύεσθαι,
957 3301 1001 3379 ὑφ’
1017 3287 1047 3356 ού

269 3411 281 3435 ι
302 3383 429 3452 πολλάκις
447 3384 499 3459 ἤδη
524 3384 709 3465 καὶπρότερον
729 3385 917 3466 ἐπετροπεύθη.
959 3382 1047 3446 Ὅταν

267 3500 280 3527 a
303 3471 330 3531 δέ
344 3473 388 3532 τὸν
399 3473 518 3554 παρόντα
532 3475 649 3534 κίνδυνον
662 3473 893 3551 διασκεδάσωμεν·
907 3470 980 3533 οῦδὲν
996 3472 1046 3553 γδιρ

213 3589 240 3631 tt
268 3589 281 3617 ι
303 3563 342 3622 ἐτι
358 3566 411 3622 τῶν
423 3564 524 3643 ἐχθρῶν
541 3565 647 3644 ἰσχυρόν
659 3567 715 3624 ἐστι
729 3568 776 3637 ζῆν
790 3569 836 3626 τοῦ
855 3564 986 3644 βασιλέως
1001 3568 1048 3643 άγ-

268 3679 281 3706 «
301 3653 473 3732 γελλομένου·
494 3654 659 3731 παραλαὸὼν
686 3653 720 3714 ob
744 3655 790 3722 τάς
817 3678 846 3715 τε
869 3655 980 3737 ράύδους
1001 3656 1048 3715 καί

267 3770 280 3796 ι
301 3742 349 3816 τὴν
369 3745 421 3801 τῶν
440 3742 528 3802 ὅπλων
544 3742 676 3817 ἐξουσίαν,
691 3744 767 3821 καλει
781 3742 840 3812 τοθς
856 3745 1048 3823 βουλεύσαντας

267 3859 281 3887 ι
302 3833 455 3894 ἀποκτεῖναι
482 3833 628 3912 Ταρκύνιον
653 3832 700 3893 ἐπί
729 3833 773 3893 τὸν
797 3834 891 3908 δῆμον,
913 3833 966 3892 ἀπὸ
997 3838 1048 3893 τῶν

267 3947 280 3973 ι
300 3920 422 4001 Μαρκίου
436 3921 538 3980 παίδων
554 3919 709 4001 ἀρξάμενος,
732 3921 778 3979 καλ
797 3921 890 4000 πρόθες
905 3924 993 3990 αὐτοῖς
1010 3921 1049 3981 δί-

213 4031 240 4071 to
267 4034 280 4058 ε
300 4030 365 4076 κας·
378 4009 596 4088 τιμωρησάμενος
612 4009 638 4068 δέ
653 4008 760 4076 τούτους
784 4008 915 4077 ἅπαντας,
936 4008 982 4068 ἐὰν
999 4009 1048 4086 μὲν

267 4121 280 4148 ε
303 4096 462 4172 ὑπομείνωσι
479 4097 526 4164 τδις
546 4096 642 4178 κρίσεις
665 4098 798 4170 θανάτοις,
819 4097 863 4157 ἐάν
886 4096 913 4155 δέ
935 4095 1047 4178 ἐρήμους

268 4208 281 4234 ι
302 4183 443 4264 ἀφῶσιν,δ
461 4187 562 4260 μᾶλλον
578 4184 672 4253 αὐτοὺς
682 4175 759 4261 οἶμαι
770 4186 909 4257 ποιήσειν,
925 4184 1048 4265 άιιφυγίφ

268 4299 281 4326 ι
301 4270 348 4331 καὶ
363 4270 490 4348 δημεύσει
512 4276 564 4332 τιῦν
581 4274 767 4353 ὑπαρχόντων,
781 4273 927 4334 καθίστατο
945 4274 997 4346 ἤδη
1014 4275 1048 4332 τὰ

268 4388 280 4415 ι
303 4358 364 4439 περὶ
376 4358 425 4430 τὴν
438 4359 539 4441 ἀρχὴν,
553 4363 669 4438 ὁμιλίαις
681 4386 709 4421 τε
723 4362 915 4445 φιλανθρώποις
926 4362 957 4422 τὸ
973 4366 1044 4434 πλῆ·

213 4471 241 4512 ει
268 4478 279 4504 ι
303 4455 344 4516 θος
357 4446 565 4525 άναλαμῦάνων,
578 4450 623 4508 καὶ
638 4455 683 4510 τοῦ
698 4449 780 4527 μηδὲν
796 4450 914 4525 ἀδίκημα
929 4449 1048 4528 γενέσθαι

268 4565 280 4589 ι
301 4538 402 4609 πολλὴν
422 4536 490 4616 ἔχων
506 4538 640 4616 φροντίδα,
656 4542 702 4596 καὶ
719 4538 778 4606 τοὺς
798 4539 911 4618 ἀπόρους
924 4542 977 4597 τῶν
995 4550 1048 4597 ’πο-

268 4654 280 4679 «
302 4630 381 4685 λιτῶν
407 4627 567 4705 εὐεργεσίαις
586 4625 638 4684 τισί
663 4627 708 4685 καὶ
735 4628 844 4706 δωρεαῖς
871 4626 1046 4704 ὑπαγόμενος·

268 4740 281 4771 ε
302 4715 394 4774 ἔπειτα
408 4715 470 4774 ὅταν
487 4716 550 4791 ἡμῖν
564 4715 652 4795 καιρὸς
665 4705 732 4774 εἶναι
747 4717 827 4795 δοκῇ,
846 4715 906 4774 τότε
928 4714 1048 4794 λέγωμεν

267 4833 279 4858 ι
301 4807 453 4876 τεθνηκέναι
474 4804 632 4885 Ταρκύνιον,
657 4804 703 4865 καλ
727 4803 812 4880 ταφάς
832 4806 912 4864 αὐτοῦ
930 4808 1048 4881 ποιῶμεν

214 4909 241 4946 ευ
268 4917 280 4943 ι
302 4893 331 4949 ἐκ
350 4897 395 4950 τοῦ
415 4899 540 4974 φανεροῦ.
582 4895 690 4960 Δίκαιος
710 4893 737 4952 δέ
754 4884 793 4971 εἶ,
809 4893 922 4967 Τύλλιε,
942 4894 1049 4976 τραφείς

270 5005 282 5030 ι
303 5001 331 5036 τε
343 4982 386 5059 ὑφ’
398 4986 474 5056 ἡμῶν
485 4981 532 5041 καὶ
542 4983 689 5051 παιδευθεὶς
698 4982 744 5042 καὶ
758 4985 865 5043 πάντων
877 4981 1048 5064 μετεσχηκὼς

270 5067 420 5144 «ἀγαθῶν,
440 5069 509 5129 όσων
531 5072 606 5150 παρὰ
635 5069 733 5150 μητρός
751 5092 781 5131 τι
800 5071 846 5131 καὶ
874 5072 975 5152 πατρὸς
997 5068 1048 5131 uici

269 5179 282 5206 ιι
303 5156 556 5232 μεταλαμῦάνουσι,
572 5160 618 5219 καὶ
635 5161 744 5239 θυγατρὶ
764 5161 892 5219 συνοικῶν
911 5161 1046 5240 ἡμετέρᾳ,

269 5268 283 5299 ι
305 5240 349 5301 lle
363 5242 396 5316 δὴ
413 5245 458 5303 καί
477 5246 600 5326 βασιλεὺς
611 5249 650 5308 ἐτι
668 5247 731 5329 γένη
749 5245 906 5326 Ῥωμαίων,
921 5251 987 5326 ἐμοῦ
1001 5253 1047 5308 καὶ

1098 773 1111 798 ι
1129 752 1216 804 mortis
1236 765 1325 817 genera
1342 751 1436 804 abillis
1455 751 1620 813 necabuntur,
1635 753 1661 802 et
1685 764 1716 802 ne
1736 749 1809 802 robis
1828 765 1872 816 qur

1100 876 1112 899 ι
1129 855 1187 907 dem
1201 855 1279 906 vitam
1294 858 1351 906 tuto
1368 857 1503 918 transigere
1515 855 1607 917 licebit,
1628 855 1720 920 mribus
1732 854 1882 919 temnimus

1099 979 1112 1004 ι
1130 959 1192 1010 lilias
1206 959 1355 1023 contemptis
1374 958 1422 1010 illis
1437 959 1462 1010 in
1479 960 1664 1011 matrimonium
1684 959 1770 1022 dedit,
1784 960 1807 1010 si
1826 958 1882 1009 eins

1100 1083 1113 1107 ε
1130 1075 1288 1128 percussores
1308 1075 1383 1127 regnu
1403 1063 1478 1128 potiti
1497 1063 1597 1127 luerim,
1620 1077 1700 1128 neque
1722 1062 1812 1114 celeris
1827 1062 1883 1114 eius
1960 1080 1964 1089 ·

1100 1183 1112 1208 ι
1131 1164 1218 1215 amicis
1230 1165 1257 1215 et
1273 1166 1392 1230 cognata,
1406 1179 1487 1229 neque
1508 1165 1582 1218 nobis
1598 1165 1695 1217 miseris
1711 1165 1881 1217 mulieribusr

1101 1287 1114 1312 ι
1131 1268 1176 1319 sed
1187 1282 1232 1318 nos
1245 1282 1331 1319 omnes
1346 1272 1390 1319 eut
1404 1270 1483 1333 palam
1499 1273 1544 1321 sut
1563 1270 1627 1320 clam
1642 1269 1744 1334 perdere
1756 1269 1883 1320 conabun-

1101 1391 1113 1415 ι
1130 1373 1180 1422 tur.
1214 1375 1276 1430 Qure
1301 1370 1323 1421 si
1348 1371 1567 1434 considerabimus,
1594 1375 1693 1438 oportet
1715 1385 1761 1422 nos
1783 1372 1884 1424 minime

1099 570 1111 593 ι
1127 549 1266 601 discrimine
1283 552 1404 600 versatur.
1438 551 1500 599 Nam
1514 545 1578 599 stad
1592 547 1698 598 Μιναίου
1711 547 1752 598 art
1762 546 1878 599 interlec-

1099 670 1111 694 ι
1128 654 1196 702 tores
1216 649 1357 714 reipublice
1374 648 1554 700 administratio
1571 647 1727 714 pervenerit,
1741 647 1880 698 miserrimo

1101 1499 1113 1523 a
1130 1478 1181 1543 peti
1201 1477 1268 1540 illos,
1288 1479 1333 1542 qui
1356 1479 1450 1529 nelarie
1471 1493 1527 1529 eum
1546 1478 1737 1541 interlecemnt,
1761 1477 1884 1543 nobisque

1102 1600 1115 1624 ι
1132 1581 1248 1632 omnibns
1261 1581 1354 1632 inimici
1367 1584 1435 1641 sunt,
1448 1584 1546 1632 tanturn
1557 1581 1689 1646 imperium
1705 1582 1822 1644 nancisei,
1839 1581 1884 1633 sed

1102 1704 1115 1727 ι
1133 1685 1255 1748 resistere,
1271 1698 1363 1749 eosque
1386 1694 1450 1735 nunc
1471 1683 1572 1750 quidem
1586 1683 1672 1737 treude
1687 1687 1713 1735 st
1732 1682 1790 1736 dolo
1804 1685 1884 1750 impe·

1103 1806 1116 1832 ι
1133 1786 1189 1838 dire
1199 1790 1268 1849 (narn
1281 1800 1390 1852 presens
1398 1787 1624 1838 rerumstatnslroc
1632 1789 1763 1852 postulet),
1775 1788 1886 1840 ubirero

1105 1912 1116 1939 r
1134 1893 1229 1958 primus
1243 1895 1346 1943 comtus
1358 1890 1430 1943 nobis
1448 1904 1479 1942 ex
1494 1891 1569 1942 animi
1588 1889 1710 1941 renuntia
1725 1889 1884 1951 successerit,

1104 2013 1116 2038 ι
1134 1997 1194 2045 tunc
1210 1996 1293 2058 aperte
1309 1993 1432 2057 oportebit
1449 1993 1509 2044 totis
1524 1993 1620 2043 rlrllrus
1633 1995 1658 2043 et
1675 1991 1765 2055 armis,
1782 1994 1804 2044 sl
1822 2005 1885 2057 opus

1106 2116 1119 2142 ι
1137 2097 1220 2159 lirerit,
1236 2110 1294 2147 cum
1316 2096 1365 2147 illis
1387 2096 1510 2161 congredi.
1543 2098 1656 2148 Attamen
1678 2109 1740 2160 opus
1760 2110 1809 2146 non
1827 2096 1884 2157 erit,

1104 2221 1116 2246 e
1132 2200 1255 2265 siquidem
1266 2213 1333 2250 nunc
1349 2213 1379 2250 es
1389 2214 1446 2264 quse
1457 2214 1521 2265 opus
1535 2205 1594 2251 sunt
1609 2200 1730 2265 perlicere
1741 2199 1813 2251 nobie
1824 2213 1885 2262 pro-

1103 2325 1115 2348 «
1132 2279 1294 2372 posuerimus.
1328 2304 1377 2356 Sed
1388 2305 1564 2371 quenamlreo
1575 2309 1651 2356 suut?
1661 2304 1771 2359 Primum
1780 2305 1885 2368 quidem

1103 2406 1197 2470 «regis
1216 2409 1321 2457 mortem
1336 2406 1454 2467 celemus,
1474 2410 1502 2457 et
1525 2420 1641 2457 curemus
1666 2410 1695 2457 ut
1711 2406 1777 2470 apud
1799 2420 1887 2457 omnes

1103 2537 1116 2562 ι
1133 2521 1262 2580 spargatur
1277 2531 1362 2567 rumor
1378 2532 1435 2569 eurn
1456 2517 1523 2569 nulla
1540 2516 1606 2568 letali
1622 2518 1694 2582 plage
1708 2517 1841 2577 allectum3
1859 2522 1887 2568 et

1104 2635 1117 2661 ι
1132 2616 1222 2667 medici
1232 2616 1315 2667 dicant
1327 2618 1388 2678 lore,
1401 2621 1430 2667 ut
1441 2617 1504 2666 intra
1515 2628 1608 2681 paucos
1619 2615 1673 2666 dies
1684 2616 1775 2666 eumin
1788 2615 1882 2666 sanila·

1103 2740 1116 2765 ε
1133 2721 1342 2773 temmstituant:
1356 2721 1444 2772 deinde
1456 2734 1502 2784 ego
1513 2734 1643 2784 progressa
1658 2719 1684 2769 in
1699 2719 1825 2785 publicum
1839 2735 1884 2785 po·

1103 2843 1116 2868 ι
1132 2823 1334 2889 pulodeclarsbo,
1341 2825 1412 2889 quasi
1420 2823 1554 2886 Tarquinio
1561 2821 1702 2884 mandante,
1710 2835 1793 2887 regem
1800 2835 1886 2874 rerum

1103 2939 1115 2963 ι
1132 2921 1243 2972 omnium
1260 2934 1319 2971 cum
1334 2922 1487 2985 privaturum
1508 2922 1563 2970 tum
1580 2917 1735 2982 publicarum
1752 2930 1838 2968 curarn
1860 2922 1886 2969 et

1103 3036 1115 3060 ι
1133 3015 1281 3077 custodiam,
1296 3015 1375 3067 donec
1393 3016 1446 3080 ipse
1463 3029 1496 3066 ex
1513 3014 1659 3065 uulneribus
1670 3014 1833 3077 convaluerit,
1847 3014 1885 3064 al·

1102 3132 1116 3156 ι
1133 3112 1179 3164 leri
1190 3125 1282 3175 genem
1293 3112 1447 3164 committere
1454 3111 1541 3163 servio
1549 3109 1630 3161 Tullio
1639 3108 1708 3172 (narn
1717 3113 1788 3161 tuum
1797 3123 1886 3162 nomen

1103 3229 1115 3253 «
1133 3209 1278 3275 proteram).
1294 3211 1347 3259 lloc
1365 3213 1510 3259 autemnon
1526 3208 1611 3259 inritis
1623 3207 1668 3258 sed
1680 3206 1821 3258 uolentibus
1834 3209 1887 3258 lto·

1103 3326 1115 3349 ι
1132 3307 1211 3357 manis
1220 3306 1274 3369 llet,
1285 3309 1314 3356 ut
1325 3305 1466 3371 respublica
1477 3308 1527 3356 ste
1539 3308 1645 3370 regatur,
1656 3318 1672 3354 ε
1683 3318 1734 3369 quo
1748 3303 1799 3356 iam
1816 3318 1885 3370 sape

1103 3424 1115 3448 ι
1133 3407 1242 3456 etentes
1254 3404 1390 3470 gubernata
1408 3401 1490 3453 luerit.
1524 3402 1587 3452 curn
1600 3403 1685 3451 autem
1696 3412 1805 3464 praesens
1821 3398 1886 3464 perl-

1102 3523 1115 3548 ι
1133 3507 1218 3555 culum
1236 3519 1251 3555 a
1271 3504 1342 3554 nobis
1359 3502 1521 3568 repulerimus
1535 3502 1635 3565 (ornnes
1646 3499 1711 3550 enim
1731 3498 1886 3550 inimicorum

1102 3620 1115 3645 ι
1133 3601 1199 3653 vires
1215 3600 1368 3652 collabentur
1382 3601 1531 3664 simulatque
1542 3610 1626 3662 regem
1641 3598 1725 3649 viuere
1745 3597 1885 3647 nuntiatum

1103 3718 1116 3743 ι
1135 3700 1225 3763 luerit)
1237 3702 1298 3750 tunc
1313 3702 1350 3761 tu,
1365 3697 1499 3762 assumptis
1512 3696 1619 3746 fascibus
1628 3699 1654 3747 et
1665 3709 1791 3746 murorum
1805 3698 1887 3760 potes·

1103 3819 1116 3843 ι
1134 3802 1185 3855 tate
1197 3812 1253 3860 eus,
1267 3798 1312 3862 qui
1323 3798 1354 3848 de
1363 3797 1431 3848 cede
1442 3794 1567 3860 Tarquinii
1576 3794 1704 3845 eonsilium
1719 3794 1836 3856 inierunt,
1853 3791 1887 3843 ad

1103 3919 1116 3944 ε
1133 3898 1217 3965 populi
1233 3897 1352 3948 iudicium
1361 3909 1433 3958 voca,
1446 3896 1511 3944 lacto
1524 3892 1593 3943 initio
1607 3892 1639 3942 ab
1651 3891 1710 3955 ipsis
1720 3890 1806 3940 Marcii
1818 3889 1887 3954 liliis,

1102 4015 1114 4038 ι
1133 3995 1159 4045 et
1172 3993 1197 4043 in
1213 3992 1253 4044 ius
1266 3991 1374 4057 postula.
1411 3989 1534 4041 Omnibus
1549 3989 1632 4038 autern
1644 3985 1764 4049 supplicio
1783 3984 1886 4049 capitali

1103 4111 1116 4135 ι
1133 4090 1246 4153 allectis,
1266 4091 1287 4141 si
1306 4088 1487 4153 comparuerint
1500 4090 1526 4137 et
1539 4083 1657 4137 mdicium
1678 4083 1799 4135 subierint
1818 4103 1825 4134 ε
1847 4084 1888 4135 sin

1103 4209 1116 4233 «ι
1132 4190 1215 4240 autem
1231 4186 1399 4237 vadimonium
1414 4183 1576 4246 deseruerint,
1590 4180 1657 4246 quod
1669 4194 1713 4232 eos
1727 4181 1811 4247 potius
1830 4186 1886 4233 tac·

1103 4302 1115 4326 «
1132 4287 1203 4334 turos
1213 4282 1328 4341 arbitmr,
1335 4282 1423 4333 ersilm
1433 4285 1553 4346 perpetuo
1561 4283 1587 4332 et
1595 4280 1714 4331 bonomm
1721 4279 1887 4344 publicatione

1103 4399 1116 4425 «ι
1133 4379 1275 4441 mulctatis,
1294 4384 1346 4430 tum
1361 4393 1463 4444 regnum
1482 4379 1566 4440 tiemo,
1585 4376 1754 4429 multitudinis
1773 4377 1885 4426 levorem

1104 4496 1116 4520 ν
1133 4477 1250 4527 comitale
1266 4482 1291 4527 et
1304 4478 1391 4529 officiis
1408 4477 1454 4528 libi
1470 4476 1611 4539 concilians,
1629 4477 1753 4541 precipue
1768 4486 1828 4523 reru
1839 4487 1886 4523 cn-

1103 4595 1116 4620 «
1133 4588 1204 4637 rens,
1219 4588 1250 4625 ne
1263 4574 1321 4639 quid
1336 4575 1428 4626 iniuste
1446 4574 1498 4635 fiat,
1512 4577 1538 4625 et
1551 4575 1619 4625 cires
1632 4587 1722 4637 egenos
1738 4570 1885 4623 liberalitate

1103 4691 1115 4715 a
1132 4674 1158 4722 et
1168 4671 1339 4723 beneficientia
1349 4673 1459 4724 alliciens
1471 4671 1574 4723 :deinde
1581 4684 1641 4722 cum
1651 4669 1722 4722 nubis
1731 4672 1829 4736 tempus
1837 4682 1885 4734 op·
1919 4649 1923 4655 ⁴

1104 4789 1117 4813 ι
1133 4774 1268 4835 portunum
1293 4772 1372 4822 visum
1401 4772 1484 4834 luerit,
1512 4775 1572 4821 tunc
1594 4771 1706 4821 dicamus
1724 4770 1885 4834 Tarquinium

1104 4886 1117 4910 ο
1133 4868 1233 4941 obiisse,
1244 4872 1270 4919 et
1278 4869 1359 4933 pelam
1368 4869 1437 4919 illum
1447 4868 1581 4933 sepulture
1589 4867 1743 4918 mandemus.
1776 4868 1886 4930 Equum

1103 4985 1116 5012 ι
1133 4968 1218 5017 autem
1232 4971 1285 5027 est,
1303 4967 1382 5029 Tulli,
1396 4965 1520 5030 siquidem
1538 4978 1554 5017 ε
1571 4966 1642 5017 nobis
1662 4964 1734 5016 luisti
1754 4967 1781 5016 et
1800 4964 1886 5015 nutri·

1104 5079 1116 5103 ι
1134 5064 1208 5111 tuset
1215 5061 1353 5124 institutus,
1365 5065 1390 5112 el
1400 5062 1523 5126 particeps
1533 5061 1614 5113 lactus
1627 5061 1740 5112 omnium
1751 5060 1886 5125 bonorum,

1104 5175 1117 5199 ι
1134 5169 1222 5219 quma
1242 5157 1385 5221 parentibus
1406 5157 1490 5208 liberis
1509 5156 1631 5222 impertiri
1649 5156 1738 5219 solent,
1763 5160 1789 5208 et
1808 5156 1887 5209 libam

1108 5275 1121 5299 ι
1136 5257 1247 5305 nostram
1258 5268 1362 5305 uxorem
1374 5253 1451 5305 habes
1461 5254 1581 5318 ut,sirs1
1590 5256 1803 5309 Romanorumme
1812 5256 1887 5308 adin·
