4070 5926
240 405 300 467 538

243 560 316 614 μενοι
329 534 389 604 τούς
407 532 549 612 πολεμίους
565 532 607 593 ἀεὶ
630 532 791 614 προσωτέρω
818 540 863 593 τοῦ
881 533 1018 614 χάρακος,

243 623 329 685 ἔπειθ’
355 622 500 704 διέφθειραν
520 623 606 682 αὐτῶν
630 621 660 680 τὸ
678 620 851 700 προνοητικὸν
870 625 916 680 τοῦ
932 622 1021 704 ἀσφα-

242 718 303 782 λοῦς
324 722 384 778 ταῖς
398 709 534 793 συνεχέσιν
549 709 688 794 ὠφελείαις
703 709 892 782 δελεάσαντες,
913 707 1020 787 ἐγκαθί-

243 808 315 872 ζουσι
329 802 422 881 λόχους
437 803 464 859 ἐν
479 809 532 866 τοῖς
545 797 692 878 ἐπικαίροις
714 804 766 857 τῶν
785 797 892 878 χωρίων
905 798 1020 878 νύκτωρ,

205 914 219 953 o
243 891 288 953 καί
311 888 393 972 έτεροι
414 887 461 958 τόις
476 886 642 968 ὑπερδεξίους
655 889 707 945 τῶν
722 887 820 945 πεδίων
843 885 1021 965 καταλαμάά-

243 972 331 1041 ναύται
346 978 467 1046 σκοπιάς.
509 981 553 1058 Τῇ
575 978 598 1035 δ’
620 975 679 1048 έξῆς
693 975 792 1057 ἡμέρῳ,
817 976 1022 1057 προπέμψαντες

242 1067 346 1148 ὀλίγους
360 1063 432 1132 τινάς
457 1063 596 1136 ἐνόπλους,
618 1068 653 1132 ὡς
668 1064 700 1137 δὴ
725 1068 844 1145 φυλακῆς
869 1062 946 1124 ἕνεκα
969 1067 1022 1122 τῶν

247 1153 361 1226 νομέων,
391 1152 496 1232 ἀφῆκαν
524 1153 553 1210 ἐκ
578 1155 630 1210 τῶν
657 1153 762 1232 χωρίων
789 1152 888 1221 πολλδις
918 1152 1024 1232 ἀγέλας.

245 1242 284 1306 Ως
308 1238 335 1298 δέ
358 1240 513 1319 ἀπηγγέλθη
538 1249 592 1307 τοῖς
614 1240 741 1315 battone,
757 1242 798 1301 ότι
825 1239 885 1307 τοὺς
912 1239 1025 1312 πλησίον

196 1347 220 1387 ιο
247 1330 438 1411 ὑπερύαλόντες
451 1329 586 1409 λόφουςέν
607 1331 688 1410 ὀλίγῳ
705 1332 739 1402 δή
758 1354 808 1389 τινι
825 1332 911 1413 χρόνῳ
930 1330 1026 1407 μεστὸν

249 1420 388 1501 εὑρήσουσι
404 1419 433 1478 τὸ
444 1420 533 1478 πεδίον
547 1420 678 1479 παντοίων
691 1423 787 1499 βοτῶν,
804 1422 850 1479 καὶ
864 1419 911 1491 τὴν
925 1421 1027 1500 φυλάτ-

249 1530 344 1568 τουσαν
360 1506 428 1566 αὐτὰ
439 1515 517 1587 χεῖρα
532 1510 581 1588 ούχ
593 1507 699 1580 ἱκανὴν,
714 1507 819 1580 ἐξῆλθον
835 1511 864 1567 ἐκ
884 1513 928 1567 τοῦ
941 1531 1027 1587 φρου-

249 1597 304 1675 ρίου
325 1595 444 1676 φυλακὴν
461 1595 509 1666 τὴν
529 1600 661 1676 ἀρκοῦσαν
682 1598 709 1655 ἐν
729 1598 802 1674 αὐτῷ
818 1596 1026 1665 καταλιπόντες·

248 1685 294 1744 καί
311 1686 477 1751 διανύσαντες
489 1690 590 1765 σπουδῇ
603 1686 649 1745 καὶ
666 1685 734 1763 μετὰ
747 1686 892 1765 προθυμίας
905 1686 952 1756 τὴν
967 1683 1026 1743 ὁδὸν

195 1794 220 1832 ro
248 1775 429 1854 ἐπιφαίνονται
440 1782 494 1843 τοῖς
509 1774 605 1856 φύλαξι
617 1779 670 1835 τῶν
687 1777 864 1856 βοσκημάτων
878 1798 1027 1854 συντεταγ-

248 1863 340 1942 μένοι·
353 1865 470 1924 κάκεῖνοι
483 1867 513 1923 οὐ
525 1863 661 1939 δεξάμενοι
674 1864 768 1931 αὐτοὺς
784 1868 902 1944 ἔφευγον.
946 1867 982 1924 0i
999 1864 1027 1922 δέ

248 1952 359 2019 Φάάιοι,
379 1956 413 2018 ὡς
424 1955 451 2010 ἐν
468 1954 581 2033 ἀσφαλεῖ
595 1952 627 2023 δὴ
643 1952 726 2030 ὀντες,
744 1952 803 2019 τούς
814 1974 842 2010 τε
853 1952 941 2029 νομεῖς
957 1975 1028 2011 συνε-

247 2039 383 2115 λάμάανον
405 2040 450 2100 καί
464 2040 498 2099 τά
520 2041 680 2119 βοσκήματα
699 2042 884 2120 περιήλαυνον.
929 2038 977 2099 Ἐν
998 2039 1026 2099 δέ

247 2131 331 2210 τούτῳ
347 2131 371 2187 οἱ
385 2128 517 2209 Τυρρηνοί
538 2130 568 2187 ἐκ
588 2132 633 2200 τῆς
654 2129 759 2207 ἐνέδρας
780 2126 941 2194 ἀναστάντες
956 2127 1026 2187 κατδι

193 2236 221 2276 αα
247 2217 926 2299 πολλάχωρίιιπροσρίπτουσιναύτοῖςπανταχόθεν.
973 2214 1027 2276 Καὶ

247 2304 328 2382 οἱμὲν
345 2305 448 2372 πλείους
463 2310 514 2365 τῶν
525 2305 669 2382 Ῥωμαίων
679 2304 867 2383 ἐσκεδασμένοι
881 2305 927 2364 καί
942 2303 1025 2375 ailli-

246 2395 301 2461 λοις
321 2395 429 2468 ἀμύνειν
446 2395 496 2474 ούχ
510 2384 559 2455 οἶοί
574 2418 602 2453 τε
620 2393 703 2468 οὔτις,
721 2397 833 2453 ἐνταῦθα
850 2392 1024 2455 ἀπόλλυνται.

247 2483 328 2545 Ὅσοι
350 2483 378 2543 δέ
398 2486 484 2543 αὐτῶν
506 2484 695 2558 συνεστηκότες
710 2475 788 2556 ἦσαν,
812 2481 1028 2562 προθυμούμενοί

246 2597 272 2631 τι
297 2572 495 2634 καταλαὸίσθαι
520 2572 619 2654 χωρίον
635 2572 751 2655 ἀσφαλές
773 2569 819 2630 καί
840 2571 905 2650 πρὸς
922 2569 956 2631 τίι
976 2568 1025 2649 ὀρη

193 2676 220 2715 25
247 2662 413 2735 σπεύδοντες,
441 2665 477 2729 είς
501 2659 589 2740 ἕτερον
612 2662 774 2740 ἐμπίπτουσι
797 2660 877 2740 λόχον
900 2661 927 2718 ἐν
952 2658 1026 2724 ὑλαις

247 2752 292 2810 καί
301 2752 398 2819 νάπαις
414 2750 627 2828 ὑποκαθήμενον.
671 2751 725 2812 Καὶ
739 2750 839 2830 γίνεται
851 2751 938 2808 αὐτῶν
950 2746 1025 2826 μάχη

246 2840 362 2918 καρτερά
377 2840 422 2898 καί
442 2840 518 2920 φόνσς
539 2840 566 2908 ἐξ
580 2840 710 2921 ἑκατέρων
726 2840 815 2906 πολύς.
860 2837 1026 2898 Ἄπεόιοαντο

247 2930 275 2987 δὲ
297 2919 341 2988 ούν
363 2929 409 2988 καί
428 2928 536 2996 τούτους
552 2927 635 3006 ὅμως,
656 2931 702 2988 καί
722 2928 893 3001 πληώσαντες
909 2925 956 2997 τὴν
975 2925 1025 3006 φά-

249 3040 334 3095 ραγγα
343 3021 455 3096 νεκρῶν,
465 3017 614 3098 ἀνέδραμον
626 3019 670 3078 ἐπὶ
681 3017 760 3099 λόφον
771 3020 800 3076 ού
814 3015 901 3097 βφίδιον
911 3015 1025 3074 ἁλῶναι·

191 3115 219 3156 ³⁰
246 3108 274 3165 ἐν
288 3097 310 3187 ᾧ
323 3104 372 3177 τὴν
386 3108 513 3166 ἐπιοῦσαν
526 3128 610 3166 νυκτα
630 3107 725 3187 ἀποροι
739 3108 792 3165 τῶν
807 3103 958 3183 ἀναγκαίων
976 3104 1026 3176 ηὑ-

246 3193 364 3253 λίσαντο.

283 3273 363 3332 xxi.
387 3269 432 3350 Τῇ
447 3271 470 3328 δ’
487 3267 546 3342 ἑξῆς
561 3269 651 3351 ἡμέρῳ
667 3271 792 3346 μαθόντες
806 3268 853 3340 τὴν
869 3278 1019 3352 κατασχοῦ-

242 3382 292 3419 σαν
306 3360 365 3428 τούς
382 3358 522 3440 σφετέρους
536 3357 620 3438 τύχην
636 3362 661 3418 οἱ
671 3357 827 3438 κατέχοντες
840 3358 872 3417 ab
887 3359 1019 3440 φρούριον,

241 3449 287 3508 καί
302 3449 343 3509 ὅτι
361 3447 391 3507 τὸ
407 3446 454 3524 μέν
466 3447 556 3506 πλεῖον
576 3447 699 3508 ἀπόλωλε
717 3451 764 3518 τῆς
791 3457 918 3527 στρατιᾶς
941 3447 1020 3528 μέρος

187 3551 214 3592 as
242 3540 268 3599 ἐν
282 3541 341 3605 ταῖς
356 3537 503 3616 ἁρπαγαῖς,
525 3535 555 3594 τὸ
574 3535 602 3594 δέ
623 3536 763 3618 κράτιστον
784 3539 811 3595 ἐν
834 3536 889 3619 ὄρει
908 3538 1018 3619 πολιορ-

241 3632 327 3687 κεῖται
346 3625 601 3702 κατακεκλεισμένον
623 3626 732 3706 ἐρήμῳ,
750 3624 797 3685 καί
819 3626 841 3685 εί
864 3624 903 3703 μὴ
922 3627 1018 3706 ταχεῖά

240 3741 279 3785 τις
294 3718 381 3783 αὑτοῖς
396 3716 471 3774 ίσται
485 3713 592 3794 βοήθεια
607 3715 702 3774 σπάνει
714 3719 767 3774 τῶν
783 3713 935 3791 ἀναγκαίων
950 3717 1020 3796 φθά-

242 3829 331 3866 σουσιν
354 3802 541 3886 ἐξαιρεθέντες,
556 3802 666 3884 ἐξῄεσαν
684 3801 754 3863 κατίι
775 3802 894 3876 σπουδὴν
914 3805 1018 3882 ὀλίγους

241 3893 310 3952 πάνυ
335 3891 526 3959 καταλιπόντες
545 3895 571 3951 ἐν
595 3895 633 3970 τῷ
658 3891 759 3974 φρυρίῳ
784 3890 913 3971 φύλακας.
963 3892 1017 3952 Καὶ

187 4019 214 4058 40
240 3983 333 4050 αύτούς
354 3985 377 4041 οί
392 3980 544 4060 Τυρρηνοί,
567 3979 628 4060 πρὶν
649 3980 666 4050 ἢ
683 3977 813 4056 συμμίξαι
834 3984 888 4047 ταῖς
902 3980 1014 4061 ἑτέροις,

240 4070 497 4149 ἐπικαταδραμόντες
509 4071 540 4128 ἐκ
556 4073 608 4127 τῶν
629 4068 735 4148 χωρίων
750 4070 909 4129 κυκλοῦνταί
923 4094 952 4130 τε
968 4071 1015 4130 καί

240 4158 326 4220 πολλὰ
349 4162 457 4236 γενναῖα
481 4158 547 4238 έργα
577 4156 797 4235 ἀποδειξαμένους
821 4158 1013 4239 διαφθείρουσιν

238 4247 358 4315 ἅπαντας
377 4244 425 4306 σὺν
446 4246 543 4328 χρόνῳ.
585 4248 653 4307 Μετ’
671 4248 701 4304 ot
717 4245 785 4306 πολὺ
809 4247 837 4308 δέ
857 4248 902 4307 καί
919 4253 943 4308 oi
964 4249 1008 4309 τὸν

238 4338 316 4419 λόφον
331 4335 546 4413 καταλαάόμενοι
570 4338 640 4414 λιμῶ
666 4336 756 4396 τεκαὶ
779 4336 842 4420 δίψη
867 4337 1015 4417 πιεζόμενοι

185 4455 211 4494 ιε
238 4427 318 4505 ὁμόσε
333 4434 429 4507 χωρεῖν
440 4434 494 4493 τοῖς
505 4424 642 4503 πολεμίοις
658 4425 791 4505 ἔγνωσαν·
806 4427 851 4486 καί
866 4428 1016 4503 συμπεσόν-

237 4542 279 4585 τες
294 4518 377 4596 ὀλίγοι
391 4514 456 4597 πρὸς
470 4513 599 4593 πολλοὺς,
613 4513 693 4575 ἐωθεν
709 4514 852 4593 ἀρξάμενοι
864 4515 944 4597 μέχρι
957 4541 1017 4576 νυκ·

236 4607 280 4674 τὸς
295 4606 441 4686 ἐμάχοντο·
456 4603 502 4663 καλ
520 4610 643 4664 τοσοῦτον
669 4602 798 4676 ἐποίησαν
813 4609 866 4664 τῶν
880 4605 1014 4683 πολεμίων

238 4693 330 4776 φόνον,
345 4692 415 4753 ὥστε
432 4692 490 4761 τοὺς
505 4692 604 4774 σωροὺς
627 4695 680 4752 τῶν
702 4698 802 4775 νεκρῶν
826 4690 947 4771 ἐμποδὼν
969 4697 1015 4753 αὑ-

237 4788 291 4850 τοῖς
305 4773 372 4843 εἷναι
395 4787 442 4855 τῆς
467 4782 557 4864 μάχης
570 4784 697 4862 πολλαχῇ
722 4782 892 4863 κεχυμένους.
936 4784 972 4844 Οί
986 4781 1015 4844 δέ

184 4906 210 4945 50
238 4870 372 4954 Τυρρηνοί
392 4874 484 4933 πλεῖον
511 4873 581 4944 inb
606 4871 692 4952 τρίτον
714 4876 761 4943 τῆς
785 4879 912 4953 στρατιᾶς
937 4871 1016 4952 μέρος

238 4962 434 5029 ἀπολωλεκότες
450 4962 496 5021 καί
511 4961 631 5040 περὶτοῦ
644 4962 738 5021 λοιποῦ
751 4962 901 5040 δείσαντες,
921 4963 1014 5043 μικρὸν

238 5051 397 5130 ἀνασχόντες
414 5050 448 5110 τδ
460 5049 540 5124 ixia,
554 5052 597 5109 δεδι
612 5054 664 5109 τῶν
681 5053 868 5123 ἀνακλητικῶν
883 5055 1014 5133 ἐπεκηρυ-

237 5137 344 5198 κεύοντο
360 5138 424 5219 πρὸς
435 5138 493 5207 τοὺς
515 5138 628 5216 ἀνδρας,
649 5141 739 5199 ἀδειαν
754 5141 842 5208 αὑτοῖς
867 5141 1011 5220 ὑπισχνού·

238 5247 312 5306 μενοι
326 5226 371 5286 καί
383 5226 475 5302 δίοδον,
486 5228 531 5289 ἐὰν
542 5226 575 5286 ad
589 5227 658 5288 ὅπλα
673 5231 823 5290 ἀποθῶνται
836 5229 883 5288 καί
893 5229 924 5289 τὸ
933 5226 1010 5310 φρού·

761 402 931 465 DlONYSll
953 399 1335 465 HALICARNASSENSIS

1076 546 1151 600 runt,
1165 541 1200 590 ita
1210 543 1239 589 ut
1251 540 1302 602 itii,
1323 538 1430 604 amplius
1440 541 1523 588 tutum
1534 550 1584 588 non
1603 536 1787 603 prospicerent,
1801 551 1861 588 con·

1076 637 1145 688 dnua
1159 635 1242 700 praeda
1268 635 1360 697 illecti,
1379 645 1454 686 noctu
1476 634 1502 685 in
1517 634 1579 685 iocis
1595 636 1742 700 opportunis
1756 634 1863 686 insidias

1074 735 1243 792 collocarunt,
1265 736 1291 783 et
1308 733 1350 783 alii
1367 732 1481 798 speculas
1495 733 1589 796 eampis
1609 732 1766 784 imminentes
1784 748 1861 784 occu·

1076 836 1175 898 parunt.
1210 831 1335 882 Postridie
1354 845 1432 891 uero,
1447 831 1584 896 praemissis
1597 832 1684 897 paucis
1707 832 1859 896 quibusdam

1075 930 1199 982 militibus
1209 929 1330 985 armatis.
1349 929 1421 992 quasi
1436 928 1468 979 ad
1481 932 1610 993 pastorum
1622 929 1775 993 praesidium,
1791 931 1859 981 mul·

1076 1029 1116 1078 toa
1132 1038 1217 1090 greges
1235 1037 1266 1075 ex
1282 1023 1391 1074 castellis
1409 1024 1553 1075 emiserunt.
1587 1026 1670 1082 Quum
1688 1029 1773 1074 autem
1792 1039 1861 1074 nun-

1076 1124 1167 1173 tiatum
1180 1123 1246 1173 esset
1273 1120 1355 1172 Fabiis
1378 1134 1436 1184 eos,
1463 1120 1586 1185 superatis
1608 1120 1727 1184 proximis
1751 1120 1861 1171 collibus

1079 1225 1168 1288 exiguo
1188 1223 1308 1288 temporis
1330 1222 1411 1287 spatio
1429 1235 1545 1288 campum
1565 1222 1635 1272 vario
1655 1221 1751 1287 pecoris
1769 1235 1861 1285 genere

1077 1321 1177 1387 plenum
1190 1323 1351 1380 inventuros,
1364 1320 1440 1386 idque
1451 1335 1500 1372 non
1513 1322 1574 1372 satis
1587 1320 1672 1372 valida
1682 1335 1758 1371 mauu
1777 1324 1861 1371 custo·

1076 1416 1172 1475 ditum,
1194 1415 1339 1482 prodierunt
1359 1417 1501 1477 ecastelio,
1521 1416 1637 1483 presidio
1657 1422 1781 1483 quantum
1797 1418 1862 1468 satis

1076 1519 1143 1566 esset
1153 1514 1187 1565 ibi
1202 1513 1307 1564 relicto:
1327 1518 1352 1564 et
1360 1513 1449 1565 itincre
1461 1527 1565 1580 propere
1576 1517 1602 1564 et
1612 1514 1727 1565 alacriter
1737 1515 1860 1573 mntocto,

1077 1610 1130 1662 acie
1149 1611 1271 1661 instructa
1287 1622 1317 1661 er
1339 1610 1475 1675 improviso
1494 1610 1520 1659 in
1543 1612 1703 1674 conspectum
1726 1610 1861 1661 custodum

1079 1705 1175 1773 peeoris
1191 1710 1320 1756 venerunt.
1354 1706 1392 1756 lili
1408 1720 1469 1757 uero
1487 1720 1536 1756 non
1547 1708 1692 1771 exspectato
1705 1720 1792 1756 eorum
1814 1706 1861 1755 im·

1077 1805 1135 1866 petu
1152 1801 1276 1865 legerunt.
1325 1803 1361 1851 rie
1379 1801 1466 1862 Fabii,
1487 1803 1560 1867 quasi
1577 1802 1604 1853 iu
1620 1806 1690 1865 bito,
1706 1807 1733 1854 et
1747 1808 1863 1868 pastores

1078 1901 1337 1967 comprehendebant,
1363 1905 1390 1953 et
1410 1915 1487 1968 pecus
1507 1902 1649 1967 abigebant.
1678 1904 1775 1953 interca
1798 1917 1861 1955 vero

1078 1997 1193 2056 Etrusci,
1213 1997 1306 2062 passim
1322 2010 1354 2047 er
1374 1996 1469 2047 insidiis
1482 2001 1624 2062 surgentes,
1645 1996 1757 2062 undiquc
1774 1998 1798 2046 iu
1816 2011 1861 2048 eos

1074 2092 1198 2159 impetum
1212 2093 1315 2145 iaciunt.
1332 2096 1364 2142 Et
1374 2108 1453 2159 quum
1470 2094 1582 2160 plerique
1595 2096 1760 2145 Romanorum
1775 2099 1862 2145 essent

1079 2191 1201 2256 dispersi,
1213 2189 1315 2241 neesibi
1333 2190 1439 2241 inuicem
1454 2195 1556 2255 possent
1567 2204 1728 2251 succurrere,
1745 2192 1778 2241 ibi
1794 2192 1860 2243 inte·

1077 2292 1181 2343 rierunt.
1224 2293 1257 2340 nt
1275 2292 1400 2353 quotquot
1421 2302 1508 2339 eorum
1524 2288 1665 2353 conglobati
1679 2293 1765 2349 erant,
1779 2303 1862 2353 quum

1077 2402 1167 2453 magna
1187 2386 1262 2437 animi
1276 2385 1434 2437 contentione
1457 2388 1605 2436 conarentur
1621 2386 1701 2435 locum
1716 2390 1800 2436 tutum
1816 2401 1861 2438 oc·

1077 2499 1169 2552 cupare
1183 2488 1208 2535 ei
1229 2483 1260 2534 ad
1279 2486 1376 2533 cuntes
1398 2483 1610 2547 properarent,in
1624 2483 1686 2534 alias
1702 2484 1805 2534 insidias
1821 2485 1863 2534 ia·

1077 2582 1192 2635 ciderunt
1203 2582 1309 2634 insiliis
1321 2584 1348 2631 et
1364 2580 1471 2632 saltibus
1480 2580 1645 2632 subsidentes.
1667 2581 1704 2632 lbi
1715 2584 1764 2631 acri
1778 2596 1862 2646 pugna

1077 2680 1221 2741 commissa,
1244 2693 1332 2744 magna
1346 2678 1465 2743 utrinque
1477 2678 1560 2728 eudes
1570 2677 1645 2731 iactr.
1668 2683 1763 2730 Tauron
1777 2684 1803 2729 et
1813 2681 1862 2731 hos

1076 2777 1122 2842 qui
1138 2792 1196 2829 cnm
1216 2777 1276 2842 ipsis
1292 2776 1416 2839 congressi
1435 2778 1507 2825 eraut
1520 2775 1674 2839 repulerunt,
1688 2779 1715 2827 et
1729 2781 1781 2826 tota
1794 2777 1863 2829 ualle

1077 2878 1242 2929 cadaveribus
1259 2877 1371 2942 repieta,
1393 2889 1466 2927 cursu
1486 2874 1611 2926 incollem
1634 2888 1683 2924 non
1698 2874 1796 2925 facilem
1819 2889 1862 2926 er·

1076 2979 1187 3041 pugnatu
1201 2977 1348 3034 evaserunt,
1372 2973 1414 3023 ubi
1432 2975 1578 3037 sequentem
1600 2975 1699 3023 noctem
1722 2973 1776 3023 sine
1795 2987 1862 3024 com·

1075 3075 1200 3126 meatibus
1214 3076 1325 3138 egerunt.

1106 3285 1171 3335 xiil.
1188 3286 1291 3335 Postero
1302 3282 1352 3343 die,
1362 3282 1476 3348 quumii,
1489 3282 1534 3347 qui
1543 3280 1641 3332 castelli
1649 3280 1767 3346 praesidio
1779 3283 1863 3333 relicti

1076 3360 1191 3433 tuerent,
1218 3385 1321 3422 suorum
1357 3370 1452 3422 cladem
1473 3372 1662 3436 cognovissent,
1687 3373 1713 3421 et
1739 3372 1861 3422 maiorem

1075 3461 1200 3511 exercitus
1220 3465 1317 3525 purtem
1341 3460 1367 3510 in
1387 3459 1479 3525 rapinis
1501 3471 1606 3518 cesam,
1626 3457 1861 3523 prestantissimam

1075 3562 1134 3599 vero
1152 3548 1178 3598 in
1198 3551 1293 3598 monie'
1308 3547 1414 3601 obsideri
1440 3547 1539 3597 deserto
1562 3546 1722 3605 conclusam,
1748 3552 1789 3609 et,
1809 3548 1860 3599 nisi

1074 3640 1172 3688 mature
1188 3637 1240 3688 iilis
1257 3636 1448 3695 subveniretur,
1470 3634 1537 3696 fore,
1553 3639 1584 3686 ut
1602 3636 1684 3687 rictm
1702 3636 1785 3703 iuopia
1809 3639 1861 3690 cito

1076 3729 1283 3791 expugnarentur,
1296 3726 1411 3776 exierunt
1425 3738 1515 3788 magna
1535 3725 1706 3786 testinatione,
1727 3729 1860 3790 perpaucis

1074 3814 1107 3865 ad
1123 3815 1217 3866 castuli
1233 3814 1377 3879 praesidium
1390 3813 1492 3865 relictis.
1508 3815 1561 3865 iios
1576 3814 1694 3875 Etrusci,
1708 3815 1856 3880 priusquam

1074 3918 1102 3955 se
1113 3917 1172 3955 cum
1182 3904 1237 3955 aliis
1245 3903 1413 3967 coningerent‚
1423 3907 1450 3953 et
1461 3903 1570 3954 matellis
1578 3903 1742 3954 decurrentes
1751 3904 1856 3955 circum·

1073 3992 1214 4053 dederuut,
1236 4006 1345 4057 eosque,
1360 3996 1417 4057 post
1434 3992 1515 4043 multu
1533 3992 1607 4043 tortia
1622 3992 1731 4043 facinora
1749 3992 1781 4043 ab
1795 3993 1858 4058 ipsis

1073 4081 1140 4133 edita
1150 4121 1156 4143 ,
1168 4081 1199 4133 ad
1209 4095 1286 4132 unum
1299 4095 1385 4131 omnes
1398 4081 1496 4132 tandem
1508 4079 1695 4134 interfecerunt.
1711 4084 1762 4132 Nee
1776 4082 1859 4133 multo

1072 4175 1127 4236 post
1140 4171 1175 4223 illi
1190 4171 1279 4233 etiam,
1294 4170 1338 4234 qui
1351 4169 1473 4221 tumulum
1484 4174 1648 4235 occuparent,
1661 4183 1742 4234 quum
1754 4170 1820 4222 ieme
1830 4176 1857 4223 et

1071 4259 1113 4310 siti
1127 4264 1302 4325 premerentur,
1323 4273 1382 4309 cum
1393 4257 1508 4308 hostibus
1526 4258 1657 4323 confligere
1674 4259 1854 4321 decreuerunt,

1071 4347 1192 4413 paucique
1202 4345 1228 4395 in
1242 4346 1336 4396 multos
1346 4345 1411 4396 iacta
1421 4344 1583 4409 impressione
1594 4358 1609 4395 ι
1622 4359 1695 4396 mane
1712 4346 1746 4396 ad
1755 4350 1855 4397 noctem

1072 4448 1150 4499 usque
1162 4437 1317 4500 pugnarunt;
1338 4436 1483 4499 unumque
1501 4433 1613 4484 bostium
1634 4433 1768 4485 ediderunt
1784 4438 1853 4484 stra·

1070 4537 1141 4587 gem,
1158 4526 1187 4572 ut
1207 4522 1358 4573 cadauerum
1379 4522 1462 4573 acerui
1485 4522 1574 4574 multis
1593 4522 1619 4573 in
1644 4522 1708 4573 locis
1725 4521 1774 4573 iusi
1801 4521 1855 4573 iliis

1070 4610 1249 4675 impedimento
1270 4612 1369 4671 essent,
1396 4609 1532 4674 quominus
1552 4615 1703 4675 pugnarent.
1750 4612 1853 4662 Etrusci

1070 4712 1146 4761 vero,
1157 4698 1248 4748 auussa
1262 4698 1371 4762 amplius
1386 4698 1462 4749 tertia
1477 4698 1603 4750 exercitus
1612 4702 1699 4763 parte,
1710 4705 1736 4751 et
1750 4700 1855 4764 reliquis

1069 4787 1204 4851 timentes,
1229 4801 1310 4852 pugna
1337 4785 1475 4852 pardiisper
1501 4787 1659 4850 intermissa,
1687 4793 1764 4855 atque
1781 4790 1855 4855 signo

1069 4878 1180 4943 receptui
1198 4876 1275 4939 dato,
1289 4877 1469 4928 caduceatores
1484 4877 1517 4928 ad
1540 4877 1600 4929 ilios
1614 4879 1757 4943 miserunt,
1778 4880 1853 4931 iidem

1069 4966 1194 5031 publicam
1208 4970 1341 5032 tutumque
1356 4967 1491 5017 transitum
1500 4966 1561 5031 ipsis
1573 4967 1735 5032 pollicentes,
1748 4970 1770 5020 si
1782 4984 1853 5021 arma

1068 5055 1222 5119 deponerent
1243 5059 1270 5106 et
1289 5054 1393 5106 castello
1413 5054 1570 5106 decederent.
1605 5059 1674 5114 Quas
1694 5057 1853 5110 conditiones

1068 5157 1147 5207 quum
1161 5144 1198 5194 illi
1212 5158 1262 5194 nou
1276 5144 1456 5206 admitterent,
1474 5144 1518 5196 sed
1539 5145 1640 5198 sortiter
1652 5149 1718 5199 mori
1729 5148 1852 5212 mallent,

1069 5234 1210 5287 instaurato
1222 5235 1311 5300 proelio
1326 5250 1371 5301 per
1380 5235 1448 5287 uires
1462 5247 1506 5287 eos
1520 5234 1629 5300 aggressi
1641 5239 1716 5301 sunt,
1729 5251 1781 5289 non
1795 5250 1853 5288 am-
