4048 5924
247 389 308 449 tuo

250 547 264 574 ιι
280 520 399 602 repostae,
414 522 489 594 ἡμῶν
499 523 550 579 τῶν
562 518 818 598 καταγεγηρακότων
831 523 857 579 έν
873 522 964 586 αὐταῖς
979 521 1025 579 καὶ

252 636 265 664 ιι
283 612 401 691 μεγάλην
414 611 443 668 έκ
455 616 550 687 μικρᾶς
560 609 743 679 πεποιηκότων
753 609 802 679 τὴν
815 607 901 668 πολιν.
910 606 1026 670 Ἔπειτα

253 725 266 751 ιι
282 701 306 758 εἰ
319 697 417 757 πείσειν
433 694 563 756 ίιπέλαῦεν
578 698 659 772 ὑμᾶς,
672 700 707 764 ώς
721 696 774 778 χρὴ
791 694 955 778 παραδοῦναί
968 719 1027 754 τινα

251 814 265 839 ιι
282 786 388 845 ἔκδοτον
403 784 447 843 ἐπί
462 784 577 866 τιμωρία
597 785 649 852 τοῖς
671 786 787 866 ἐχθροῖς,
810 786 856 845 καὶ
876 789 961 844 ταῦτα
980 809 1028 845 πο·

250 900 263 925 ιι
280 872 355 945 λίτην
381 871 528 951 θμέτερυν,
549 871 595 930 καὶ
619 872 678 951 οὐχί
699 876 751 932 τῶν
767 875 874 955 ἀφανῶν
895 897 953 933 τινα
976 896 1027 933 πο·

250 986 263 1012 ιι
280 959 359 1019 λιτῶν
379 958 396 1030 ἢ
419 959 545 1040 φαύλων,
568 959 627 1019 ἀλλ’
651 960 678 1019 δν
696 959 831 1020 αὐτοίκαὶ
852 959 884 1019 τδ
910 962 1027 1039 πολέμια

250 1074 264 1102 ιι
283 1046 470 1128 λαμπρότατον
487 1037 673 1128 ιἰγεῖσθεέέναι
687 1048 790 1108 καὶτὸν
806 1047 862 1127 βίον
877 1048 1027 1129 σωφρονίσ-

250 1165 263 1190 ιι
281 1160 357 1196 τατον
380 1136 414 1194 τά
435 1159 464 1195 τε
490 1134 615 1196 πολιτικδι
638 1135 764 1218 πράττειν
788 1136 889 1204 οὐδενὸς
906 1138 1024 1217 χείρονα.

250 1253 262 1278 ιι
282 1227 336 1286 Καὶ
358 1230 442 1285 ταῦτα
462 1226 606 1303 ἐτόλμησεν
620 1227 711 1298 εἰπεῖν,
729 1224 802 1293 εἰδὼς
814 1229 882 1301 ὑμᾶς
897 1226 1025 1299 πλείστην

250 1342 262 1367 ιι
281 1315 347 1373 αίδῶ
357 1314 526 1392 ποιουμένους
546 1315 649 1384 ἱκετῶν,
663 1312 709 1371 καὶ
728 1312 797 1390 μηδὲ
817 1309 950 1388 πολεμίων
967 1313 1027 1382 τοὺς

250 1431 262 1456 ιι
280 1402 491 1484 καταφεύγοντας
523 1402 613 1461 ἐνθάδε
639 1400 736 1472 ταύτης
764 1402 951 1469 ἀποκλείοντας
979 1407 1027 1475 τῆς

249 1519 262 1544 ιι
280 1490 488 1572 φιλανθρωπίας.
531 1492 565 1550 Et
582 1489 609 1547 δὲ
633 1488 760 1549 τάναντία
782 1493 853 1569 ἡμᾶς
871 1489 1026 1568 ἐγίγνωσκες

249 1580 498 1655 ιιέπιτηδεύοντας,
523 1569 545 1637 ῶ
568 1577 661 1651 Δέκιε,
682 1577 774 1637 ἀνόσια
798 1577 846 1655 μέν
866 1584 1026 1659 φρονοῦντας

249 1694 262 1720 ι
278 1668 340 1747 περὶ
354 1670 442 1742 θεοθς,
459 1667 536 1726 ἀδικα
551 1665 577 1725 δέ
598 1666 842 1746 spectantemque
860 1666 1022 1746 ἀνθρώπους,

248 1784 262 1810 ιι
278 1756 305 1816 τί
327 1756 358 1815 ἀν
372 1762 437 1834 ημῖν
465 1754 558 1815 τούτου
589 1755 773 1822 σννεόυύλενες
796 1754 871 1836 έργον
886 1760 1025 1832 ὑπομεῖναι

248 1872 262 1899 ιι
279 1845 438 1923 δεινότερον,
455 1843 499 1924 ἀφ’
519 1834 548 1903 οῦ
575 1843 712 1926 πρόρριζοι
727 1844 773 1903 καὶ
796 1844 927 1910 πανώλεις
944 1869 1024 1919 μιση-

249 1960 262 1987 ιι
280 1933 364 2000 θέντες
377 1940 442 1999 θεοῖς
455 1954 485 1990 τε
499 1932 545 1991 καί
560 1932 708 2013 ἀνθρώποις
727 1933 974 2011 διαφθαρησόμεθα,
984 1937 1024 1996 Οὐ

248 2047 261 2074 ιι
278 2019 390 2098 δεόμεθά
403 2042 449 2080 σου
464 2018 630 2096 συμόούλου,
645 2020 723 2078 Δέκιε
731 2062 740 2091 ,
753 2017 811 2077 οὔτε
825 2018 886 2097 περὶ
909 2020 1024 2080 πολιτῶν

247 2135 260 2161 ιι
276 2109 399 2174 ἐνδόσεως
410 2107 469 2167 οὔτε
485 2108 547 2187 περὶ
562 2107 643 2166 ἄλλου
656 2105 793 2186 χρήματος
811 2098 847 2165 ῶν
857 2111 923 2182 ἡμῖν
938 2131 1024 2187 πρακ-

248 2224 260 2251 ιι
278 2197 335 2256 τέον
350 2197 460 2265 οὐδενός·
475 2196 534 2256 οῦδὲ
546 2195 633 2277 ὀθνείφι
651 2195 774 2276 φρονήσει
794 2195 858 2254 νέων
869 2197 971 2276 ἀνδρῶν
988 2197 1022 2258 τά

247 2311 260 2337 ιι
277 2287 361 2344 οίκεῑα
383 2284 549 2366 συμφέροντα
574 2283 670 2365 κρίνειν
691 2282 798 2362 οἰόμεθα
820 2284 873 2342 δεῖν
898 2287 921 2344 ui
939 2285 1021 2366 μέχρι

247 2398 260 2426 ιι
277 2375 352 2445 τῆςδε
371 2377 418 2445 τῆς
428 2372 534 2445 ἡλικίας
547 2372 591 2432 διδι
603 2373 703 2443 πολλῆς
717 2373 809 2453 πείρας
822 2375 911 2432 κακῶν
927 2398 956 2433 τε
975 2375 1021 2434 καὶ

246 2488 258 2514 ιι
277 2463 380 2540 ἀγαθῶν
408 2462 571 2534 ἐληλυθότες.
627 2460 750 2540 Πολέμου
774 2460 797 2520 δ’
826 2461 950 2535 ἀπειλὰς,
979 2453 1020 2532 αἷς

245 2576 258 2602 ιι
275 2550 409 2633 χρώμενοι
431 2550 536 2633 φοόεῖτε
549 2556 636 2628 ἡμᾶς,
664 2551 693 2610 οὔ
720 2556 763 2610 νῦν
786 2551 890 2630 πρῶτον
917 2553 1017 2630 ἀπαγο-

244 2664 257 2691 ιι
276 2638 357 2717 μένας
380 2640 424 2720 ὑφ’
449 2642 538 2714 ὑμῶν,
566 2638 635 2700 ἀλλά
661 2638 787 2706 πολλάκις
812 2636 863 2712 ἤδη
892 2638 937 2697 καί
968 2639 1019 2700 ὑπὸ

244 2752 257 2779 ιι
274 2728 379 2785 πολλῶν
413 2727 662 2802 ἐπανασεισθείσας,
697 2731 730 2808 τῇ
756 2727 860 2800 συνήθει
887 2736 1018 2805 πρᾳότητι

244 2840 257 2866 ιι
275 2812 435 2893 παραδόντες
452 2817 664 2890 ἀκαταπλήκτως
684 2814 790 2893 οἴσομεν
796 2860 805 2890 ,
831 2812 874 2873 καί
896 2814 970 2896 εἴπερ
985 2816 1016 2889 δὴ

244 2928 257 2955 ιι
278 2901 387 2981 δράσετε
399 2900 432 2961 τδι
452 2902 531 2980 ὅμοια
544 2894 582 2972 οἷς
595 2906 685 2984 λέγετε
700 2903 879 2981 ἀμυνούμεθα,
894 2905 966 2972 θεούς
988 2928 1017 2965 τε

244 3019 257 3044 ιι
275 2991 469 3071 συναγωνιστὰς
487 2990 606 3072 ἔχοντες,
631 2991 657 3052 οἳ
678 2995 808 3070 νεμεσῶσι
830 2994 884 3060 τοῖς
906 2993 1017 3074 ἀρχουσι

244 3106 258 3134 ιι
275 3080 392 3157 πολέμου
408 3081 514 3153 ἀδίκου,
534 3079 579 3139 καί
600 3078 744 3161 ἀνθρώπων
760 3080 858 3150 ίξοντες
881 3083 958 3163 χεῖρα
970 3086 1016 3143 οὐκ

244 3196 257 3222 ιι
277 3168 368 3247 ὀλίγην
391 3167 546 3249 σύμμαχον.
588 3170 698 3229 Λατῖνοί
718 3193 745 3229 τε
768 3170 820 3251 γδιρ
835 3172 966 3250 ἅπαντες,
980 3163 1017 3239 οἷς

243 3282 257 3310 ιι
274 3256 367 3315 νεωστί
403 3256 451 3328 τὴν
480 3258 655 3316 ἰσοπολιτείαν
679 3257 848 3336 δεδώκαμεν,
876 3259 923 3318 σὺν
951 3264 1016 3337 ἡμῖν

243 3371 256 3398 ιι
273 3343 425 3417 στήσονται,
441 3348 476 3413 ώς
488 3346 549 3427 περὶ
563 3347 688 3426 πατρίδος
700 3347 751 3421 ἤδη
765 3352 811 3419 τῆς
822 3349 922 3414 πολεως
934 3350 1015 3421 τῆσδε

243 3458 257 3487 ιι
275 3433 476 3512 ἀγωνιζόμενοι,
503 3434 532 3494 αί
560 3459 589 3494 τε
616 3435 716 3496 ἐνθένδε
744 3435 936 3495 ἀποικισθεῖσαι
964 3438 1016 3496 πό·

186 3531 213 3572 36
242 3549 256 3577 ιι
273 3525 326 3591 λεις
335 3523 431 3582 πολλαὶ
445 3524 490 3584 καί
501 3526 600 3601 ἀγαθαί
613 3526 673 3606 περὶ
687 3525 782 3591 παντὸς
794 3523 948 3598 ποιούμεναι
962 3525 1013 3585 σώ-

242 3638 256 3667 ι
274 3616 362 3684 ζεσθαι
372 3612 420 3687 τὴν
436 3615 598 3696 μητρόπολιν
616 3616 758 3692 ἀμυνοῦσιν
769 3615 848 3684 αὐτῶ.
891 3615 925 3674 Ei
942 3614 965 3672 δ’
981 3617 1017 3682 εἰς

242 3728 255 3757 ιι
274 3702 391 3781 ἀνάγκην
405 3708 476 3780 ἡμᾶς
489 3701 677 3764 κατακλείσετε
699 3708 746 3776 τῆς
768 3702 932 3783 πανταχόθεν
956 3706 1017 3762 ἐπι-

241 3817 255 3845 ιι
271 3796 377 3872 κουρίας
398 3789 584 3873 περιέχεσθαι,
606 3782 841 3869 θπομενοῦμεν,ώ
861 3792 954 3865 Δέκιε,
970 3794 1017 3852 καὶ

241 3905 255 3934 ιι
272 3881 434 3961 θεράποντας
448 3884 484 3950 εἰς
498 3878 645 3959 ἐλευθερίαν
668 3879 876 3960 προκαλούμενοι
894 3880 939 3940 καὶ
961 3902 1018 3939 πο-

185 3982 213 4021 ⁴⁰
242 3994 256 4021 ιι
272 3970 378 4046 λιμίους
400 3976 438 4039 εἷς
457 3970 545 4052 φιλίαν
566 3968 611 4029 καί
626 3968 727 4034 πάντας
742 3967 892 4049 ἀνθρώπους
910 3972 945 4036 οἷς
960 3992 1016 4030 κοι-

242 4081 256 4108 ιι
273 4057 365 4115 νωνίαν
387 4063 439 4118 τῶν
465 4060 495 4117 ἐκ
518 4062 564 4130 τῆς
584 4055 657 4131 νίκης
678 4054 790 4115 ἐλπίδων
813 4055 895 4134 ὁμόσε
920 4056 1016 4137 χωρεῖν

242 4168 256 4197 ιι
273 4145 347 4217 ύμῖν.
392 4147 511 4219 Μηθενδς
535 4145 562 4205 δί
585 4145 684 4206 τούτων
699 4144 831 4222 δεήσειεν,
847 4133 870 4205 ab
888 4147 940 4205 Ζεῦ
971 4146 1016 4205 καί

242 4258 255 4286 ιι
272 4232 324 4292 θεοί
347 4234 443 4302 πάντες
461 4237 484 4293 ui
503 4236 578 4296 πόλιν
601 4239 654 4295 τῶν
678 4234 821 4312 Ῥωμαίων
847 4235 1015 4316 κατέχοντες,

241 4348 254 4376 ιι
272 4322 330 4381 ἀλλ’
348 4321 387 4395 εἴη
412 4323 491 4402 μέχρι
510 4324 595 4404 λόγων
623 4322 657 4384 τδι
685 4323 785 4406 φοόερά
809 4330 892 4385 ταῦτα
917 4324 1015 4397 tiaris,

764 385 938 449 DIONYSII
961 386 1345 453 fluctuanuussuttsts

1083 551 1095 576 ι
1109 530 1162 593 bis,
1179 531 1258 596 quiin
1272 532 1326 584 eius
1343 533 1553 587 administratione
1566 538 1753 600 consonuimus,
1773 541 1799 591 et
1815 540 1862 605 qui

1082 642 1095 667 ι
1111 621 1236 675 uirtutem
1251 636 1282 675 ex
1301 636 1377 688 parva
1393 638 1505 690 magnam
1528 627 1639 679 fecimus.
1672 628 1767 680 Deinde
1785 630 1863 682 mimr

1083 736 1096 760 ι
1113 717 1134 767 si
1154 717 1321 780 existimavit,
1347 732 1375 771 se
1400 719 1470 771 vobts
1489 734 1679 786 persuasurum,
1704 725 1735 774 ut
1753 723 1863 787 aliquem

1083 828 1096 853 ι
1109 808 1142 860 ad
1154 809 1299 875 supplicium
1308 812 1410 862 inimicis
1422 812 1527 876 dedatis,
1540 816 1678 881 praesertim
1699 830 1757 867 veru
1779 818 1862 867 civem

1082 919 1095 943 ιι
1109 904 1235 963 vestrum,
1255 915 1300 952 nec
1312 902 1418 954 obscuro
1425 908 1468 955 aut
1490 906 1532 957 vili
1544 911 1630 959 natum
1642 907 1713 972 ioco,
1726 909 1767 960 sed
1784 923 1861 973 mam

1083 1006 1096 1031 ιι
1110 1002 1156 1039 soa
1177 990 1223 1054 ipst
1243 994 1269 1042 et
1290 992 1376 1043 bellica
1396 993 1487 1047 vbtute
1509 998 1674 1050 etarissinaum
1692 1002 1718 1051 et
1736 998 1863 1050 huminem

1083 1100 1096 1125 ι
1109 1082 1215 1133 manime
1227 1083 1291 1151 irugi
1311 1088 1338 1137 et
1362 1088 1387 1138 in
1403 1090 1543 1154 reipublicae
1569 1093 1781 1145 administratione
1801 1092 1865 1144 nulii

1083 1193 1096 1218 ι
1112 1172 1249 1225 meandum
1263 1175 1362 1228 ducitis.
1395 1182 1476 1245 atque
1494 1182 1549 1234 haec
1561 1197 1637 1236 ausus
1648 1188 1687 1236 est
1699 1185 1794 1247 dicere,
1804 1198 1865 1235 cum

1084 1286 1096 1311 ι
1115 1269 1344 1332 comessantium
1363 1274 1470 1325 maxime
1492 1280 1597 1330 revereri
1614 1281 1754 1344 supptices,
1778 1285 1804 1331 et
1832 1293 1865 1330 ne

1084 1380 1096 1405 ιι
1111 1351 1223 1412 hostibus
1235 1362 1336 1427 quidem
1357 1366 1406 1417 buu
1421 1370 1617 1435 confugientibus
1640 1374 1705 1424 bunc
1721 1374 1865 1425 humanite-

1083 1459 1161 1506 «tem
1179 1455 1350 1509 intercludere.
1384 1462 1457 1520 Quod
1478 1465 1514 1526 ei,
1530 1466 1602 1528 Daoi,
1626 1467 1755 1518 contrariis
1773 1467 1865 1518 studiis

1081 1569 1097 1593 ιι
1110 1562 1155 1598 nos
1177 1562 1277 1614 operam
1302 1552 1361 1603 dare
1385 1558 1552 1620 cognovisses,
1577 1564 1603 1611 et
1623 1574 1668 1611 uos
1696 1575 1751 1613 esse
1775 1562 1864 1626 impios

1081 1661 1094 1686 ι
1108 1644 1133 1691 iu
1152 1641 1225 1706 duos,
1252 1648 1277 1695 et
1308 1644 1412 1699 iniustos
1434 1652 1458 1699 tn
1488 1652 1617 1716 homiues,
1647 1653 1767 1718 quidnam
1795 1655 1862 1706 aliud

1082 1757 1095 1781 ι
1112 1735 1221 1786 amacius
1234 1736 1328 1790 iactum
1350 1741 1420 1791 nobis
1446 1744 1619 1808 perferendum
1640 1750 1797 1811 censuisses,
1812 1762 1863 1813 quo

1081 1850 1094 1875 ι
1109 1829 1222 1882 tenuitas
1233 1844 1318 1882 omues
1333 1837 1433 1888 omniuo
1446 1842 1472 1890 et
1481 1839 1529 1892 diis
1542 1844 1568 1892 et
1579 1841 1724 1895 hominibus
1737 1842 1809 1894 invisi
1819 1858 1863 1909 pe·

1082 1944 1095 1970 ιι
1113 1924 1234 1977 riremust
1250 1928 1304 1976 tion
1319 1942 1383 1992 opus
1396 1935 1436 1983 est
1446 1933 1517 1986 nobis
1529 1938 1555 1988 ta
1568 1939 1718 2003 consultore,
1734 1940 1803 2002 Deci,
1819 1952 1863 1991 ne·

1083 2040 1096 2064 ι
1108 2019 1194 2083 quein
1206 2018 1297 2070 uictum
1308 2021 1448 2090 deditione,
1470 2043 1550 2094 neque
1564 2032 1592 2083 in
1615 2033 1667 2084 utta
1688 2035 1734 2085 alia
1754 2047 1864 2098 re,qnae

1082 2131 1095 2155 ι
1108 2110 1179 2160 uobis
1194 2109 1305 2163 iacienda
1316 2115 1366 2179 sit,
1386 2131 1432 2169 nec
1445 2126 1564 2186 putamus
1577 2127 1649 2175 antee
1662 2123 1861 2176 adolescentuio·

1081 2240 1095 2265 ιι
1109 2233 1165 2271 rum
1180 2217 1310 2285 prudentie
1333 2216 1404 2267 nubis
1418 2217 1449 2267 de
1475 2196 1573 2269 nostris*
1584 2218 1730 2272 utilitatibus
1750 2218 1862 2271 iudican-

1080 2337 1092 2360 ι
1108 2317 1186 2379 dum,
1202 2316 1244 2381 qut
1257 2313 1288 2366 ad
1298 2314 1362 2364 hauc
1374 2316 1475 2364 oetetam
1484 2314 1556 2378 longa
1567 2315 1724 2366 adversorum
1734 2318 1761 2364 et
1770 2326 1862 2365 amun·

1080 2434 1093 2458 ι
1109 2413 1198 2464 dorum
1223 2411 1343 2463 beliorum
1369 2412 1519 2475 experientia
1544 2411 1608 2462 ducti
1634 2410 1808 2475 pusenimuss
1834 2416 1862 2467 et

1079 2528 1093 2557 ι
1108 2509 1164 2560 beiti
1179 2509 1275 2572 minas,
1296 2507 1388 2573 quibus
1410 2523 1455 2560 nus
1479 2511 1579 2562 terretis
1620 2512 1706 2574 utpote
1724 2523 1774 2561 nou
1791 2524 1862 2563 nuuc

1080 2624 1093 2647 ι
1105 2602 1242 2670 primumn
1259 2603 1338 2666 vobis,
1354 2602 1398 2654 sed
1413 2605 1504 2670 sapius
1519 2606 1568 2656 iam
1583 2606 1610 2657 et
1623 2605 1735 2656 amultis
1750 2606 1805 2656 aliis
1826 2607 1864 2656 in·

1080 2718 1092 2741 ι
1107 2699 1229 2756 anuas,
1248 2699 1366 2747 consueta
1387 2698 1486 2749 ienitate
1506 2697 1629 2764 intrepide
1646 2698 1763 2751 ieramus.
1797 2700 1863 2751 Etsi

1081 2811 1092 2831 ι
1108 2790 1180 2840 dictis
1195 2789 1258 2840 iactu
1272 2789 1359 2840 similia
1376 2789 1527 2855 addideritis,
1542 2791 1591 2842 diis
1606 2791 1797 2854 adiuvantibus,
1818 2793 1862 2857 qui

1079 2900 1094 2928 ιι
1110 2881 1167 2932 beili
1186 2881 1269 2931 iniusti
1295 2883 1436 2933 auctoribus
1458 2884 1545 2934 intensi
1559 2889 1655 2936 suntet
1676 2884 1861 2936 abdominibus

1080 2999 1092 3023 ι
1106 2990 1205 3042 quoque
1225 2990 1275 3027 nun
1287 2990 1389 3041 parvam
1403 2978 1552 3030 auudiorum
1567 2992 1671 3031 manum
1689 2979 1794 3031 habituri
1811 2993 1860 3031 nus

1080 3092 1092 3113 ι
1108 3069 1278 3122 defendemus.
1302 3073 1364 3121 Nam
1375 3075 1402 3123 et
1414 3086 1500 3124 omnes
1517 3075 1607 3133 Latini,
1622 3088 1687 3139 quus
1709 3086 1786 3138 nuper
1797 3074 1861 3124 etvi-

1079 3183 1092 3208 ι
1108 3163 1167 3214 tatis
1179 3163 1232 3213 iure
1247 3162 1404 3228 donavimus,
1420 3167 1516 3217 anobis
1535 3168 1647 3230 stabunt,
1660 3170 1686 3220 et
1702 3182 1747 3233 pro
1762 3167 1809 3217 bae
1820 3166 1860 3217 ci·

1078 3277 1090 3301 ιι
1105 3257 1180 3308 ritate
1199 3257 1249 3307 iam
1272 3261 1300 3309 ut
1326 3272 1371 3324 pro
1396 3263 1475 3324 patria
1497 3263 1659 3327 pugnabuut;
1680 3266 1706 3313 et
1724 3263 1810 3313 muita
1829 3275 1861 3313 ac

1077 3372 1090 3395 ιι
1107 3351 1177 3402 bona
1189 3351 1291 3402 coiuniae
1311 3353 1370 3404 hinc
1384 3353 1497 3407 deducta
1518 3357 1625 3409 satutem
1640 3361 1748 3420 antiqua
1769 3357 1860 3421 patrias

1077 3464 1089 3486 ι
1103 3443 1162 3494 totis
1182 3443 1277 3494 viribus
1307 3447 1370 3496 tueri
1389 3450 1562 3510 conabuntur,
1588 3453 1660 3514 eique
1678 3464 1748 3516 opem
1766 3450 1857 3500 terant.

1077 3542 1176 3601 «Quod
1200 3522 1280 3595 sinos
1300 3547 1442 3611 redegeritis
1465 3549 1495 3600 ad
1518 3551 1690 3599 necessitatem
1706 3545 1789 3597 auxilii
1808 3559 1859 3596 uu·

1076 3653 1088 3677 ιι
1103 3633 1178 3698 dique
1198 3637 1376 3704 contrahendi,
1391 3642 1576 3702 sustinebimus,
1599 3642 1674 3703 Deci,
1689 3644 1715 3692 et
1729 3639 1809 3691 servis
1826 3638 1861 3690 ad

1076 3744 1088 3770 ι
1102 3726 1239 3779 libertatem
1248 3733 1275 3781 et
1289 3731 1402 3785 irostibus
1411 3735 1443 3785 ad
1455 3734 1591 3787 amicitiam
1604 3736 1702 3785 vocatis
1712 3731 1860 3785 etomuibus

1076 3839 1088 3863 ι
1105 3820 1245 3873 bominibus
1264 3839 1308 3891 spe
1324 3830 1483 3894 premiorum
1503 3845 1535 3882 ex
1547 3830 1649 3881 victoria
1663 3827 1790 3880 communi
1812 3838 1859 3874 ct·

1075 3930 1088 3954 ι
1104 3912 1251 3976 pisaeorum
1283 3919 1393 3974 invitatis
1438 3923 1565 3975 vobiscum
1592 3922 1716 3987 congredi.
1762 3918 1860 3978 Quibus
1888 3907 1894 3917 ”

1074 4027 1219 4095 «praesidiis
1235 4040 1267 4078 ne
1285 4038 1347 4090 opus
1366 4023 1413 4085 sit,
1440 4021 1518 4087 taxis,
1544 4021 1636 4088 Iupiter
1660 4024 1686 4072 et
1711 4016 1788 4069 ceteri
1807 4014 1857 4079 dii,

1073 4147 1086 4172 ι
1102 4127 1144 4189 qui
1162 4126 1235 4177 huius
1245 4123 1314 4175 urbis
1328 4124 1387 4174 estis
1400 4121 1517 4173 custodes
1531 4135 1538 4166 ι
1562 4120 1606 4172 sed
1622 4119 1678 4180 tini,
1694 4120 1723 4168 ut
1742 4115 1782 4166 hii
1806 4114 1858 4164 ‘⁰¹‘

1072 4245 1085 4271 ι
1100 4224 1204 4274 midines
1221 4221 1254 4272 ad
1267 4220 1344 4272 verba
1355 4233 1434 4284 usqua
1447 4218 1628 4284 processerint,
1641 4230 1706 4267 neve
1719 4217 1858 4283 quidquam

1073 4336 1086 4361 ιι
1101 4316 1196 4366 facinus
1214 4312 1346 4364 mutuatum
1364 4313 1496 4375 sequatur.
1514 4330 1527 4355 ι

183 4432 211 4472 ta
241 4436 254 4466 ι
271 4409 346 4493 ἔργον
362 4410 389 4471 δέ
407 4410 488 4487 μηθὲν
500 4412 526 4480 ἒξ
549 4417 634 4472 αὐτῶν
649 4413 749 4492 γένοιτο
764 4413 855 4494 ἀχαρι.
873 4440 885 4466 ιι

277 4501 350 4564 LIV.
371 4505 466 4563 Ταῦτα
483 4500 532 4579 μέν
546 4496 658 4568 Ἄππιος
679 4493 744 4561 εἶπε·
755 4504 855 4571 Μάνιος
872 4502 899 4561 δὲ
911 4501 1015 4563 Οὐαλέ-

239 4613 292 4669 ριος
313 4595 327 4650 θ
343 4588 555 4669 δημοτικώτατος
572 4594 624 4649 τῶν
639 4595 668 4651 έκ
686 4595 733 4651 τοῦ
748 4591 881 4672 συνεδρίου
895 4589 939 4649 καί
956 4589 1016 4669 περὶ
1071 4600 1140 4664 rius,
1153 4598 1316 4664 qutomnium
1325 4598 1465 4648 aenatorum
1484 4590 1591 4643 maxime
1601 4589 1693 4655 populo
1706 4585 1814 4649 avesa,
1828 4589 1858 4638 et

237 4677 284 4744 τδις
303 4678 446 4760 διαλλαγὰς
470 4678 597 4750 πλείστην
625 4679 827 4757 ἀποδειξάμενος
851 4676 1014 4758 προθυμίαν,
1071 4689 1096 4741 in
1108 4687 1284 4753 compositione
1296 4683 1407 4738 iacienda
1424 4681 1559 4733 maximum
1573 4677 1685 4730 studium
1700 4676 1857 4727 demonstra·

236 4771 355 4848 φανερῶς
377 4767 423 4827 καλ
437 4768 496 4829 τότε
521 4770 560 4848 τῷ
581 4765 658 4849 δήμῳ
675 4766 856 4846 συνελάμόανε
880 4764 926 4826 καί
940 4766 1016 4846 λόγον
1072 4782 1125 4841 ηε,
1140 4780 1312 4841 ειεποηιιοηιιε
1326 4775 1410 4838 aperte
1424 4769 1489 4836 plebi
1506 4766 1717 4834 patrocinabatur,
1729 4767 1754 4815 et
1766 4762 1857 4815 oratio·

184 4869 211 4912 ου
238 4854 354 4925 διεξῆλθε
369 4854 437 4933 μετδι
453 4859 553 4928 πολλῆς
574 4856 742 4935 συγκείμενον
758 4856 907 4939 φροντίδος,
928 4856 1014 4914 έπιτι-
1071 4878 1127 4916 uem
1143 4875 1312 4928 magnacum
1330 4858 1493 4924 compositam
1516 4854 1622 4906 habuitt
1646 4851 1781 4916 obiurgant
1796 4863 1853 4909 οῦδ,

239 4947 296 5011 μῶν
316 4943 362 5020 μέν
376 4948 429 5013 τοῖς
443 4946 491 5004 οὔκ
506 4948 568 5006 ἐῶσι
590 4943 653 5023 μίαν
676 4937 742 5006 ιίναι
761 4946 809 5018 τὴν
833 4947 924 5019 πόλιν,
949 4944 1017 5004 ἀλλά
1071 4955 1204 5017 quianam
1216 4964 1272 5003 esse
1290 4949 1416 5000 civitatun
1433 4961 1482 4997 uon
1501 4945 1626 5004 sinerent,
1648 4941 1693 4993 sad
1714 4939 1855 5006 prebuisse

238 5028 365 5105 διαιρῶσι
384 5034 415 5093 τὸ
440 5033 581 5112 δημοτικὸν
606 5035 659 5093 ἀπὸ
680 5037 731 5093 τῶν
746 5034 892 5114 πατρικίων
912 5033 958 5093 καὶ
973 5033 1016 5092 asi
1071 5041 1180 5106 patriciis
1199 5039 1351 5099 diuiderent,
1363 5038 1390 5089 et
1408 5035 1505 5087 levibus
1525 5033 1557 5085 de
1577 5031 1673 5101 caussis
1695 5029 1762 5082 belia
1774 5027 1855 5081 civilia

238 5114 334 5191 μικρθε
341 5120 483 5200 προφάσεις
499 5120 629 5196 πολέμους
641 5124 856 5200 ἀναζωπυροῦσιν
867 5119 1015 5201 ἐμφυλίους·
1070 5142 1158 5179 rursus
1167 5126 1342 5185 accendereut3
1355 5122 1509 5186 laudansque
1517 5134 1560 5172 eos
1570 5157 1577 5180 ,
1587 5118 1631 5184 qui
1646 5131 1728 5169 unum
1739 5118 1855 5181 idemque

237 5203 351 5261 ἀπαινῶν
374 5208 401 5265 δί
415 5208 474 5275 τοὺς
494 5208 523 5268 έν
537 5208 567 5268 τδ
581 5209 714 5290 συμφέρον
735 5211 781 5269 καὶ
800 5208 885 5268 κυινδν
901 5209 1015 5289 ἡγουμέ·
1070 5213 1187 5267 omuibus
1198 5211 1329 5263 convenire
1351 5212 1480 5275 putarent,
1494 5211 1521 5259 et
1532 5204 1692 5258 concordiam
1708 5204 1786 5258 rebus
1797 5216 1854 5255 um·

1101 4512 1164 4562 clv.
1184 4512 1265 4574 Atque
1275 4508 1330 4561 baec
1346 4505 1439 4572 Appius
1452 4501 1523 4554 utrtt.
1559 4502 1591 4553 at
1608 4499 1706 4552 Manius
1725 4497 1765 4547 itte
1777 4497 1856 4551 vele·
