4070 5926
248 379 310 439 536

250 537 312 581 κους
328 513 405 575 αύτδν
419 514 581 596 ι’ψηρίσαντο
599 512 648 587 τὴν
663 511 774 594 δύναμιν
790 515 898 593 ἐπάγειν
919 518 1027 576 ἐπικου·

206 618 210 624 “
250 604 307 686 ρίας
329 608 375 662 τοῦ
397 602 571 683 συνάρχοντος
585 601 677 676 ένικα,
692 606 714 661 εἰ
729 602 836 663 δύναιτο
857 603 1028 684 κατορθώσας

248 692 294 752 τδν
309 692 364 751 ἐκεῖ
381 691 511 768 πόλεμον·
526 683 559 767 ήν
573 692 626 773 γδιρ
644 694 670 750 ἐν
687 693 759 772 αύτῷ
774 692 842 752 πολὺ
854 692 885 751 τὸ
900 694 1028 772 ἀνδρεῖον,

249 777 376 859 ἀφανίσαι
389 776 436 845 τάς
450 778 493 837 ἐπὶ
504 782 559 846 τοῖς
571 778 708 859 προτέροις
727 780 919 861 ἁμαρτήμασιν
935 781 1026 862 ὀργάς.

781 380 900 443 olori
902 382 948 444 Sil
970 382 1348 448 usitoanoasssrlsts

1084 525 1145 576 lium
1161 527 1255 589 terret,
1269 528 1289 579 si
1302 531 1395 594 posset,
1412 529 1455 580 illo
1465 529 1531 582 belio
1546 531 1653 584 feliciter
1670 532 1783 585 conlecto
1797 535 1873 595 (mat

1084 637 1150 689 enim
1158 638 1197 688 vir
1205 639 1340 691 admodum
1356 640 1444 706 tortis)
1458 641 1651 705 indignationem
1663 645 1697 695 ob
1711 647 1793 710 priora
1805 662 1868 713 pec·

1084 758 1140 805 ceta
1159 756 1273 807 meritam
1286 757 1392 809 abolere.
1429 762 1462 808 at
1478 759 1529 818 ilie,
1541 759 1607 810 banc
1620 760 1778 825 ignominiam
1796 778 1873 828 aegre

209 885 222 924 s
249 864 282 928 ‘0
297 868 323 926 st
339 865 406 946 ἀνὴρ
420 868 577 938 ἀγανακτῶν
592 867 636 925 ἐπὶ
649 871 683 947 τῇ
698 868 795 950 4ιῖτιμίογ
810 868 912 941 πολλήν
931 869 1023 941 ἔποιή-
1085 869 1179 931 ierens,
1193 869 1259 934 apud
1280 869 1398 935 populum
1412 871 1573 923 vehementer
1587 874 1709 939 inpetres
1723 880 1761 928 est
1778 878 1872 931 inrec-

249 978 315 1015 σατο
330 959 379 1026 τῆς
399 955 494 1033 βουλῆς
510 957 538 1013 ἕν
553 959 592 1036 τῷ
608 953 686 1036 δήμῳ
700 956 879 1037 κατηγορίαν,
893 960 929 1025 ὡς
948 959 1028 1038 ἀχθο-

249 1044 330 1123 μένης
344 1044 389 1104 ἐπί
400 1048 439 1124 τῷ
459 1044 583 1103 liliosas
597 1044 642 1103 τὸν
660 1044 724 1126 πρδς
740 1044 799 1113 τυὺς
812 1045 964 1129 Τυρρηνοὺς
980 1046 1028 1106 πά·

249 1141 339 1213 λιμον.
380 1131 455 1214 Ἔφη
474 1132 501 1191 δέ
513 1137 591 1193 τοῦτο
602 1132 695 1202 αὐτούς
706 1135 733 1203 ἐξ
747 1134 890 1206 ἐπιὸουλῆς
907 1134 952 1193 καὶ
968 1138 1030 1194 ὑπι·

250 1224 343 1305 ροψίας
357 1227 408 1282 τῶν
426 1220 548 1288 πενήτων
573 1230 673 1299 ποιεῖν,
691 1221 734 1281 ἵνα
759 1223 797 1301 μὴ
812 1226 864 1282 τῶν
886 1223 1030 1306 ὑπερορίων

198 1325 224 1363 ¹⁰
249 1315 446 1393 ἀπαλλαγέντες
462 1312 587 1390 πολέμων
612 1316 746 1372 ἀπαιτῶσι
761 1313 807 1381 τάς
826 1313 887 1392 περί
901 1319 949 1387 τῆς
962 1317 1028 1386 κλη-

250 1403 355 1484 ρουχίας
371 1400 546 1479 ὑποσχέσεις,
573 1400 719 1461 πολλοστὸν
745 1399 800 1468 ἔτος
823 1401 874 1474 ήδη
894 1402 1030 1482 ρενακιζύ·

249 1515 323 1570 μενοι
336 1491 401 1572 πρὸς
417 1492 515 1550 αὐτῶν.
560 1491 654 1549 Ταῦτα
669 1490 714 1548 καὶ
729 1489 815 1548 πολλὰ
828 1489 929 1558 τούτοις
949 1490 1029 1568 δμοια

250 1580 330 1660 [καὶ]
345 1580 379 1638 δι’
395 1581 473 1658 ὀργῆς
491 1577 607 1660 ἀκράτου
631 1580 682 1636 τῶν
706 1578 853 1657 πατρικίων
875 1579 962 1650 ὀνείδη
983 1603 1029 1638 κα-

247 1669 428 1739 τασκεδάσας,
442 1665 491 1738 τήν
506 1688 536 1725 τε
548 1665 816 1747 συστρατευσαμένην
831 1669 903 1747 αὐτῷ
917 1667 1027 1745 δύναμιν

199 1785 221 1824 ts
249 1755 365 1816 ἀπέλυσε
378 1759 431 1814 τῶν
455 1754 591 1830 σημείοιν,
616 1751 724 1826 καῖε-ὴν
748 1754 816 1831 μετά
839 1755 960 1835 Φουρίου
983 1764 1029 1816 τοῦ

249 1842 397 1902 ἀνθυπάτου
411 1841 598 1922 διατρῖθουσαν
607 1844 634 1901 ἐν
646 1845 770 1909 Αἰκανοῖς
786 1844 1029 1925 μεταπεμψάμενος

248 1933 348 2012 άρῆιιιν
364 1931 407 1990 ἐπὶ
421 1929 455 1990 ei
475 1930 605 2011 σρέτιρα·
620 1932 647 2000 ἐξ
662 1923 698 1990 ὧν
721 1932 822 2002 πολλήν
835 1933 915 1991 πάλιν
930 1933 1028 2007 ἐποίη-

248 2043 292 2078 σεν
308 2020 427 2090 ἐξουσίαν
445 2028 498 2088 τοῖς
520 2020 666 2100 δημάρχοις
681 2027 838 2100 κατηγορεῖν
853 2024 904 2079 τῶν
919 2024 1025 2100 βουλευ·

246 2113 298 2168 τῶν
315 2112 341 2168 ε’ν
353 2110 411 2177 ταῖς
434 2108 603 2182 ἐκκλησίαις,
618 2107 664 2166 καὶ
679 2108 810 2166 διῖστάναι
826 2106 886 2176 τοὺς
911 2108 1027 2180 πένητας

194 2221 221 2262 ευ
248 2198 301 2257 άπὸ
316 2202 368 2259 τῶν
383 2196 513 2276 αιἰπύρων.

287 2289 394 2349 xlltl.
418 2285 497 2347 Μετδι
524 2284 551 2344 δέ
574 2284 681 2352 τούτους
704 2285 945 2365 παραλαμὺάνουσι
974 2287 1023 2359 τήν

248 2378 375 2437 ὑπατείαν
401 2375 481 2442 Γάϊος
507 2373 630 2455 Ὁράτιος
655 2373 700 2433 καὶ
724 2377 806 2442 Ἰῖτος
831 2375 961 2449 Μενήνιος
983 2377 1027 2438 ἐπὶ

246 2471 293 2540 τῆς
305 2466 504 2543 έὺδομηκοστῆς
519 2463 565 2523 καὶ
588 2462 666 2537 έκτης
688 2465 870 2542 ὀλυμπιάδος,
892 2466 925 2526 io
949 2468 1024 2527 ῖνίκα

246 2555 352 2615 στάδιον
368 2554 542 2632 Σκάμανδρος
557 2554 749 2629 Μιτυληναῖος,
764 2554 890 2635 ἄρχοντος
902 2553 1026 2637 Ἀθήνησι

194 2662 220 2701 ao
247 2646 396 2711 Φαίδωνος.
439 2641 551 2709 Τούτοις
569 2645 629 2700 κατ’
643 2642 729 2722 ιἰρχδις
744 2642 792 2718 μίν
803 2647 817 2701 δ
830 2643 966 2704 πολιτικὸς
980 2644 1027 2703 θό-

247 2733 321 2813 poso<
337 2732 461 2808 ἐμποδὼν
480 2731 582 2810 ἐγένετο
600 2731 725 2811 πράττειν
737 2731 770 2792 τὰ
782 2732 1024 2812 κοινά,ήρεθισμέ-

246 2842 291 2880 νου
305 2824 351 2878 τοῦ
367 2819 452 2896 δήμου
465 2818 511 2878 καί
530 2818 603 2879 οὐδὲν
624 2822 719 2887 ἐῶντος
733 2819 820 2899 ἕτερον
846 2822 1023 2881 ἐπιτελεῖσθαι

246 2912 297 2968 τῶν
308 2912 414 2979 κοινῶν,
439 2906 487 2975 έως
515 2907 548 2967 θιν
564 2906 704 2986 μερίσηται
728 2908 777 2979 τὴν
796 2907 926 2985 δημοσίαν
954 2913 1027 2985 γῆν·

246 3000 335 3079 χρόνῳ
353 2996 381 3061 δὲ
395 2997 502 3077 ὑστερον
515 2987 566 3064 εἶξε
579 2995 613 3055 τδι
626 3001 822 3076 παρακινοῦντα
837 2998 882 3056 καὶ
897 2998 1024 3078 ταραττό·

191 3104 220 3146 θα
247 3108 314 3164 μινα
330 3090 363 3165 τῇ
382 3086 485 3164 ἀνάγκη
502 3083 729 3164 συγχωρήσαντα,
742 3084 787 3143 καί
809 3086 852 3144 ἐπὶ
869 3085 916 3154 τδς
939 3110 1022 3168 στρα-

245 3178 318 3242 τείας
331 3174 440 3234 ἑκούσια
449 3165 524 3246 ἦλθε.
544 3246 548 3253 ,
567 3176 714 3255 Τυρρηνῶν
724 3173 774 3255 γάρ
786 3178 813 3234 αῖ
824 3174 862 3253 μή
872 3186 1021 3258 μετασχοῦ·

246 3288 292 3323 σαι
310 3268 358 3336 τῆς
382 3263 486 3342 εἰρήνης
509 3264 600 3322 ἕνδεκα
618 3263 707 3331 πολεις
730 3263 828 3344 ἀγοράν
846 3266 1024 3342 ποιησάμεναι

245 3352 335 3425 κοινήν
350 3352 513 3432 κατηγόρουν
531 3358 576 3411 τοῦ
602 3356 771 3413 Οὐιεντανῶν
794 3351 895 3427 ἔθνους,
918 3354 958 3413 δτι
979 3356 1023 3414 τὸν

244 3444 308 3524 πρὸς
318 3442 468 3521 Ῥωμαίους
479 3440 595 3517 πόλεμον
609 3444 639 3501 ού
652 3443 720 3519 μετδι
730 3447 818 3514 κοινῆς
825 3442 931 3522 γνώμης
941 3469 1022 3506 κατε·

190 3560 218 3601 ης
243 3533 374 3605 λύσαντα,
389 3531 435 3590 καὶ
450 3531 519 3590 δυεῖν
533 3529 641 3609 θάτερον
656 3529 750 3599 αὑτοὺς
771 3530 860 3603 ἠξίουν
875 3534 1021 3613 πράττειν,

243 3619 262 3694 ή
277 3622 347 3682 λύειν
362 3620 394 3679 τὰ
413 3621 478 3698 πρὸς
495 3619 646 3697 Ῥωμαίους
667 3621 884 3700 ὁμολογηθέντα,
909 3621 1023 3693 ήπολε-

244 3711 303 3787 μεῖν
318 3732 392 3790 σφισι
410 3711 469 3786 μετ’
486 3708 601 3769 ἐκείνων.
645 3710 681 3770 Oi
695 3710 722 3770 δὲ
735 3712 890 3771 Οὐιεντανοὶ
905 3717 953 3785 τῆς
974 3714 1022 3790 μὲν

244 3798 347 3878 εἰρήνης
371 3797 419 3871 τήν
437 3797 557 3876 άνάγκην
582 3801 711 3879 ᾐτιῶντο,
727 3799 799 3868 ὅπως
824 3800 852 3859 δέ
881 3799 914 3859 θν
940 3802 1022 3875 αὐτὴν

226 3910 231 3919 ’
243 3886 440 3947 καταλύσαιντο
453 3888 591 3966 εύπρεπῶς
606 3891 642 3954 εἰς
656 3887 741 3946 κοινὸν
757 3886 877 3948 ἐτίθεσαν
901 3892 1019 3952 σκοπεῖν.

189 4001 217 4039 ω
243 3974 358 4036 Ἰἰπειτα
373 3974 524 4036 ὑποτίθεταί
541 3998 581 4042 τις
593 3977 681 4042 αὐτοῖς
697 3975 819 4053 ἔγκλημα
832 3978 1022 4055 ποιησαμένοις

243 4062 288 4121 τὸν
297 4063 473 4143 ἐπιτειχισμὸν
491 4068 538 4134 τῆς
555 4063 694 4144 Κρεμέρας
708 4063 753 4122 καί
768 4063 798 4122 τδ
813 4064 851 4139 μή
867 4065 1020 4125 ἀπανίστα-

181 4178 183 4182 ⁴
243 4153 305 4207 σθαι
327 4151 388 4218 τοὺς
408 4151 535 4231 φρουρούς
561 4152 608 4209 ἀπ’
623 4152 721 4222 αὐτῆς,
745 4151 816 4230 λέγω
844 4151 893 4229 μέν
915 4157 1021 4233 πρῶτον

242 4237 329 4306 εἰξιοὺν
347 4239 440 4308 αύτούς
460 4240 577 4299 ἐκλιπεῖν
604 4240 635 4299 τὸ
658 4238 771 4320 χωρίον,
793 4241 838 4300 tto
853 4242 881 4300 δέ
897 4243 935 4318 μή
960 4246 1020 4304 πεί-

242 4332 324 4402 θωσι,
340 4330 489 4409 πολιορκεῖν
516 4329 546 4389 τδ
572 4329 710 4411 φρούριον,
736 4329 782 4389 καὶ
804 4331 903 4404 ταύτην
933 4333 1020 4416 ἀρχήν

186 4439 214 4478 ts
241 4416 404 4488 ποιήσασθαι
417 4422 463 4476 τοῦ
479 4417 608 4494 πολέμου.
651 4420 746 4478 Ταῦτα
762 4420 913 4497 συνθέμενοι
930 4424 1018 4494 α’πηλ-

132 4532 142 4545 ·
241 4507 367 4567 λάττοντο
383 4509 413 4565 ἐκ
431 4513 476 4567 τοῦ
489 4508 634 4586 συλλόγου·
655 4506 699 4566 καί
716 4509 775 4584 μετ’
792 4509 820 4566 οὗ
836 4507 903 4567 πολὺ
925 4512 1020 4569 Oritas·

240 4597 314 4655 τανοῖ
329 4596 378 4675 μέν
393 4595 599 4662 ἀποστείλαντες
613 4593 758 4676 πρεσθείαν
769 4598 805 4663 ὡς
820 4594 880 4663 τοὺς
896 4596 1018 4667 Φοδίους

241 4686 358 4762 ἆπήτουν
368 4688 434 4765 παρ’
448 4687 535 4746 αὐτῶν
549 4684 579 4745 τδ
594 4684 729 4765 φρούριον,
745 4684 880 4764 Τυρρηνία
899 4683 925 4743 δέ
941 4694 1016 4744 πᾶσα

243 4766 276 4850 ήν
301 4779 404 4846 ἐντοῖς
428 4780 527 4847 ὅπλοις.
573 4780 667 4838 Ταῦτα
698 4777 830 4856 Ῥωμαῖοι
858 4779 1026 4859 αἰσθόμενοι,

189 4885 216 4926 eo
243 4865 356 4926 Φαθίων
379 4870 467 4934 αὐτοῖς
491 4865 710 4942 ἐπιστειλάντων,
726 4866 844 4943 ἔγνωσαν
863 4867 1029 4948 ἀμφοτέρους

241 4951 429 5030 ἐκπορεύεσθαι
450 4950 509 5016 τοὺς
532 4950 647 5018 ὑπάτους
663 4949 707 5009 tat
729 4952 773 5008 τὸν
789 4950 965 5027 πόλεμον,τόν
989 4978 1018 5012 τε

241 5038 295 5097 άπδ
307 5041 458 5120 Τυρρηνίας
472 5040 637 5118 ἐπαγόμενόν
662 5062 736 5118 optor
759 5040 806 5099 acri
823 5040 866 5099 τὸν
891 5039 930 5098 ἔτι
952 5042 1019 5121 πρὸς

240 5126 423 5196 θύολούσκους
444 5131 607 5189 συνεστῶτα.
662 5126 785 5206 Ὁράτιος
810 5131 857 5206 μὲν
876 5120 921 5188 οὑν
946 5130 1018 5209 ἄγων

238 5210 288 5275 δύο
305 5214 432 5294 τάγματα
447 5218 494 5276 καὶ
519 5215 573 5275 riori
593 5219 645 5276 τῶν
670 5217 758 5277 ἄλλων
783 5217 935 5298 συμμάχων
959 5217 1017 5287 τοὺς

1085 989 1141 1048 tus,
1153 999 1202 1049 qua
1212 985 1276 1037 beiio
1286 989 1391 1038 Etrusco
1401 987 1475 1038 linem
1487 990 1630 1054 impositum
1643 992 1747 1044 moleste
1763 995 1869 1048 terrent.

1084 1102 1138 1151 Hoc
1156 1102 1240 1151 autern
1255 1104 1339 1165 patres
1355 1100 1472 1153 insidiose
1487 1105 1514 1154 et
1527 1104 1552 1154 io
1564 1107 1753 1159 contemtionem
1769 1125 1869 1177 paupe-

1085 1227 1141 1264 rum
1152 1214 1232 1264 iacere
1247 1213 1357 1278 dicebat,
1368 1229 1400 1267 ue
1413 1215 1485 1268 bellis
1496 1220 1603 1270 extends
1616 1220 1713 1274 liberati
1723 1238 1795 1288 egros
1803 1240 1870 1291 pro·

1084 1329 1173 1380 missos
1189 1334 1362 1395 reposcerent,
1381 1334 1420 1383 tot
1438 1335 1578 1387 senesiam
1599 1350 1686 1389 eorum
1705 1341 1810 1393 fallaciis
1821 1344 1870 1394 de-

1084 1446 1157 1510 cepti.
1191 1449 1274 1505 Quum
1288 1451 1373 1499 autem
1384 1448 1423 1500 ira
1437 1449 1569 1515 impotenti
1588 1459 1668 1516 actus,
1681 1457 1721 1507 bis
1741 1464 1767 1511 ot
1780 1450 1869 1512 multis

1084 1561 1226 1613 huiusmodi
1251 1565 1347 1628 probris
1373 1567 1488 1632 patricios
1517 1570 1694 1636 adspersisset,
1720 1575 1816 1629 dimisit
1839 1583 1871 1630 et

1084 1677 1236 1736 exercitum.
1261 1678 1305 1744 qui
1322 1693 1408 1755 secum
1423 1683 1456 1734 sd
1477 1683 1589 1736 militiam
1613 1692 1727 1751 venerat,
1748 1696 1775 1742 et
1797 1695 1871 1745 Furii

1084 1792 1237 1855 proconsulis
1246 1793 1344 1858 copias,
1361 1810 1420 1859 quae
1436 1797 1461 1847 in
1474 1798 1562 1864 AEquIs
1574 1804 1660 1861 eraut,
1671 1804 1804 1855 accersitas
1816 1807 1867 1858 do-

1084 1918 1153 1956 mum
1169 1906 1263 1957 dimisit
1282 1920 1352 1971 :quo
1372 1909 1437 1959 iacto
1458 1909 1566 1962 tribunis
1587 1927 1700 1979 magnam
1715 1923 1820 1970 moetus
1840 1923 1872 1972 in

1084 2020 1243 2071 concionibus
1265 2024 1413 2080 accusandi,
1435 2028 1460 2077 at
1483 2025 1586 2078 dissidia
1605 2030 1670 2081 inter
1692 2045 1812 2098 pauperes
1840 2042 1869 2089 et

1083 2133 1174 2185 divites
1188 2135 1264 2187 libere
1278 2137 1370 2187 terendi
1382 2138 1511 2188 materiam
1526 2140 1646 2203 prebuit,

1115 2307 1204 2356 livill.
1222 2309 1291 2357 Anno
1302 2306 1413 2370 sequenti
1430 2308 1545 2360 consules
1560 2311 1639 2361 creati
1658 2317 1718 2365 sunt
1738 2316 1765 2367 G.
1781 2320 1866 2371 Hora-

1083 2403 1134 2454 tius
1146 2407 1173 2454 et
1183 2406 1212 2454 T.
1225 2403 1361 2463 Menenius,
1376 2406 1559 2470 septuagesima
1569 2412 1640 2459 sexta
1650 2411 1797 2478 olympiade,
1812 2431 1866 2481 qua

1083 2500 1144 2550 vicit
1156 2501 1182 2550 in
1195 2500 1276 2552 stadio
1291 2501 1441 2553 scamander
1459 2504 1613 2567 Mitylenaeus
1628 2508 1746 2559 archonte
1760 2511 1867 2565 Atberria

1082 2590 1215 2641 Plrrsdone.
1259 2591 1291 2642 Hi
1306 2591 1425 2656 principio
1446 2594 1512 2644 cirili
1527 2594 1641 2646 tumultu
1659 2598 1771 2662 impediti
1790 2607 1867 2665 sunl,

1084 2698 1135 2747 quo
1148 2684 1230 2735 minus
1252 2683 1428 2749 rempublicam
1448 2692 1574 2751 gererent,
1599 2690 1658 2755 quia
1680 2690 1751 2755 plebs
1767 2692 1868 2745 irritata

1082 2779 1152 2837 erat,
1166 2789 1212 2827 nec
1226 2776 1360 2840 quidquam
1374 2777 1457 2841 aliud,
1470 2779 1538 2842 quod
1552 2780 1585 2831 ad
1595 2783 1773 2847 rempublicam
1789 2790 1866 2850 perti-

1082 2873 1160 2933 neret,
1176 2870 1229 2920 iteri
1244 2869 1355 2933 sinebat,
1368 2872 1512 2935 priusquam
1528 2888 1587 2938 ager
1606 2875 1720 2939 publicus
1731 2877 1864 2932 dividere·

1082 2965 1124 3012 tur
1137 2978 1144 3012 ι
1157 2962 1201 3013 sed
1219 2963 1317 3014 tandem
1330 2963 1379 3021 ilii,
1403 2965 1447 3029 qui
1468 2970 1550 3016 motus
1567 2967 1666 3018 ciebant
1690 2972 1717 3020 et
1737 2973 1869 3024 tumultus

1081 3055 1233 3118 excitabant,
1256 3057 1397 3108 necessitati
1409 3063 1536 3108 cesserunt
1555 3063 1580 3110 et
1598 3064 1686 3125 sponte
1698 3061 1730 3112 nd
1748 3064 1866 3116 militiam

1080 3147 1242 3199 devenerunt.
1274 3151 1337 3200 Nam
1358 3151 1522 3202 Etruseorum
1542 3152 1657 3203 undecim
1676 3154 1770 3218 populi,
1792 3158 1865 3221 praeis

1080 3245 1209 3306 expertes,
1229 3240 1315 3292 habito
1327 3243 1453 3293 communi
1465 3244 1541 3294 totius
1552 3244 1632 3307 gentis
1644 3246 1757 3305 coneilio,
1770 3248 1863 3299 Veien-

1079 3340 1119 3387 tes
1130 3333 1297 3394 accusabant,
1309 3333 1378 3396 quod
1393 3349 1442 3385 non
1456 3334 1487 3385 de
1502 3336 1626 3386 communi
1640 3340 1763 3390 sententia
1774 3355 1865 3405 pacem

1079 3441 1137 3478 cunr
1149 3426 1242 3493 popolo
1254 3429 1364 3477 llomano
1376 3426 1508 3483 iecissent.
1525 3432 1552 3478 et
1560 3428 1709 3481 aiterutmm
1724 3445 1767 3483 eos
1779 3434 1862 3486 iacere

1079 3524 1251 3590 postulabant,
1273 3524 1313 3574 rel
1333 3522 1414 3573 iradus
1425 3534 1483 3571 cuna
1502 3522 1619 3573 Romanis
1634 3523 1713 3573 ictum
1729 3526 1860 3591 frangere,

1081 3617 1120 3669 rel
1136 3631 1194 3667 cum
1210 3616 1260 3667 iilis
1270 3619 1357 3665 contra
1368 3627 1395 3663 se
1410 3612 1503 3663 bellum
1517 3627 1611 3678 gerere.
1645 3618 1677 3665 at
1688 3618 1804 3669 veientes
1815 3634 1861 3684 pa·

1077 3712 1113 3760 cis
1133 3708 1305 3760 necessitatem
1319 3704 1487 3765 excusabant,
1501 3708 1528 3756 et
1538 3705 1643 3756 concilio
1652 3707 1753 3770 publico
1768 3724 1864 3774 propo·

1077 3804 1183 3855 nebant.
1195 3804 1224 3851 ut
1236 3800 1367 3863 dispiceret
1377 3811 1484 3861 quonam
1496 3796 1571 3848 modo
1582 3812 1669 3861 pacem
1687 3799 1789 3850 honeste
1801 3816 1861 3865 pos·

1077 3900 1133 3946 sent
1146 3896 1265 3958 frangere.
1298 3894 1367 3941 Tunc
1379 3888 1482 3952 quidam
1496 3888 1638 3953 subjiciens,
1662 3893 1765 3951 monuit,
1783 3907 1864 3957 posse

1077 4003 1119 4040 eos
1128 3987 1175 4038 boo
1184 3986 1282 4052 secere,
1292 3986 1314 4036 si
1327 3985 1359 4035 de
1371 3985 1487 4036 (tremere
1498 3984 1601 4035 castello
1613 3989 1700 4037 eontra
1709 4002 1737 4038 se
1750 4002 1862 4041 commu·

1077 4082 1142 4142 nito,
1158 4081 1228 4133 etde
1239 4079 1356 4146 prasidio
1373 4092 1406 4129 ex
1425 4092 1455 4128 eo
1467 4091 1518 4129 uon
1530 4077 1638 4129 abducto
1650 4087 1823 4143 quererentur,
1834 4088 1861 4134 at

1077 4174 1188 4224 omnium
1201 4173 1303 4237 quidem
1316 4169 1400 4221 verbis
1411 4175 1528 4231 orarent,
1547 4174 1576 4219 ut
1590 4170 1721 4221 castellum
1736 4172 1865 4240 relinque-

1076 4270 1146 4327 rent,
1168 4265 1235 4330 quod
1257 4265 1304 4315 nisi
1325 4262 1516 4327 persuasissent,
1546 4263 1674 4314 castellum
1697 4264 1858 4331 obsiderent,

1076 4362 1151 4424 atque
1163 4358 1221 4409 inde
1232 4357 1325 4409 bellum
1342 4356 1538 4420 auspicarentur.
1572 4358 1656 4414 Quum
1674 4361 1759 4409 auteur
1770 4372 1865 4412 omnes

1076 4451 1107 4501 de
1126 4450 1251 4500 communi
1271 4450 1392 4499 sententia
1424 4448 1473 4499 boc
1495 4448 1680 4509 decrevissent,
1702 4465 1730 4515 οε
1751 4453 1862 4505 concilio

1075 4542 1257 4603 discesserunt,
1274 4555 1321 4591 nec
1330 4540 1411 4591 mullo
1423 4543 1481 4605 post
1496 4540 1625 4611 Veientes,
1645 4542 1720 4594 missa
1735 4543 1860 4607 legatione

1075 4639 1108 4690 ad
1122 4638 1222 4699 Fabios,
1235 4639 1364 4689 castellnm
1379 4637 1471 4689 abillis
1484 4638 1659 4703 reposcebant,
1675 4644 1702 4689 et
1713 4642 1766 4689 tota
1778 4642 1857 4691 Etru-

1075 4740 1111 4788 ria
1123 4737 1148 4787 in
1162 4736 1238 4787 armis
1251 4739 1313 4789 erat.
1346 4738 1406 4787 llaec
1418 4737 1460 4787 ubi
1473 4750 1503 4788 ex
1518 4736 1650 4788 Fabiorum
1665 4736 1744 4788 literis
1753 4739 1860 4789 Romani

1073 4838 1252 4901 cognorerunt,
1271 4832 1436 4884 decreverunt
1453 4839 1480 4885 ut
1496 4835 1569 4887 ambo
1588 4836 1702 4887 consules
1715 4836 1748 4886 ad
1762 4836 1857 4887 bellum

1073 4932 1288 4997 proficiscerentur
1308 4947 1314 4979 :
1331 4935 1386 4981 tum
1403 4930 1497 4982 adhoc
1510 4945 1606 4983 oscum
1619 4936 1766 4994 Etruscum,
1788 4935 1858 5001 qnod

1073 5029 1121 5081 sibi
1135 5029 1294 5089 inserebatur,
1311 5032 1365 5079 tum
1388 5028 1419 5079 ad
1439 5028 1515 5090 iilud,
1538 5030 1604 5093 quod
1620 5031 1669 5081 iam
1682 5045 1740 5081 cum
1758 5031 1861 5082 Volscis

1073 5128 1219 5191 gerebatur.
1254 5127 1373 5178 Horatius
1386 5126 1463 5191 igitur
1472 5141 1531 5178 cum
1544 5128 1640 5179 duabus
1657 5129 1814 5193 legionibus,
1829 5132 1858 5181 et

1073 5224 1136 5275 satis
1151 5223 1230 5276 firmis
1249 5224 1354 5276 aliorum
1370 5226 1494 5278 sociorum
1516 5225 1628 5290 auxiliis,
1647 5229 1735 5278 contra
1751 5225 1862 5280 Volscos
