4070 5926
238 382 299 444 θθθ

237 513 369 592 νουμίνων
387 511 420 571 δι’
435 511 545 591 ἀρετήν,
559 509 607 570 καί
628 507 661 568 et
687 507 803 586 πολέμια
823 508 952 585 ἄλκιμος,
972 506 1018 566 καί

239 604 320 685 ἀμφω
343 606 428 660 ταῦτα
451 598 506 665 ἐνδς
533 602 586 659 τῶν
613 597 757 678 ταγμάτων
786 601 819 677 τῇ
841 597 1018 677 λαμπροτάτῃ

240 694 311 773 ἀρχῇ
325 684 541 764 κεκοσμημένος,
557 678 576 766 ἦ
597 684 645 753 τάς
665 684 791 757 ἑξήκοντα
813 684 1021 763 ἑκατονταρχίας

240 776 351 839 ἕπεσθαί
359 800 389 835 τε
398 774 443 834 καί
455 774 485 833 τδ
495 773 666 851 κελευόμενον
681 777 823 851 ὑπηρετεῖν
839 770 941 830 κελεύει
951 772 965 830 θ
976 769 1020 829 νό·

99 932 102 937 ,
199 898 211 936 s
240 892 298 946 μσς.
342 864 461 932 Τούτους
483 862 615 942 Ῥωμαῖοι
635 861 696 930 τοὺς
710 861 891 941 ἡγεμόναςτῇ
912 861 1018 940 πατρίῳ

239 955 344 1035 γλώττῃ
361 951 539 1034 Πριμιπίλους
557 953 695 1012 καλοῦσιν.
740 943 824 1018 Οὑτος
847 952 862 1006 ὑ
883 949 965 1031 ἀνήρ·
986 941 1018 1022 ήν

240 1042 267 1103 δί
290 1044 355 1123 πρὸς
369 1042 422 1108 τοῖς
435 1039 525 1106 άλλοις
541 1038 624 1118 μέγας
638 1063 666 1098 τε
681 1039 727 1098 καί
752 1038 833 1104 καλὸς
859 1038 942 1096 ἰδεῖν·
957 1036 1021 1103 στάς

240 1131 296 1194 ὅθεν
311 1132 409 1192 ἅπασιν
425 1129 535 1208 ίμελλεν
554 1127 660 1188 ἔσεσθαι
679 1128 804 1208 φανερός·
825 1154 838 1179 ιι
850 1125 929 1186 Ἐπεί
943 1132 1033 1191 τοῦτο,

242 1250 254 1275 ιι
268 1209 407 1303 ignorari
420 1218 528 1290 ὑπατοι,
543 1218 692 1289 δεδοίκατε,
707 1216 744 1294 μὴ
759 1217 794 1275 τδι
805 1215 870 1295 ἔργα
880 1219 957 1292 ήμῶν
971 1217 1021 1297 οὑχ

189 1344 214 1380 10
242 1338 255 1364 n
269 1310 347 1388 ὅμοια
368 1311 475 1387 γένηται
497 1310 551 1374 τοῖς
572 1306 672 1384 λόγοις,
687 1305 740 1382 ἐγὼ
751 1309 858 1385 πρῶτος
874 1308 933 1380 ὑμῖν
953 1305 1020 1383 ὑπὲρ

242 1425 255 1451 n
269 1400 384 1477 ἐμαυτοῦ
393 1398 423 1455 τὸ
434 1394 541 1475 βίύαιον
556 1398 602 1464 τῆς
614 1393 783 1472 ὑποσχέσεως
795 1397 825 1453 ἐκ
837 1396 884 1462 τῆς
894 1391 1022 1472 μεγίστης

243 1515 256 1539 ιι
269 1488 383 1552 πίστεως
396 1481 555 1564 παρέξομαι·
570 1482 615 1540 καί
632 1484 707 1559 ὑμεῖς
716 1481 756 1549 δὲ,
768 1470 791 1539 cl>
808 1481 919 1539 πολῖταί
931 1504 959 1538 τε
976 1482 1021 1539 καὶ

244 1603 256 1629 n
271 1579 317 1647 τ’ής
332 1576 412 1645 αὐτῆς
426 1570 545 1630 κοινωνοί
559 1570 656 1649 τύχης,
673 1569 730 1629 ὅσοι
742 1570 900 1648 διεγνώκατε
915 1572 951 1636 είς
961 1559 1021 1629 ἰσον

244 1693 256 1719 n
271 1666 439 1734 καταστήσει
459 1658 493 1720 τδι
509 1665 572 1741 ἔργα
584 1660 638 1726 τοῖς
655 1658 751 1736 λόγοις,
765 1661 813 1718 οὗκ
827 1657 859 1717 δν
877 1657 1021 1737 ἀμάρτοιτε

191 1775 215 1813 ιο
243 1781 256 1807 u
270 1752 301 1815 τό
314 1751 378 1811 αύτδ
392 1754 525 1815 ποιοῦντες
535 1746 604 1826 ἰμοί.
617 1774 630 1800 ν
642 1749 738 1807 Ταῦτα
753 1747 835 1807 εἰπὼν
850 1748 895 1807 καὶ
909 1750 939 1806 τό
952 1747 1022 1829 ξίφος

242 1838 395 1913 ἀνατείνας,
423 1836 512 1914 ὤμοσε
527 1836 571 1894 τὸν
597 1833 738 1914 ἐπιχώριόν
761 1858 790 1894 τε
814 1833 959 1913 Ῥωμαίοις
976 1834 1022 1894 καί

244 1926 384 2005 κράτιστον
394 1923 492 2001 Ιὅρκον,
505 1923 555 1996 τὴν
570 1925 671 2001 ἀγαθὴν
684 1927 778 1982 ἑαυτοῦ
791 1922 900 2000 πίστιν,
912 1924 1023 1995 νικήσας

242 2013 301 2082 τοὺς
324 2013 465 2090 πολεμίους
488 2011 558 2085 ήξειν
580 2018 616 2079 εἷς
639 2012 687 2085 τήν
710 2015 802 2087 πολιν,
828 2013 955 2080 άλλωςδί
978 2013 1019 2075 ού.

243 2105 343 2163 Τοῦτον
357 2104 501 2179 ὀμόσαντος
520 2108 566 2161 τοῦ
582 2098 756 2174 Φλαόοληῖου
773 2103 817 2162 τὸν
832 2100 926 2179 ὅρκον,
940 2101 1022 2171 πολύς

189 2215 216 2252 uu
243 2191 270 2262 ίξ
286 2194 410 2253 ἀπάντων
425 2190 530 2259 ἔπαινος
543 2193 662 2271 ἐγένετο·
676 2195 722 2252 καί
741 2193 836 2252 αὐτίκα
851 2192 878 2252 ol
889 2215 918 2250 τε
929 2190 1022 2253 ὑπατσι

243 2282 388 2364 ἀμφότεροι
401 2283 431 2343 τὸ
448 2283 511 2342 αὐτὸ
527 2282 626 2362 ἔδρων,
648 2280 694 2341 καί
708 2285 732 2341 οῖ
746 2281 793 2349 τάς
813 2281 937 2348 ἐλάττους
951 2280 1025 2361 ἔχον-

242 2396 286 2440 τες
300 2371 477 2455 στρατηγίας,
488 2371 624 2452 χιλίαρχοί
636 2371 721 2431 τεκαὶ
736 2372 863 2452 λοχαγοί,
874 2371 1023 2430 τελευτῶσα

243 2463 267 2519 δ’
284 2466 301 2534 ai
316 2463 429 2535 πληθύς.
481 2460 561 2522 Ἐπεὶ
575 2458 603 2519 δὲ
625 2464 703 2520 τοῦτο
728 2460 846 2539 ἐγίνετο,
872 2458 959 2529 πολλὴ
975 2458 1024 2536 μίν

242 2552 353 2628 εὐθυμία
374 2561 455 2611 πᾶσιν
470 2550 594 2621 ἀνέπεσε,
613 2548 699 2620 πολλὴ
714 2545 741 2607 δί
757 2549 864 2630 φιλότης
884 2548 1021 2621 ἀλλήλοιν,

188 2654 215 2693 25
242 2640 335 2719 θράσος
349 2665 377 2701 τε
395 2631 429 2700 eil
444 2639 491 2709 καὶ
509 2639 598 2717 μόνος·
618 2639 664 2697 καῖ
684 2635 841 2704 ἀπελθόντες
857 2638 887 2696 ίκ
906 2641 952 2708 τῆς
974 2640 1020 2695 ἐκ·

241 2729 353 2800 κλησίας
366 2728 449 2805 οἱμὲν
463 2727 555 2796 ἵπποις
575 2723 698 2807 χαλινούς
713 2726 869 2801 ἐνίόαλλσν,
884 2728 908 2784 ol
922 2725 950 2785 δὲ
963 2724 1023 2806 ξίφη

241 2817 286 2875 καί
301 2819 399 2896 λόγχας
410 2818 519 2894 ἔθηγον,
533 2821 557 2875 οῖ
572 2816 599 2874 δὲ
614 2816 648 2874 τδι
662 2816 847 2896 σκεπαστήρια
863 2819 915 2874 τῶν
933 2817 1023 2876 ὅπλων

140 2954 146 2965 .
241 2902 399 2980 ἐξέματτον,
413 2904 461 2963 καί
474 2904 564 2979 ὀλίγον
578 2914 652 2963 πᾶσα
665 2897 698 2976 ήν
715 2897 817 2979 ἕτοιμος
831 2906 867 2971 εἰς
878 2906 921 2964 τδν
936 2907 1024 2982 ἀγῶνα

241 2998 258 3065 ἡ
273 2993 394 3070 στρατιά,
437 2995 473 3052 Ol
495 2993 522 3049 δὲ
538 2994 633 3050 ὑπατοι
648 2990 709 3059 τοὺς
725 2992 798 3059 θεοὺς
821 2994 910 3072 εύχαῑς
927 3018 956 3052 τε
978 2991 1024 3051 καί

187 3088 215 3127 ³⁰
242 3082 342 3148 θυσίαις
363 3082 409 3140 καλ
430 3083 516 3146 λιταῖς
538 3080 759 3156 ίπικαλεσάμενοι
778 3086 825 3151 τῆς
848 3081 933 3149 ἐξόδου
949 3081 1021 3162 σφίσι

241 3171 362 3247 γενέσθαι
383 3170 529 3249 ἡγεμόνας,
544 3167 635 3245 ἐξῆγον
656 3170 686 3226 ίκ
705 3174 751 3227 τοῦ
773 3168 890 3248 χάρακος
905 3172 932 3227 ἐν
952 3170 1023 3236 τάξει

242 3261 287 3319 καὶ
300 3266 394 3340 κόσμῳ
407 3259 452 3319 τόν
467 3256 589 3338 στρατόν.
633 3257 721 3318 lietu
736 3257 869 3337 Τυρρηνοί
884 3257 1023 3324 κατιόντας

242 3348 335 3415 αύτούς
350 3350 380 3407 ίκ
393 3352 445 3408 τῶν
468 3346 605 3427 ἐρυμάτων
626 3345 741 3425 ἰδόντες,
757 3345 908 3423 ἐθαύμασάν
932 3345 1022 3405 τεκαὶ

243 3436 435 3510 ἀντεπεξήεσαν
449 3436 544 3516 ἁπάσῃ
559 3439 592 3515 τῇ
605 3433 726 3511 δυνάμει.

189 3544 214 3584 aa
281 3528 329 3586 Xl.
353 3524 402 3591 Ὡς
422 3526 444 3584 δ’
460 3526 496 3591 εἰς
509 3523 540 3582 τδ
560 3515 650 3582 πεδίον
672 3520 814 3603 ἀμφότεροι
836 3521 1021 3598 κατέστησαν,

241 3613 287 3674 καί
301 3615 332 3674 τδ
346 3612 490 3692 πολεμικὸν
502 3611 640 3691 ἐσήμηναν
651 3613 679 3671 αἰ
692 3611 857 3689 σάλπιγγες,
872 3611 941 3668 ἔθεον
956 3612 1021 3668 ἀλα·

241 3704 365 3772 λάξαντες
379 3703 472 3780 ὁμόσε·
490 3700 535 3759 καί
550 3699 727 3776 συμπεσόντες
744 3697 877 3770 ἀλλήλοις,
889 3702 978 3765 ἱππεῖς
992 3721 1020 3756 τε

241 3795 351 3854 ῖππεὺσι
376 3790 422 3851 καί
438 3790 513 3860 πεζοὶ
541 3792 628 3859 πεζοῖς
653 3788 802 3866 ἰμάχοντο,
820 3785 867 3845 καὶ
890 3786 972 3852 πολὺς
993 3787 1021 3856 ἐξ

242 3881 397 3964 ἀμφοτέρων
425 3878 525 3957 ἐγίνετο
548 3878 633 3959 φόνος.
678 3879 714 3937 Οἱ
743 3876 791 3952 μὲν
815 3868 859 3934 οὖν
885 3878 915 3932 τὸ
940 3874 1021 3943 δεξιὸν

187 3984 215 4023 ¹0
242 3970 345 4050 ἔχοντες
359 3973 411 4028 τῶν
430 3967 574 4042 Ῥωμαίων
591 3966 689 4044 κίρας,
705 3956 735 4023 οὑ
750 3965 798 4035 τὴν
820 3962 965 4041 ἡγεμονίαν
983 3954 1021 4022 εἰ·

242 4080 290 4137 χεν
309 4057 400 4137 ἅτερος
414 4059 466 4114 τῶν
489 4053 597 4116 ὑπάτων
611 4054 731 4120 Μάλλιος
741 4098 750 4126 ,
776 4052 889 4121 ἐξέωσαν
909 4055 939 4112 τδ
961 4056 1019 4113 καθ’

242 4145 350 4212 ἑαυτούς
366 4144 501 4225 μέρος,καί
522 4141 689 4210 καταόείντες
709 4142 762 4200 ἀπὸ
782 4144 833 4200 τῶν
848 4139 938 4199 ἵππων
954 4143 1020 4218 ἐμά·

243 4255 321 4314 χοντσ
336 4237 418 4303 πεζοί.
451 4235 487 4294 Οἱ
503 4233 526 4289 δ’
538 4235 566 4290 ἐν
579 4236 618 4313 τῷ
635 4232 762 4312 εὐωνύμῳ
776 4229 868 4310 κε’ρατι
882 4235 1022 4310 ταχθεντες

244 4323 295 4382 ὑπὸ
306 4329 351 4381 τοῦ
368 4322 452 4391 δεξιοῦ
473 4325 525 4380 τῶν
546 4320 680 4396 πολεμίων
694 4322 859 4379 ἐκυκλοῦντο.
901 4309 955 4380 Ἦν
971 4320 1022 4400 γάρ

188 4442 214 4480 ις
243 4419 260 4486 ή
275 4413 422 4493 ’Τυρρηνῶν
438 4409 543 4492 φάλαγξ
563 4409 636 4469 κοιτά
657 4417 733 4469 τοῦτο
746 4407 777 4467 τδ
795 4407 893 4489 χωρίον
909 4412 1024 4490 ὑπερπε·

243 4501 289 4573 τής
301 4503 385 4563 τεκαὶ
398 4504 444 4561 οὑκ
458 4499 540 4580 ὀλίγῳ
555 4499 651 4576 μείζων
664 4502 710 4570 τῆς
725 4498 824 4578 ἑτέρας.
866 4498 1023 4579 Παρερρήγ-

242 4615 304 4652 νυτο
318 4591 350 4664 δὴ
365 4592 449 4669 ταύτῃ
465 4588 495 4647 τὸ
510 4586 665 4663 Ῥωμαϊκὸν
688 4585 842 4666 στράτευμα
861 4585 906 4645 καί
922 4586 1022 4655 πολλὰς

243 4680 347 4760 πληγάς
371 4677 530 4756 ἰλάμόανεν.
573 4675 681 4756 Ἡγεῖτο
703 4673 731 4734 δί
758 4678 850 4735 τούτου
869 4680 917 4733 τοῦ
939 4671 1022 4754 κίρως

244 4772 353 4837 Κόῖντος
365 4769 470 4836 Φάόιυς
483 4767 649 4849 πρεσόευτὴς
663 4766 709 4825 καί
722 4763 928 4844 ἀντιστράτηγος
945 4759 1022 4838 eliab

188 4891 216 4929 aa
243 4862 281 4928 δἰς
295 4859 457 4926 ὑπατεύσας·
473 4859 519 4918 καὶ
542 4857 624 4938 μέχρι
643 4858 743 4916 πολλοῦ
759 4857 865 4936 ἀντεῖχε
879 4850 1021 4932 τραύματα

243 4949 388 5027 λοιμόάνων
409 4950 580 5008 παντοδαπά.
621 4944 738 5007 Ἔπειτα
758 4944 842 5024 λόγχῃ
869 4942 973 5022 βληθείς
986 4945 1023 5009 εἰς

244 5039 275 5094 rit
297 5039 394 5115 στέρνα
410 5034 492 5117 με’χρι
505 5039 559 5096 τῶν
581 5036 742 5116 σπλάγχνων
757 5034 883 5106 ἐλθούσης
897 5036 944 5102 τῆς
961 5036 1023 5111 αἰχ·

244 5129 313 5202 μ’ής,
326 5125 430 5201 ἔξαιμος
442 5125 580 5205 γενόμενος
593 5125 695 5185 πίπτει.
719 5124 768 5191 Ὡς
779 5124 807 5182 δὲ
820 5122 1022 5194 rebroniensem

243 5214 335 5295 ἅτερος
355 5218 407 5274 τῶν
431 5215 557 5292 ὑπάτων,
580 5216 690 5297 Μάρκος
714 5214 837 5281 Φάόιος·
854 5203 887 5285 ήν
902 5211 931 5273 δὲ
953 5212 1022 5272 κατά

757 375 931 439 lllONYSll
953 374 1336 437 HALlCARNASSENSlS

1073 514 1109 565 cis
1120 518 1249 574 strenuus,
1262 519 1286 566 et
1298 514 1330 566 ob
1341 513 1416 567 ambo
1433 513 1489 565 brac
1506 513 1532 564 in
1551 527 1601 564 una
1616 513 1742 580 legionum
1760 516 1859 569 illustri

1074 612 1177 658 ornatus
1187 606 1308 672 imperio,
1323 607 1395 658 cuius
1413 606 1518 657 ductum
1532 609 1558 657 et
1571 606 1639 658 iussa
1653 610 1860 661 creenturiones

1074 712 1136 750 cara
1147 701 1201 750 suls
1213 699 1362 763 manipulis
1379 697 1449 763 sequi
1466 699 1507 750 lex
1521 699 1609 750 iubet:
1629 713 1694 764 quos
1712 699 1789 752 duces
1803 704 1857 753 lto-

1074 791 1142 843 mani
1164 791 1245 856 patrio
1263 804 1375 842 sermone
1394 790 1537 856 Primipllos
1557 793 1657 841 vocant.
1702 793 1753 843 iste
1776 792 1857 857 igitur

1079 889 1146 946 (erat
1168 888 1253 935 autem
1274 897 1326 949 pre
1348 883 1446 935 caeteris
1462 896 1568 947 magnus
1593 886 1619 932 et
1638 884 1738 949 egregia
1759 882 1856 956 forma)

1075 976 1179 1029 stansin
1193 977 1258 1034 loco,
1274 975 1340 1027 uude
1350 976 1466 1027 omnibns
1485 976 1635 1039 conspicuus
1654 980 1720 1026 esset
1731 976 1855 1038 iuturus,

1074 1067 1139 1117 dixit
1155 1083 1161 1115 z
1176 1066 1321 1126 «Quoniam
1334 1065 1376 1127 id,
1394 1067 1524 1124 eonsules.
1547 1066 1658 1125 timetis,
1670 1081 1701 1117 ne
1713 1066 1781 1119 lacta
1796 1083 1861 1120 ιιυε·

1077 1181 1089 1205 α
1106 1163 1144 1210 tra
1157 1159 1231 1210 dictis
1245 1172 1293 1208 nou
1308 1157 1486 1222 respondeant,
1508 1172 1554 1223 ego
1568 1160 1665 1224 primus
1681 1175 1727 1227 pro
1742 1178 1784 1215 me
1801 1166 1858 1230 ipso

1077 1248 1173 1299 «robis
1193 1249 1342 1312 promissum
1364 1246 1530 1310 confirmabo,
1544 1248 1669 1315 iidemque
1689 1252 1860 1304 certissimam

1078 1363 1091 1387 s
1106 1340 1290 1404 maximamque
1312 1339 1391 1399 dabo;
1417 1344 1442 1391 et
1467 1354 1529 1404 vos,
1553 1356 1570 1393 o
1598 1342 1666 1394 cives
1686 1345 1860 1413 ⁸eiusdemque

1078 1453 1089 1475 n
1105 1432 1211 1482 lortunae
1227 1432 1299 1489 socii,
1320 1435 1446 1498 quotquot
1464 1431 1611 1484 decrevistis
1627 1433 1695 1486 iectu
1717 1439 1800 1489 serbis
1822 1455 1857 1491 ae-

1077 1546 1090 1569 «
1104 1539 1197 1590 quare,
1212 1525 1281 1575 baud
1297 1525 1475 1590 peccaveritis,
1496 1525 1518 1575 si
1540 1525 1608 1578 idem
1634 1530 1703 1594 quod
1724 1546 1769 1595 ego
1790 1534 1860 1584 lece·

1078 1640 1090 1664 n
1105 1618 1167 1668 ritis.
1182 1637 1194 1661 ι
1232 1619 1292 1667 Hauc
1308 1616 1408 1680 locutus
1428 1616 1560 1683 gladioque
1578 1619 1679 1671 sublato
1697 1621 1791 1673 iurarit
1804 1625 1861 1674 ius·

1077 1708 1224 1767 iurandum,
1256 1708 1325 1773 quod
1354 1707 1420 1774 apud
1441 1712 1565 1762 Romanos
1579 1716 1619 1763 est
1641 1715 1796 1780 maximum,
1815 1732 1863 1782 per

1078 1806 1168 1856 bonam
1184 1816 1256 1853 suum
1270 1801 1361 1863 tidem,
1382 1817 1410 1853 se
1420 1817 1470 1854 non
1483 1804 1532 1855 nisi
1546 1805 1620 1857 victis
1637 1807 1755 1861 hostibus
1769 1812 1797 1862 in
1816 1827 1860 1862 nr-

1077 1894 1134 1945 bem
1158 1905 1327 1944 reversurum.
1361 1895 1445 1952 Quum
1460 1894 1601 1947 Flauoleius
1625 1897 1651 1948 in
1664 1899 1732 1951 hune
1755 1902 1861 1953 modum

1081 1989 1203 2046 iurasset,
1217 1984 1306 2036 multis
1320 1985 1437 2036 laudibus
1452 1992 1571 2053 exceptus
1584 1993 1625 2041 est
1641 1991 1674 2043 ab
1685 1996 1816 2055 omnibus;
1835 2001 1861 2046 et

1080 2100 1138 2136 mox
1149 2083 1223 2135 ambo
1240 2085 1355 2136 consules
1367 2086 1434 2137 idem
1447 2087 1575 2149 iecerunt.
1600 2094 1627 2142 et
1641 2091 1686 2156 qui
1700 2092 1796 2141 minora
1815 2094 1864 2143 irn-

1078 2178 1146 2244 peria
1157 2176 1298 2239 hebebant,
1309 2177 1402 2228 tribuni
1415 2182 1441 2228 et
1451 2182 1622 2243 centuriones,
1634 2186 1660 2233 et
1676 2188 1802 2248 postremo
1817 2200 1862 2234 re-

1078 2266 1147 2331 liqua
1158 2264 1268 2315 militum
1286 2265 1431 2317 multitudo.
1465 2270 1519 2318 Hoc
1532 2271 1601 2320 laeto
1613 2272 1698 2336 iugens
1708 2273 1786 2323 animi
1801 2276 1861 2325 ala-

1079 2360 1168 2417 critas,
1188 2358 1313 2421 elingens
1330 2372 1361 2409 nc
1375 2364 1465 2411 mutua
1479 2361 1653 2414 benevolentia
1665 2369 1693 2415 et
1711 2364 1815 2416 audacia
1831 2381 1864 2417 ac

1078 2449 1156 2500 robur
1167 2462 1254 2499 omnes
1267 2446 1359 2518 subiit,
1375 2449 1531 2517 dignoscique
1546 2467 1561 2505 e
1575 2456 1693 2508 concione
1716 2456 1760 2507 alii
1782 2472 1863 2523 equos

1079 2542 1222 2601 frenabant,
1242 2540 1285 2591 alii
1301 2540 1398 2603 gladios
1408 2549 1559 2610 lanceasque
1575 2548 1712 2610 acuebant,
1727 2552 1770 2602 alii
1788 2557 1863 2603 scuta

1080 2634 1273 2700 abstergebant:
1289 2634 1413 2700 brevique
1422 2640 1539 2703 temporis
1554 2642 1635 2704 spatio
1651 2646 1721 2694 totus
1734 2647 1866 2697 exereitus

1079 2730 1227 2795 adpugnnm
1246 2732 1349 2793 paratus
1359 2726 1415 2779 fuit.
1450 2731 1667 2784 consulesautem
1682 2737 1762 2793 rotis,
1782 2739 1865 2788 sacri-

1080 2824 1144 2875 liciis
1157 2826 1182 2873 et
1195 2821 1310 2887 precibus
1323 2821 1383 2872 deos
1401 2825 1509 2887 precati,
1528 2830 1558 2876 ut
1569 2827 1617 2878 sibl
1627 2828 1653 2879 in
1663 2829 1799 2882 educendis
1816 2848 1864 2882 oo-

1080 2924 1127 2988 piis
1137 2924 1215 2974 duces
1232 2937 1286 2975 esse
1302 2922 1407 2983 vellent,
1422 2923 1460 2972 ita
1472 2921 1574 2973 demum
1596 2924 1680 2988 copias
1693 2928 1791 2989 egregie
1810 2927 1867 2978 ins·

1081 3018 1178 3065 tructas
1203 3019 1230 3065 et
1257 3013 1368 3064 ordinem
1392 3018 1521 3065 seruantes
1541 3029 1572 3065 ex
1595 3016 1686 3065 eastris
1709 3016 1863 3069 eduxerunt.

1080 3109 1163 3164 Quum
1186 3122 1244 3156 vero
1267 3107 1370 3175 Etrusci
1386 3119 1430 3157 eos
1453 3121 1485 3158 ex
1510 3108 1691 3160 muniliombus
1712 3109 1865 3163 descendere

1080 3197 1217 3260 vidissent,
1238 3198 1321 3248 mirati
1333 3202 1404 3257 sunt,
1432 3201 1457 3249 et
1482 3198 1529 3263 ipsi
1554 3213 1655 3265 quoque
1681 3202 1742 3252 totis
1764 3203 1864 3253 viribus

1079 3292 1165 3339 contra
1180 3288 1387 3354 eosprodierunl.
1464 3317 1468 3323 ·

1111 3540 1154 3588 xl.
1172 3537 1220 3588 Ubi
1230 3550 1290 3587 vero
1302 3536 1404 3600 utrique
1415 3535 1441 3585 in
1456 3547 1529 3600 equo
1546 3536 1600 3587 loco
1608 3537 1784 3595 constiterunt,
1796 3554 1862 3603 pug-

1078 3654 1168 3704 nreque
1181 3639 1279 3703 signum
1290 3638 1358 3688 tuba
1372 3636 1508 3698 dederunt,
1519 3637 1619 3688 sublato
1634 3637 1742 3705 clamore
1754 3654 1864 3692 concur·

1079 3743 1180 3800 rerunt;
1191 3738 1308 3802 factoque
1321 3738 1416 3802 impetu
1429 3738 1470 3789 alii
1479 3739 1506 3789 in
1515 3738 1586 3799 alios,
1604 3740 1704 3804 equites
1715 3755 1775 3792 cum
1787 3747 1860 3809 equi·

1078 3850 1158 3907 tibus,
1181 3847 1277 3912 pedites
1298 3862 1356 3897 cum
1382 3848 1510 3912 [aditibus
1536 3849 1692 3914 pugnabant,
1722 3856 1748 3901 et
1772 3869 1862 3919 magna

1079 3956 1197 4020 utrinque
1208 3953 1290 4005 cades
1311 3952 1378 4003 iacta
1394 3972 1400 4003 :
1419 3955 1523 4005 Romani
1546 3956 1644 4013 aulem,
1660 3958 1705 4020 qni
1723 3958 1749 4007 in
1770 3960 1860 4012 dextro

1078 4080 1154 4118 cornu
1169 4073 1252 4126 erant,
1268 4068 1309 4118 cui
1323 4066 1387 4116 alter
1398 4064 1487 4115 consul
1502 4062 1610 4112 Manlius
1631 4068 1753 4127 preerat,
1775 4066 1862 4119 hostes

1080 4168 1126 4219 sibi
1136 4171 1264 4235 oppositos
1279 4168 1441 4233 repulerunt,
1452 4169 1479 4216 et
1493 4163 1674 4215 descendentes
1689 4180 1721 4216 er
1733 4170 1805 4232 equis
1817 4184 1862 4234 pe·

1078 4276 1189 4328 destrem
1210 4291 1318 4342 pugnam
1335 4272 1533 4325 committebant.
1567 4274 1616 4332 Qui
1636 4274 1740 4324 veroin
1760 4276 1864 4327 εῖιιίειτο

1078 4396 1154 4435 comu
1169 4385 1282 4435 collocati
1305 4389 1376 4436 erant
1391 4398 1406 4434 a
1422 4383 1514 4434 dextro
1537 4380 1646 4431 bostium
1670 4381 1864 4436 circumdaban-

1077 4495 1119 4540 tur
1132 4508 1138 4539 :
1154 4505 1211 4541 nam
1223 4494 1329 4542 Etrusca
1341 4492 1408 4543 acies
1420 4490 1452 4542 ab
1472 4504 1502 4542 ea
1524 4492 1596 4554 parte
1609 4486 1707 4553 lougius
1725 4494 1864 4554 prounde·

1075 4593 1157 4650 batur,
1179 4592 1307 4655 alteraque
1323 4607 1372 4643 non
1390 4593 1473 4657 pnullo
1495 4594 1575 4645 maior
1593 4598 1655 4645 ernt.
1690 4595 1727 4646 sb
1745 4595 1792 4646 bac
1811 4597 1860 4661 igi·

1076 4688 1118 4734 tur
1130 4687 1199 4749 parte
1215 4684 1341 4735 exercilus
1353 4688 1481 4736 Romanus
1497 4687 1713 4751 perrumpebutur,
1729 4688 1862 4753 nnultnqua

1077 4798 1181 4849 vulnera
1194 4795 1338 4860 accipiebat.
1372 4796 1426 4844 iioc
1440 4797 1526 4844 aulem
1546 4805 1624 4843 cornu
1640 4789 1748 4841 ducebat
1761 4792 1792 4849 Q.
1812 4793 1863 4840 Fa·

1077 4901 1147 4961 blus,
1167 4898 1276 4950 consulis
1299 4897 1396 4961 legatus
1416 4898 1442 4944 et
1460 4894 1593 4959 promnsul
1605 4932 1611 4953 ,
1624 4892 1670 4956 qui
1684 4892 1723 4942 bis
1741 4891 1859 4942 consuta·

1076 5004 1131 5050 tmn
1143 5002 1268 5065 gessemt;
1286 4999 1381 5063 diuque
1395 4997 1488 5047 restitit
1507 4997 1577 5047 naria
1597 4995 1700 5046 vulnera
1714 4994 1858 5058 accipiens:

1076 5113 1200 5172 postremo
1211 5113 1312 5175 pectore
1323 5107 1407 5158 lancea
1419 5121 1549 5170 percusso,
1566 5110 1591 5157 et
1602 5105 1704 5169 cuspide
1717 5103 1750 5154 nd
1763 5104 1862 5153 viscera

1075 5231 1157 5283 usque
1173 5220 1332 5282 penetrante,
1352 5214 1485 5280 exsanguis
1494 5212 1592 5267 cecidit.
1626 5213 1660 5263 lli.
1678 5209 1785 5271 Fabius,
1797 5207 1863 5263 altat
