4070 5926
538 462 543 475 ·
644 427 945 502 ANTlQUI'lATUM
970 428 1117 491 ROlllAN.
1141 433 1212 495 ΗΒ.
1239 435 1291 494 ΙΧ.

1717 443 1774 503 541

163 558 282 637 μετέγνω
295 578 324 615 τε
338 553 386 627 τήν
401 555 544 636 ἁμαρτάδα
556 558 602 616 καὶ
614 559 650 626 είς
660 558 855 641 ἀσφαλέστερον
870 558 939 633 ἀπή·
993 571 1107 623 bostese
1126 571 1190 623 locis
1205 573 1379 638 superioribus
1398 589 1497 642 semper
1517 579 1703 644 egrederentur,
1721 581 1777 647 ple·

160 667 226 723 ‘lli‘
239 645 337 725 λωθίθν
353 643 400 717 τὴν
416 645 561 725 σῗέαῃὰνν
583 645 661 727 σοέὸς
675 647 706 707 ἂν
727 639 769 721 δέ’
786 655 831 707 νῦν
851 648 880 708 δέ
897 648 940 708 διὰ
993 695 1102 747 rumque
1111 682 1183 748 longe
1194 684 1297 735 meliore
1308 685 1451 738 conditione
1463 690 1549 749 erent,
1562 695 1588 740 et
1605 697 1776 757 commeatus,

162 736 290 813 αἰσχύνης
312 731 459 811 λαμόάνων
478 732 508 792 τδ
527 735 611 794 δοκεῖν
625 737 828 815 ἡμαρτηκέναι,
849 738 896 798 καί
910 737 940 797 sd

162 820 273 891 αύθαδες
294 821 359 901 πρὸς
380 821 439 889 τοὺς
462 822 703 899 μεταδιδάσκοντας
726 826 879 906 φυλάττων,
904 829 940 895 τίς

122 944 136 982 g
162 912 290 991 αἰσχύνης
302 910 372 979 ἀξιον
391 914 490 989 πτῶμα
504 911 609 973 ἔντασιν.
652 903 706 975 Οἷα
720 914 772 995 γάρ
787 915 813 985 έξ
827 916 939 995 ὑπερδε-

162 997 222 1067 ξίων
237 1002 316 1059 αύτόύ
333 997 421 1058 τόπων
435 1001 460 1058 οἱ
473 998 596 1077 πολέμιοι
618 998 666 1070 τάς
687 1001 788 1071 ἐξόδους
812 1002 937 1065 έκάστοτε

162 1085 314 1164 ποιεύμενοι
338 1086 425 1146 πολλά
446 1088 645 1159 ἐπλεονέκτουν,
672 1092 770 1171 ἀγοράς
798 1114 827 1149 τε
852 1092 937 1151 αύτῶν

163 1175 293 1254 οἰγομένας
306 1174 357 1236 ureb
370 1182 423 1236 τῶν
436 1178 558 1256 ἐμπόριον
573 1178 749 1258 ἁρπάζοντες,
764 1180 810 1240 καὶ
825 1181 880 1249 τοῖς
894 1181 938 1241 ἐπὶ

162 1264 267 1343 χιλδνῆ
282 1265 353 1344 ὕδωρ
366 1266 581 1344 ἐκπορευομένοις
593 1267 774 1344 ἐπιτιθέμενοι·
787 1269 833 1330 καί
847 1294 947 1350 περιει·

110 1381 137 1422 ιο
162 1353 253 1426 στήκει
263 1359 302 1437 τῷ
314 1356 362 1433 μέν
376 1355 468 1435 ὑπάτῳ
485 1354 553 1430 μήτε
567 1362 660 1434 καιροῦ
675 1348 741 1417 εἶναι
756 1357 858 1439 κυρίῳ,
875 1352 938 1442 tur}

161 1440 206 1499 τὸν
220 1443 310 1520 ἀγῶνα
325 1441 420 1519 έμελλε
431 1447 577 1515 ποιεῖσθαι,
589 1443 657 1521 μήτε
672 1444 767 1517 τόπου,
780 1446 878 1507 ἀδσκεῒ
890 1472 938 1527 με·

161 1529 231 1607 γάλα
241 1519 308 1589 εἶναι
319 1528 530 1609 κατηγορήματα
540 1530 678 1610 ἡγεμόνων
693 1534 854 1611 στρατηγίας
865 1535 938 1595 ἀπεί·

162 1640 233 1697 ρων·
252 1626 307 1686 τοῖς
326 1617 353 1677 δέ
377 1620 523 1700 Τυρρηνοῖς
544 1620 698 1702 ἀμφότερα,
721 1624 756 1689 ὡς
783 1621 936 1699 έόούλοντο,

160 1694 217 1784 εἶχε
232 1710 329 1768 ταῦτα.
371 1706 427 1766 Καὶ
440 1707 499 1766 οὐδὲ
513 1706 573 1768 τότε
587 1710 772 1781 ἀπαναστῆναι
785 1710 834 1782 τὴν
855 1734 938 1793 στρα-

107 1825 133 1865 ,ς
159 1793 219 1851 τιάν
234 1797 248 1852 δ
263 1791 394 1865 Μενήνιος
413 1792 569 1872 ὑπέμεινεν,
584 1797 643 1857 ἀλλ’
667 1795 802 1878 ἐξαγαγὼν
818 1800 938 1880 παρέτα·

160 1882 201 1951 ξεν
216 1884 252 1950 ῶς
266 1884 302 1950 τίς
316 1882 421 1963 μάχην,
436 1883 638 1963 καταφρονήσας
651 1888 704 1944 τῶν
722 1886 756 1944 τὰ
770 1887 937 1970 συμφέροντα

160 1972 364 2047 ὑποτιθεμένων.
406 1971 461 2033 Καὶ
487 1975 511 2032 σί
537 1974 669 2054 Τυρρηνοὶ
694 1972 741 2045 τήν
771 1976 859 2036 ἀνοιαν
892 1983 937 2038 τοῦ

160 2065 309 2139 στρατηγοῦ
324 2059 394 2138 μέγα
404 2060 542 2141 εὐτύχημα
554 2062 730 2141 ἡγησάμενοι,
739 2062 894 2125 κατέόαινον
908 2069 938 2127 ἐκ

160 2151 205 2205 τοῦ
218 2146 352 2227 χάρακος,
372 2147 420 2205 ούκ
444 2148 600 2222 ἀλάττουςή
625 2151 761 2211 διπλάσιοι
781 2156 833 2211 τῶν
856 2155 935 2214 πολε-

104 2262 135 2301 m
161 2235 228 2311 μίωυ
243 2235 324 2302 όντες.
368 2236 416 2304 Ὡς
429 2237 456 2296 δὲ
472 2238 613 2299 συνέπεσον
635 2239 776 2318 ἀλληλοις,
793 2241 869 2322 φόνος
884 2244 938 2322 tpi-

160 2347 217 2383 νετο
231 2328 284 2384 τῶν
299 2322 443 2402 Ῥωμαίων
457 2325 539 2394 πολύς
554 2331 584 2388 ού
603 2328 755 2406 δυναμένων
771 2331 797 2388 έν
818 2330 937 2409 τῇτάξει

160 2413 256 2489 μένειν.
299 2410 445 2480 Ἐξεόιθουν
461 2412 514 2495 γὰρ
527 2412 620 2483 αύτούς
634 2417 659 2475 σί
676 2418 826 2497 Τυρρηνοί,
842 2424 887 2477 τοῦ
908 2445 937 2480 τε

159 2502 258 2581 χωρίου
269 2500 317 2574 τὴν
329 2500 406 2582 φύσιν
417 2500 521 2582 ἔχοντες
534 2502 691 2584 σύμμαχον,
703 2509 750 2565 καὶ
760 2510 811 2565 τῶν
823 2508 937 2588 ἐφεστη·

160 2590 243 2648 κότων
265 2590 390 2663 κατόπιν,
405 2592 529 2661 ἐτάξαντο
547 2590 598 2671 γάρ
623 2592 667 2652 ἐπὶ
682 2594 777 2673 βάθος,
801 2594 936 2671 ἐμπτώσει

103 2702 132 2741 τι
160 2678 248 2756 πολλῇ
264 2678 474 2757 συνεργούμενοι.
518 2679 659 2741 Πεσόντων
680 2682 708 2740 δέ
721 2685 774 2740 τῶν
789 2686 934 2764 έπεφανεσ·

158 2766 244 2828 τάτων
268 2771 404 2850 λοχαγῶν,
427 2772 444 2840 ἡ
469 2770 550 2842 λοιπή
573 2772 627 2828 τῶν
655 2768 799 2846 Ῥωμαίων
827 2772 937 2849 δύναμις

158 2857 303 2936 ἐγκλίνασα
317 2856 425 2938 ίφευγεν
440 2859 484 2918 ἐπὶ
501 2857 546 2918 τδν
560 2858 679 2939 χάρακα·
697 2862 721 2918 ul
736 2861 759 2918 δ’
774 2860 934 2931 ἠκολούθουν

158 2949 203 3008 καὶ
217 2947 264 3015 τάς
276 2969 307 3005 τε
319 2942 434 3023 σημαίας
447 2948 533 3006 αύτῶν
545 2948 718 3029 ἀφαιροῦνται
730 2948 844 3016 καὶτοὺς
857 2972 936 3028 spuu-

159 3034 255 3114 ματίας
276 3034 492 3112 συλλαμόάνουσι
506 3035 551 3095 καὶ
573 3041 626 3095 τῶν
641 3040 739 3117 νεκρῶν
753 3038 871 3116 γίνονται
885 3038 934 3097 κύ-

101 3148 133 3189 αο
160 3147 226 3205 pror·
241 3123 287 3183 καὶ
304 3121 525 3192 κατακλείσαντες
538 3122 632 3193 αύτούς
654 3128 690 3193 εές
711 3127 866 3205 πολιορκίαν
888 3127 935 3186 καὶ

159 3213 193 3272 δι’
206 3211 270 3285 όλης
292 3216 339 3283 τῆς
358 3213 452 3284 λοιπῆς
473 3211 573 3292 ἡμέρας
593 3212 745 3292 προσύολδις
761 3213 935 3290 ποιησάμενοι

157 3300 272 3373 πολλάς,
287 3299 334 3359 καὶ
344 3298 402 3360 οὐδέ
416 3299 464 3373 τήν
479 3299 560 3360 νύκτα
574 3297 682 3380 ἀφέντες
699 3305 801 3381 αἱροῦσι
821 3304 865 3362 τὀν
880 3301 934 3382 χά·

158 3413 244 3468 ρακα,
266 3386 425 3449 ἐκλιπόντων
447 3386 525 3448 αὐτὸν
550 3390 603 3448 τῶν
630 3387 718 3459 ένδσν,
741 3390 788 3450 καὶ
816 3396 935 3470 γίνονται

156 3479 263 3537 πολλῶν
277 3475 408 3553 σωμάτων
422 3499 451 3535 τε
465 3478 511 3535 καὶ
524 3475 670 3556 χρημάτων
685 3477 829 3556 ἐγκρατεῖς.
864 3479 933 3540 Ούδέ

100 3589 131 3629 ss
156 3565 208 3644 γάρ
228 3563 461 3623 ἀποσκευάσασθαι
484 3562 596 3640 δύναμιν
621 3560 701 3643 έσχσν
726 3566 750 3623 οἱ
779 3563 933 3643 φεύγοντες,

157 3652 217 3712 ἀλλ’
232 3654 374 3728 ἀγαπητῶς
391 3651 459 3710 αύτδι
473 3649 506 3708 τά
520 3649 635 3726 σώματα
658 3649 788 3709 διέσωσαν
796 3695 807 3727 ,
823 3649 882 3709 οὐδὲ
900 3652 933 3713 τά

156 3742 226 3802 ὅπλα
240 3740 334 3801 πολλοὶ
348 3740 531 3821 φυλάττοντες.

197 3830 302 3891 xxiv.
324 3831 360 3888 Οἱ
374 3828 397 3887 δ’
411 3831 437 3888 ἐν
453 3832 486 3907 τῇ
500 3826 595 3909 Ῥώμη
619 3829 668 3901 τήν
685 3852 714 3888 τε
730 3830 865 3889 ἀπώλειαν
880 3834 932 3890 τῶν

157 3919 289 4002 σφετέρων
310 3917 356 3978 καί
381 3917 429 3990 τὴν
456 3915 554 3977 άλωσιν
578 3922 624 3976 τοῦ
651 3918 770 3998 χάρακος
796 3919 932 3995 μαθόντες·

99 4019 131 4059 ⁴⁰
155 4000 219 4081 ἧκον
237 4005 288 4087 γὰρ
303 4007 327 4064 οἱ
340 4008 440 4086 πρῶτοι
460 4005 630 4072 διασωθέντες
644 4007 675 4064 έκ
684 4010 732 4078 τῆς
744 4011 844 4086 τροπῆς
862 4010 930 4068 πολ-

156 4098 204 4171 λῆς
216 4097 256 4158 έτι
266 4094 358 4162 νυκτὸς
369 4093 457 4167 οὔσης·
472 4095 508 4161 εἷς
523 4094 607 4172 μέγαν
616 4093 735 4173 θόρυύον,
745 4093 835 4175 ῶσπερ
850 4100 931 4171 εἰκός,

154 4187 335 4258 κατέστησαν·
349 4183 395 4243 καὶ
409 4186 444 4251 ῶς
458 4183 554 4242 αύτίκα
568 4182 601 4255 δή
623 4185 696 4260 μάλα
719 4187 772 4242 τῶν
795 4184 930 4261 πολεμίοιν

155 4274 200 4334 ἐπὶ
212 4283 279 4352 σφᾶς
298 4271 491 4348 ἐλευσομένων,
509 4270 678 4351 ἁρπάσαντες
699 4270 732 4329 τά
746 4271 831 4344 ἀπλα,
846 4273 870 4331 σί
884 4272 933 4349 μὲν

154 4363 189 4421 τὰ
199 4362 276 4441 τείχη
290 4360 522 4441 περιεστεφάνουν,
545 4362 570 4418 οἱ
586 4358 614 4419 δέ
627 4360 679 4440 πρδ
694 4363 746 4419 τῶν
763 4361 853 4418 πυλῶν
870 4361 930 4421 ἔτά·

95 4474 127 4514 σε
154 4451 248 4523 ξαντο,
258 4453 282 4510 σί
297 4449 324 4508 δέ
338 4448 373 4507 τά
382 4448 503 4528 μετέωρα
513 4452 561 4522 τῆς
574 4448 675 4516 πόλεως
684 4445 929 4525 κατελαμύάνοντο.

153 4530 207 4602 'tls
222 4539 250 4598 δέ
266 4537 362 4619 δρόμος
375 4537 488 4605 ἄτακτος
511 4538 561 4596 ἀνά
580 4536 629 4609 τήν
643 4535 718 4596 πόλιν
742 4537 805 4609 ὅλην
821 4537 865 4595 καὶ
881 4539 930 4617 βοὴ

154 4625 307 4707 συμμιγής,
323 4626 369 4687 καὶ
383 4627 427 4686 ἐπὶ
440 4636 494 4695 τοῖς
505 4627 610 4705 στέγεσι
629 4628 681 4683 τῶν
695 4627 774 4687 σύκων
796 4626 833 4692 εἰς
847 4625 930 4697 ἀλκὴν

153 4717 201 4777 καὶ
216 4718 305 4792 ἀγῶνα
326 4715 483 4796 εύτρεπήςό
503 4713 661 4781 κατοικίδιος
677 4713 772 4793 ὄχλος,
789 4713 886 4794 πυρσοί
901 4737 929 4772 τε

153 4808 290 4885 συνεχεῖς,
314 4796 357 4866 οἶα
372 4804 405 4877 δή
430 4807 457 4864 ἐν
471 4803 545 4863 νυκτί
560 4802 693 4882 σκοταίᾳ,
718 4801 929 4876 ὑπολαμπάδων

93 4917 126 4957 συ
152 4896 199 4956 καί
213 4895 267 4955 ἀπὸ
288 4900 386 4974 στεγῶν
411 4899 525 4953 τοιοῦτοι
549 4890 834 4968 restituerimus,
860 4887 928 4950 ὥστε

152 4981 264 5064 συναφές
277 4973 345 5043 εἶναι
366 4984 451 5043 δοκεῖν
467 4982 520 5049 τοῖς
533 4978 668 5059 πρόσωθεν
689 4981 769 5057 δρῶσι
783 4975 813 5035 τδ
829 4975 927 5051 σέλας,

152 5073 198 5135 καὶ
213 5071 289 5141 δόξαν
303 5068 507 5150 ἐμπιπραμένης
518 5068 619 5135 πόλεως
632 5073 792 5146 παρασχεῖν.
836 5066 891 5127 Καὶ
906 5068 929 5126 εἰ

151 5163 213 5223 τότε
225 5164 250 5222 ol
265 5160 401 5242 Τυρρηνοὶ
415 5164 467 5218 τῶν
487 5162 517 5218 ἐκ
530 5163 576 5216 τοῦ
589 5156 706 5235 χάρακος
718 5156 850 5234 ὠφελειῶν
865 5157 930 5215 ὓπε-

151 5250 265 5330 ριδόντες
275 5251 305 5310 έκ
315 5249 395 5316 ποδδς
406 5255 460 5316 τοῖς
472 5244 609 5329 φεύγουσιν
623 5241 816 5316 ἠκολούθησαν,
832 5242 925 5302 ἀπασα

994 790 1039 853 qul
1056 790 1093 853 ad,
1105 795 1230 843 Romanos
1249 807 1265 845 α
1282 795 1465 847 mercatoribus
1485 799 1682 861 supportabantur
1694 801 1774 854 iuter-

993 900 1130 964 cipientes,
1154 906 1180 953 et
1205 901 1366 967 pabulatores
1390 908 1576 969 aquatoresque
1602 908 1775 963 adorientes:

993 1021 1073 1072 eoque
1084 1008 1233 1072 redegerunt
1245 1009 1391 1071 consulem,
1403 1015 1432 1062 nt
1449 1025 1495 1062 nec
1508 1015 1608 1077 tempus
1623 1029 1669 1066 nec
1680 1016 1775 1081 locum,

994 1116 1020 1166 in
1031 1131 1081 1182 quo
1102 1132 1210 1182 pugnam
1227 1119 1406 1182 committeret,
1427 1121 1551 1174 arbitratu
1568 1138 1615 1174 suo
1627 1132 1715 1190 posset
1728 1128 1776 1178 eli·

993 1238 1058 1289 gere.
1092 1229 1155 1285 Ques
1168 1239 1257 1290 magna
1277 1226 1370 1278 ducum
1385 1228 1518 1293 imperitis
1536 1231 1628 1282 indicia
1645 1234 1774 1308 ridentur.

993 1336 1026 1385 at
1038 1334 1093 1386 haec
1107 1338 1213 1399 utraque
1226 1336 1327 1386 Etrusci
1342 1336 1482 1399 habebant,
1504 1344 1580 1403 prout
1596 1341 1725 1394 uolebant.
1740 1348 1776 1394 Ασ

993 1456 1023 1493 ne
1043 1446 1105 1493 tunc
1119 1443 1221 1508 quidem
1234 1443 1362 1494 Menenius
1382 1450 1465 1497 castra
1478 1447 1536 1499 inde
1548 1463 1650 1502 morere
1671 1450 1752 1503 voluit
1766 1490 1773 1514 ,

995 1552 1039 1602 sed
1049 1590 1056 1615 ,
1068 1552 1159 1616 spretis
1172 1552 1219 1612 iis,
1234 1552 1278 1617 qni
1288 1556 1355 1604 reete
1365 1555 1515 1616 monebant,
1525 1556 1610 1619 copias
1626 1557 1730 1611 eductas
1742 1561 1773 1610 erl

992 1672 1100 1724 pugnarn
1121 1660 1251 1714 instruxit.
1285 1663 1385 1713 Etrusci
1408 1676 1484 1723 vero,
1509 1664 1667 1729 imperatoris
1688 1683 1774 1721 ameu-

993 1767 1054 1817 tiam
1067 1767 1113 1819 sibi
1126 1768 1152 1819 in
1170 1783 1284 1834 magnam
1298 1771 1442 1823 felicitatem
1454 1772 1543 1823 cedere
1555 1774 1745 1841 existimantes,
1759 1792 1773 1829 e

992 1875 1061 1928 vallo
1073 1877 1268 1939 descenderunt,
1286 1891 1391 1929 numero
1409 1878 1487 1944 duplo
1508 1880 1601 1932 maiore
1612 1895 1688 1946 qnam
1710 1883 1770 1934 bos-

993 1989 1041 2039 tes.
1077 1987 1108 2036 ut
1125 1998 1187 2036 vero
1205 1999 1296 2037 munus
1309 2000 1441 2056 conserere
1453 1993 1596 2051 creperunt,
1613 1990 1700 2053 ingens
1719 1994 1772 2042 ltu·-

993 2110 1124 2148 manorum
1140 2095 1223 2147 ασθαι
1244 2101 1283 2147 est
1302 2098 1381 2161 lecta,
1403 2098 1463 2161 quis
1476 2099 1578 2151 ordines
1600 2114 1702 2153 serrare
1722 2118 1773 2154 nun

992 2210 1115 2272 poterant.
1148 2210 1210 2257 llam
1222 2206 1254 2257 nb
1266 2207 1381 2257 Etruscis
1398 2207 1606 2271 detrudebautur‚
1617 2213 1709 2276 quibus
1725 2213 1773 2265 loci

992 2318 1206 2378 nuturelnrebat,
1220 2321 1246 2368 et
1264 2331 1330 2382 qnos
1348 2318 1389 2368 sui
1406 2332 1421 2368 a
1437 2322 1507 2384 tergo
1526 2319 1677 2385 adurgentes
1701 2326 1773 2385 (num

991 2426 1018 2475 in
1035 2424 1115 2476 ultum
1130 2425 1254 2475 instructa
1265 2429 1320 2475 erat
1338 2425 1422 2489 acies)
1432 2440 1513 2491 prona
1526 2428 1694 2492 impressione
1705 2431 1772 2481 mni·

990 2540 1045 2587 tum
1065 2535 1229 2586 adiuvabant.
1261 2536 1342 2586 caesis
1363 2540 1449 2588 autern
1466 2537 1629 2589 nobilissimis
1644 2542 1772 2592 centurio·

991 2644 1205 2709 uibus,reliquus
1219 2647 1388 2695 Romanorum
1408 2646 1535 2697 exercitus
1556 2646 1693 2698 inclinatus
1713 2648 1772 2713 luga

990 2753 1086 2803 vallum
1097 2752 1170 2817 petiit
1185 2770 1191 2802 ι
1207 2751 1243 2802 illi
1255 2766 1316 2803 vero
1328 2753 1504 2816 sequebantur,
1520 2758 1545 2805 et
1560 2756 1632 2820 signa
1645 2756 1696 2807 illis
1709 2758 1769 2809 abs·

990 2865 1104 2917 tulerunt
1122 2867 1148 2915 et
1169 2862 1269 2913 saucios
1290 2863 1533 2927 comprehenderunt
1556 2869 1582 2915 et
1602 2864 1770 2919 cadaveribus
1874 2910 1878 2915 .

991 2975 1064 3040 potiti
1077 2977 1144 3025 sunt.
1178 2976 1258 3036 Atque
1275 2971 1409 3024 obsidione
1424 2986 1469 3024 eos
1481 2973 1625 3038 cingentes,
1640 2980 1667 3026 et
1680 2991 1772 3043 oppug-

991 3088 1091 3139 natione
1103 3100 1148 3151 per
1160 3088 1242 3135 totum
1254 3084 1304 3135 diei
1317 3085 1425 3149 spatium
1440 3085 1600 3147 continuata,
1615 3091 1641 3137 et
1650 3100 1681 3139 ne
1694 3093 1771 3139 noctu

989 3197 1091 3265 quidem
1106 3196 1260 3256 intermissa,
1270 3198 1391 3258 ceperunt
1403 3198 1485 3245 castra
1497 3209 1513 3244 u
1525 3196 1649 3248 militibus
1659 3197 1770 3260 deserta,

990 3307 1016 3355 et
1027 3302 1108 3353 multa
1120 3301 1242 3366 mancipia
1260 3298 1404 3365 multasque
1419 3301 1535 3365 pecunias
1555 3301 1580 3351 iu
1593 3315 1666 3352 suam
1684 3308 1768 3367 potes·

989 3414 1068 3463 tatem
1081 3409 1239 3473 redegerunt.
1271 3407 1380 3472 Fugitivi
1397 3408 1463 3458 enim
1483 3407 1538 3458 boec
1556 3401 1702 3473 absportare
1721 3426 1770 3461 non
1822 3432 1825 3437 ⁴

987 3521 1135 3583 potuerant,
1154 3516 1198 3566 sed
1218 3514 1280 3566 sctis
1301 3515 1441 3567 habuerant
1459 3529 1565 3580 corpora
1583 3516 1638 3580 ipsa
1654 3530 1769 3579 serrare,

988 3626 1062 3678 multi
1072 3625 1189 3677 neermis
1202 3624 1304 3690 quidem
1321 3625 1437 3677 serratis.

1019 3839 1106 3888 xlllV.
1125 3837 1229 3888 ltomani
1246 3850 1321 3901 vero,
1330 3838 1374 3902 qui
1391 3837 1417 3887 in
1428 3837 1528 3889 urbest
1543 3851 1646 3889 suorum
1661 3836 1732 3889 clade
1745 3841 1771 3888 et

988 3932 1130 3978 castrorum
1152 3926 1333 3991 expugnatione
1361 3928 1460 3991 cognita
1484 3927 1544 3995 (qui
1573 3926 1639 3977 enirn
1663 3939 1694 3977 ex
1726 3926 1770 3977 illa

988 4020 1068 4081 strage
1082 4016 1154 4080 primi
1173 4019 1318 4078 suaserant,
1341 4019 1399 4067 anta
1421 4015 1504 4067 lucem
1523 4017 1661 4078 venerunt)
1678 4015 1770 4079 ingenti

991 4104 1100 4155 tumultu
1119 4106 1161 4170 (ut
1178 4107 1311 4158 verisimile
1328 4107 1381 4170 est)
1398 4105 1535 4169 perturbati
1554 4108 1619 4156 sunt.
1653 4107 1704 4155 Nec
1721 4102 1770 4154 eli-

993 4196 1040 4256 ter,
1052 4210 1128 4259 quarn
1143 4198 1165 4248 si
1180 4212 1239 4249 mox
1251 4198 1337 4250 hostes
1351 4203 1440 4250 eontra
1451 4213 1478 4250 sc
1495 4201 1578 4249 esseut
1589 4198 1701 4255 venturi,
1714 4211 1771 4248 cor·

987 4278 1064 4344 replis
1074 4279 1150 4331 armis
1165 4279 1207 4331 ulii
1218 4291 1304 4329 murus
1318 4292 1409 4330 curona
1421 4277 1567 4343 cingebant,
1582 4278 1625 4330 atii
1637 4279 1691 4331 locs
1699 4282 1769 4333 urbis

987 4367 1054 4419 editu
1074 4368 1236 4432 occupabant.
1271 4370 1320 4419 Per
1334 4370 1414 4418 totum
1434 4370 1520 4419 sutem
1541 4369 1626 4420 urbem
1640 4370 1768 4420 discursus

986 4454 1164 4519 incompositus
1176 4460 1247 4516 erat,
1267 4459 1293 4507 et
1306 4454 1400 4506 clamor
1411 4456 1532 4509 contusus
1545 4456 1705 4516 audiebatur,
1721 4472 1766 4506 sn·

986 4557 1079 4609 perque
1091 4544 1184 4596 odium
1195 4543 1266 4594 tectis
1287 4547 1341 4595 tota
1356 4544 1495 4596 domestice
1514 4545 1589 4596 turbs
1602 4544 1633 4596 ad
1650 4546 1768 4596 resisten-

985 4632 1047 4683 dum
1071 4636 1098 4684 et
1114 4632 1281 4683 dinienrrdum
1298 4637 1385 4697 parata
1412 4637 1479 4692 erat,
1500 4637 1525 4684 et
1550 4634 1618 4698 ignes
1638 4634 1766 4693 continui,

985 4725 1072 4786 utpote
1083 4722 1109 4772 iu
1127 4721 1236 4772 obscura
1249 4725 1337 4781 nocte,
1350 4726 1423 4772 tecta'
1432 4726 1470 4772 tot
1483 4722 1580 4772 lacibus
1592 4721 1765 4784 collucebaut,

985 4812 1015 4861 ut
1025 4810 1123 4861 eminus
1136 4809 1291 4861 intuentibus
1311 4809 1428 4873 splendor
1442 4810 1603 4861 mutinuatns
1618 4823 1674 4861 esse
1693 4809 1765 4860 ride·

985 4900 1063 4958 retur,
1087 4901 1114 4949 et
1127 4898 1234 4962 speciem
1251 4897 1357 4949 incenso
1378 4897 1450 4949 urbis
1467 4899 1579 4949 baberet.
1612 4900 1645 4948 Et
1665 4898 1686 4948 si
1708 4902 1767 4948 lunc

985 4985 1098 5047 Etrusci,
1113 4987 1198 5050 preda
1220 4990 1361 5038 castrorum
1378 4990 1518 5050 contemta,
1541 4988 1646 5054 vestigia
1668 4988 1766 5052 lugien-

985 5074 1048 5125 tium
1058 5076 1137 5126 secuti
1154 5077 1251 5136 essent,
1264 5078 1334 5127 totus
1350 5075 1394 5126 ille
1410 5076 1551 5139 exercitus,
1564 5077 1609 5141 qui
1621 5080 1708 5128 contra
1721 5091 1764 5129 eos

985 5161 1110 5226 protectus
1122 5162 1218 5224 lueret,
1238 5162 1336 5214 deletus
1348 5166 1424 5214 esset.
1458 5165 1510 5214 tarn
1523 5177 1584 5215 vero
1597 5165 1630 5216 ad
1643 5165 1765 5232 direptio-

984 5262 1041 5302 nem
1056 5248 1291 5316 impedimentorum
1302 5251 1329 5303 in
1339 5252 1428 5305 castris
1438 5251 1586 5305 relictorum
1598 5258 1720 5319 conversi,
1737 5259 1766 5308 et
