4052 5926
16 1302 18 1363 ι

617 424 905 498 ANTllefllTUbl
928 422 1072 484 llOMAN.
1096 425 1166 485 LlB.
1190 426 1242 486 Vl.

145 570 167 613 ι·
179 557 224 628 τὴν
240 554 382 633 ἡγεμονίαν
401 556 446 615 καί
460 555 508 625 τήν
528 554 674 633 ἐλευθερίαν
695 556 794 614 ἀπασιν
813 552 908 630 θμοίως

149 645 374 704 «ἀπολωλεκέναι
399 643 444 702 καλ
468 643 535 719 μήτε
556 645 688 718 γυναικῶν
709 642 783 719 Ιμήτι
804 641 907 702 παίδων

149 756 161 789 ιι
179 731 245 810 μήτι
263 733 352 801 οὐσίας
375 730 443 809 μήτι
457 732 536 791 ἄλλου
554 729 622 798 τινθς
643 720 678 789 ῶν
702 730 775 810 ἔχετε
790 729 909 790 ἀπολαύι

149 841 232 878 ισιιν
247 823 363 899 ἀγαθῶν,
382 820 436 888 τοῖς
450 819 477 878 δι
497 818 650 900 ἡγουμίνοις
668 822 715 889 τῆς
738 819 840 885 πόλεως
860 818 906 877 καί

111 933 121 970 s
145 929 159 961 ι
178 907 211 969 τδι
230 908 305 967 κοινδι
319 910 443 967 διοικοῦσι
461 905 504 965 τὸν
519 905 647 967 οἴκτιστον
668 907 746 985 μόρον
770 909 907 966 ἀποθανεῖν

141 1016 160 1052 ἰ
179 994 226 1054 οὐν
240 996 336 1061 αἰκίαις
358 994 402 1053 καί
421 994 553 1073 βασάνοις.
595 993 683 1055 Ὅπου
697 995 747 1074 γίιρ
771 994 844 1055 οὐδὲν
858 1017 907 1057 πτ-Ι

142 1105 161 1139 ,ιι
178 1084 298 1152 πονθότις
312 1086 354 1162 ὑφ’
370 1084 445 1159 ὑμῶν
458 1081 539 1141 κακθν
554 1081 612 1144 οὐτε
628 1086 715 1158 μεῖζον
730 1080 784 1141 οὔτ’
798 1082 906 1141 ἔλαττον

140 1192 161 1228 ,ιι
179 1170 263 1230 πολλὰ
286 1170 330 1230 και
352 1169 509 1230 παντοδαπὰ
528 1168 665 1249 ἀξύόρισαν
687 1172 723 1237 τίς
737 1173 805 1245 ὑμᾶς
820 1167 906 1227 ἅπαν-

147 1280 161 1316 ιι
178 1283 237 1335 τας,
257 1258 283 1317 τί
300 1257 354 1340 χρὴ
373 1261 521 1339 προσδοκᾷν
542 1258 660 1330 ποιήσιιν
675 1257 767 1325 αὐτοὺς
774 1304 782 1330 ,
804 1257 890 1316 ἀν”
861 1279 905 1314 νυν

16 1388 17 1407 ι
97 1382 119 1422 γ,
143 1369 159 1401 ιι
178 1347 330 1425 κρατήσωσι
352 1355 407 1414 τοῖς
430 1347 531 1423 ὅπλοις,
555 1354 779 1423 μνησικακοῦντας
799 1345 892 1405 ότι
860 1369 906 1414 της

16 1692 18 1751 ,

16 1776 17 1799 ¹
93 1823 113 1863 ts
144 1812 158 1849 ιι
178 1794 305 1862 σκοπῆτε,
320 1788 351 1849 τδ

143 1456 158 1487 ιι
177 1436 275 1503 πόλεως
288 1434 336 1513 μιν
347 1432 440 1501 αὐτούς
451 1435 606 1507 ἀπηλάσατε
617 1436 663 1494 καί
673 1435 719 1503 τίις
733 1435 821 1501 οὐσίας
836 1432 906 1514 ἀρεί-

147 1544 159 1579 ιι
177 1523 250 1582 λεοθε
264 1523 310 1583 καλ
331 1521 384 1582 οὐδ’
398 1522 522 1593 ίπιύῆναι
545 1527 592 1594 τῆς
613 1522 737 1604 πατρῴας
760 1526 807 1601 γῆς
828 1524 904 1597 ἐᾶτες

137 1635 158 1670 ιι
176 1615 323 1673 τελευταῖοι
335 1611 362 1670 δὲ
381 1615 434 1670 τῶν
448 1610 604 1691 εἰρημένων,
627 1612 729 1679 οὐδενὸς
742 1610 829 1691 ἑτέρου
849 1610 906 1693 ρή-

137 1721 157 1757 ιι
180 1705 252 1759 σαιτ’
270 1700 301 1760 ἀν
316 1693 381 1761 εἶναι
396 1699 623 1776 πλεονεκτήματος
635 1698 759 1771 ἔλασσον,
770 1699 814 1758 ἐὰν
824 1690 974 1779 ὀρθῶς

371 1785 409 1865 μὴ
424 1793 531 1847 τοιαῦτα
548 1792 612 1866 ἡμῖν
627 1776 792 1861 ἀπηντῆσθαι
805 1786 888 1846 τθ“
853 1812 905 1847 των

139 1901 154 1934 τ
177 1878 309 1954 πολεμίων
323 1867 366 1936 οἷα
381 1874 561 1953 ὐπιλόθομιν,
578 1874 647 1934 ἀλλά
666 1878 757 1956 πολλῷ
767 1879 815 1947 πῆς
831 1875 906 1949 δόξης

141 1990 157 2025 ο
177 1966 337 2046 ίνδιίστερα.
355 1961 426 2033 'Eion
450 1965 502 2045 γὰρ
528 1969 574 2036 τῆς
593 1964 732 2023 Ἀντιατῶν
749 1963 973 2044 Ιἐπικουρίοις.

143 2077 157 2113 ιι
175 2057 279 2121 οὐδίνας
301 2053 394 2120 ἄλλους
417 2056 494 2131 θράτε
514 2053 651 2120 κοινωνοὺς
674 2053 847 2133 παρόντας’
818 2061 905 2123 αυτοῖς

143 2166 157 2202 ιι
175 2149 220 2203 τοῦ
235 2144 369 2219 πολέμου·
383 2145 459 2218 ἡμεῖς
470 2143 497 2200 bl
512 2142 629 2209 ἅπαντας
643 2139 865 2211 Οὐολούσκουςήξ
867 2165 904 2200 ειν

143 2255 158 2292 ιι
177 2234 264 2299 αὐτοῖς
278 2230 498 2308 ῖιπελαμύοίνομεν
512 2230 667 2312 συμμάχους
682 2230 728 2290 καὶ
740 2230 862 2291 Σαόίνων
874 2253 903 2290 τε

141 2345 157 2382 ιι
175 2322 219 2383 καί
234 2322 362 2403 Ἑρνίκων
376 2320 496 2401 συχνοὺς,
514 2322 559 2380 καί
574 2322 679 2401 μυρίους
694 2322 787 2389 ἄλλους
801 2322 851 2381 διὰ
858 2346 904 2387 κε-

141 2435 156 2470 ιι
174 2416 219 2484 υῆς
246 2409 440 2488 ἀνεπλάττομεν
464 2414 527 2487 ἡμῖν
549 2414 635 2478 αὐτοῖς
659 2410 765 2492 μύθους.
808 2411 885 2473 Ποίντ
886 2437 903 2471 α

139 2491 242 2573 (ιδ’ήν
267 2498 318 2579 ἀρα
339 2503 423 2557 ταῦτα
445 2497 565 2559 Λατίνων
588 2499 725 2579 θνείρατα,
750 2500 972 2580 ὑποσηέσειςι

140 2611 155 2647 ιι
175 2587 271 2666 ἔχοντα
291 2585 365 2655 κινάς
393 2584 439 2645 καλ
470 2586 577 2654 ίλπίδας
606 2590 715 2654 ἀτελεῖς.
756 2591 791 2649 of
815 2587 972 2667 μίνγί

140 2674 423 2753 «ἐγκαταλελοίπασιν
448 2676 533 2734 αὐτῶν
557 2675 605 2747 τήν
630 2677 798 2757 ἐπικουρίαν,
819 2700 902 2736 κατα·

140 2787 155 2823 ιι
176 2764 347 2845 ρρονήσαντις
356 2768 403 2836 τῆς
412 2767 463 2824 τῶν
476 2767 613 2843 στατηγῶν
625 2764 755 2846 ἀπειρίας·
768 2768 790 2825 ol
802 2764 829 2825 δὲ
842 2769 971 2843 poll-e

136 2877 151 2914 ιι
174 2854 284 2925 λήσουσι
299 2854 425 2932 μᾶλλονῆ
438 2854 596 2933 βοηθήσουσι
605 2854 736 2934 τρίόοντις
746 2857 774 2913 ἕν
788 2863 846 2923 ταῖς
860 2857 903 2914 ε’λ·

138 2967 152 3003 ο
175 2945 234 3003 πίοι
247 2942 292 3003 τόν
311 2943 413 3022 χρόνον·
435 2944 459 3001 οῖ
484 2942 510 3002 δὲ
525 2947 570 3002 νῦν
586 2942 658 3010 ὄντες
676 2945 702 3002 ιν
723 2952 903 3021 παρασκευαῖς

137 3056 151 3090 ιι
172 3033 359 3143 θστιρήσριντες
378 3035 425 3104 τῆς
445 3032 535 3112 μόχης
555 3032 626 3092 οὐδὲν
641 3032 681 3091 ἔτι
697 3035 783 3100 αὐτοῖς
806 3033 903 3112 χρήσι

136 3145 151 3179 ιι
173 3144 218 3198 μοι
231 3120 396 3198 γενήσονται.

136 3320 151 3357 ο
171 3305 216 3359 θαι
237 3282 394 3376 νομίζουσιν,
417 3299 560 3378 ὀρρωδοῦσι
583 3298 656 3357 dl
631 3322 662 3359 τυ
684 3303 736 3359 τῶν
760 3303 899 3362 ἀντιπολε-

134 3410 149 3448 ιι
170 3388 237 3466 μίων
251 3390 360 3460 πλῆθος,
380 3387 492 3467 βραχείᾳ
510 3388 606 3469 διδαχῇ
633 3389 832 3464 μαθίτωσαν
805 3414 839 3449 τα
862 3389 968 3468 psl«

134 3476 241 3536 τδεινά
269 3474 401 3553 δεδιότες,
436 3477 537 3553 μᾶλλον
561 3477 589 3535 δὲ
613 3478 776 3552 ἀναμνήσει·
797 3482 901 3559 πρῶτον

133 3562 218 3642 υμῖν
244 3564 426 3641 ἐνθυμηθέντες
449 3564 489 3624 ότι
510 3565 599 3623 πλεῖόν
627 3567 697 3624 ίστιν
720 3569 748 3625 ἀν
768 3570 854 3635 αὐτοῖς
872 3570 969 3628 τιιδ

133 3674 150 3711 ιι
171 3652 369 3729 ἠναγκασμένον
383 3652 418 3712 τά
432 3652 501 3712 ότλα
521 3652 581 3715 καθ’
595 3655 671 3729 ἡμῶν
697 3654 880 3733 ἀναλαότῖν,“
865 3680 901 3723 ως

133 3762 149 3798 ιι
170 3742 204 3799 ἐκ
225 3741 327 3799 πολλῶν
342 3743 405 3820 ἡμῖν
420 3741 502 3821 ἔργων
515 3764 544 3799 τε
562 3740 608 3800 καί
624 3740 708 3818 λόγων
728 3742 896 3820 ἐδήλωσε,
872 3767 902 3804 το

132 3851 148 3887 ιι
171 3828 200 3888 δὲ
216 3827 331 3888 ίκούσιύν
344 3854 373 3889 τε
387 3828 432 3887 καὶ
446 3831 476 3888 ix
496 3828 642 3909 προθυμίας
656 3828 722 3910 ὑπὲρ
733 3833 785 3888 τῶν
802 3833 901 3909 τυράν-

133 3939 148 3975 ιι
169 3941 221 3977 νων
243 3917 431 3997 ἀγωνιζόμενον
448 3918 517 3976 πάνυ
540 3917 645 3995 ὀλίγον,
670 3921 770 3993 μᾶλλον
789 3921 817 3980 δὲ
835 3922 901 3979 πολ-

132 4029 149 4066 ι
170 4010 266 4068 λοστθν
282 4007 359 4089 μόρος
372 4013 417 4067 τοῦ
432 4008 577 4087 ἡμετέρου·
594 4007 686 4067 ίπιιτα
701 4008 741 4068 ότι
754 4010 814 4078 τούς
825 4014 901 4072 πολί·

132 4120 148 4154 ιι
170 4119 235 4174 μους
247 4095 366 4164 ἅπαντας
379 4098 429 4177 οὐχ
442 4100 466 4156 οί
480 4097 585 4165 πλιίοος
598 4104 650 4164 τοῖς
664 4099 784 4176 ἀριθμοῖς
805 4123 901 4180 κατορ-

132 4206 148 4241 ο
170 4190 258 4245 θοθσιν
271 4231 281 4264 ,
296 4187 365 4245 ἀλλα
378 4188 402 4246 οἱ
418 4185 549 4265 κρείττους
562 4188 653 4265 ἀρετῇ.
688 4183 762 4246 Πολθ
782 4185 841 4244 ἀν’
826 4211 901 4267 εργον

132 4296 147 4331 ιι
170 4273 211 4346 είη
233 4273 437 4354 παραδείγματι
451 4276 556 4357 ρίριιν,
573 4273 623 4334 όσα
639 4272 780 4355 βαρὸόρων
801 4298 830 4334 τε
855 4277 901 4336 καί

130 4382 146 4417 ιι
168 4361 308 4435 Ἑλλήνων
326 4362 513 4442 στρατεύματα
536 4362 719 4443 ὐπερύαλόντα
742 4362 836 4436 πλήθει
858 4388 902 4441 μι-

71 4484 98 4523 ts
130 4471 146 4506 ο
167 4453 231 4532 κραί
257 4451 326 4511 πάνυ
349 4453 561 4530 κατηγωνίσαντο
580 4451 703 4530 δυνάμιις
723 4450 852 4527 οὕτως,
833 4477 901 4514 ωστε

129 4560 146 4597 ιι
168 4539 237 4615 μηδὲ
257 4538 366 4605 πιστοθς
386 4530 452 4598 εἶναι
469 4549 522 4607 τοῖς
540 4542 648 4609 πολλοῖς
661 4538 719 4608 τούς
732 4540 844 4620 πιρί’
815 4546 901 4602 αυτῶν

126 4649 144 4685 ι
166 4628 271 4708 λόγοις.
316 4627 369 4688 ’Edi
379 4628 479 4687 τᾶλλα·
496 4630 554 4687 ἀλλ’
567 4629 643 4705 ὑμεῖς
657 4628 732 4688 αὐτοί
746 4629 842 4697 πόσους
855 4654 902 4689 κα·

126 4738 141 4773 ι
168 4716 326 4795 τωρθιίικατι
348 4715 478 4794 πολίμους
499 4716 557 4796 μετ’
578 4714 745 4786 ἀλοίττουοςῆ
769 4716 886 4789 ὅσης
855 4742 900 4780 νυν

124 4825 143 4864 ε
167 4802 244 4885 ἀχετι
258 4805 393 4882 δυνάμεως
407 4806 522 4884 μείζοσιν
536 4804 554 4877 ἢ
569 4804 709 4872 τοσαύταις
721 4817 901 4883 παρασκευαῖς

66 4920 93 4962 η
124 4915 142 4951 ιι
166 4894 303 4971 πολεμίων
319 4894 529 4974 ἀντιταχθίντις,
544 4893 623 5007 ρίρε,
636 4892 706 4952 ἀλλὰ
722 4901 775 4959 τοῖς
793 4891 842 4969 μιν
857 4895 902 4954 ἀλ-

124 5002 142 5039 (
165 4983 223 5048 λοις
235 4981 339 5062 οοθεροι
356 4984 493 5042 διετελεῖτε
507 4973 623 5052 ὄντος,
603 5004 640 5040 ων
656 4983 790 5061 ίκρατιῖτι
810 4983 898 5062 μαχό-

125 5091 143 5127 ι
170 5092 267 5146 μενοι,
286 5070 406 5137 Λατίνοις
428 5071 455 5129 bt
479 5070 530 5151 ἀρα
558 5071 657 5180 τούτρις
682 5069 727 5128 καί
756 5070 809 5137 τοῖς
834 5093 927 5149 συμ·

124 5178 141 5211 ιι
166 5157 267 5238 μα’χοις
289 5160 374 5217 αὐτῶν
403 5158 578 5226 Οὐολούσκοις
600 5157 823 5240 ιύκαταφρόνητοι
856 5158 927 5219 ol

1670 442 1743 511 3212

976 581 988 605 ι
1005 562 1148 626 dignitatem
1176 565 1201 614 st
1224 563 1352 628 imperium
1373 566 1447 629 atque
1465 565 1603 617 libertatem
1613 572 1732 637 amittetis,

963 657 1017 717 ιοι
1037 667 1116 717 nequo
1128 654 1280 718 coniugibus,
1293 669 1373 720 neque
1395 656 1486 718 liberis,
1508 671 1588 722 neque
1612 659 1729 720 fortunis,

963 760 975 783 ι
991 740 1064 791 nullis
1079 741 1183 805 denique
1200 742 1255 792 aliis
1268 743 1338 794 bonis
1351 758 1407 809 qum
1424 746 1535 811 habetis,
1547 746 1595 796 ιιοι
1615 748 1685 798 robis
1698 747 1734 798 ll·

963 833 1073 883 «cebitz
1099 835 1145 897 ipsi
1163 847 1228 884 xvoro
1252 835 1361 886 civitatis
1383 837 1505 902 principes
1523 842 1548 890 et
1571 840 1730 904 magistratus

962 948 974 973 ι
992 925 1131 989 reipublice
1148 927 1284 978 miserrimo
1304 929 1391 980 mortis
1404 943 1491 993 genere
1511 932 1655 1003 verberibus
1668 934 1726 985 cesi
1767 960 1782 991 s

962 1036 975 1061 ι
991 1021 1017 1068 et
1030 1019 1164 1069 excruciati
1179 1020 1339 1072 necabuntur.
1373 1022 1397 1071 Si
1416 1022 1482 1074 enim
1498 1024 1626 1074 nunaunt
1645 1038 1732 1090 magna

963 1129 975 1154 ν
992 1114 1037 1161 sut
1062 1125 1139 1174 parva
1160 1112 1249 1162 iniuria
1276 1114 1378 1164 anobis
1394 1115 1478 1166 affecti
1490 1129 1535 1165 nos
1551 1129 1636 1166 omncs
1646 1118 1733 1169 multis

963 1206 1017 1252 «et
1030 1204 1105 1253 variis
1117 1204 1212 1256 iniuriis
1231 1209 1257 1256 et
1271 1208 1425 1257 mntumollis
1440 1206 1573 1259 insolenter
1594 1209 1730 1266 mucetum

963 1295 1096 1359 «,tyrannl
1106 1296 1166 1359 qnid
1177 1299 1313 1362 putandum
1322 1304 1359 1349 est
1369 1313 1411 1350 eos
1421 1301 1539 1363 facturos,
1550 1301 1573 1352 si
1582 1316 1648 1354 nuuc
1657 1302 1732 1354 armis

962 1389 1082 1439 «fuerint
1093 1390 1239 1454 superiores,
1253 1391 1277 1440 io
1289 1393 1432 1443 memoriam
1440 1399 1584 1445 revocantes
1597 1382 1649 1447 sss
1662 1397 1733 1447 vobis
1765 1404 1767 1411 ’

962 1484 1070 1546 «patris
1085 1485 1201 1549 expulsos
1214 1488 1240 1536 et
1250 1485 1295 1536 sibi
1310 1486 1374 1536 bona
1386 1500 1433 1537 sua
1444 1492 1537 1551 erepta,
1553 1501 1633 1551 neque
1648 1489 1673 1538 in
1685 1502 1731 1538 ne·

962 1575 1039 1626 «tals
1053 1576 1132 1627 solum
1144 1578 1191 1628 sibi
1202 1577 1282 1629 redire
1301 1592 1347 1647 per
1357 1593 1402 1630 vos
1414 1578 1510 1630 liceis?
1523 1582 1636 1630 Tertium
1649 1584 1732 1631 sutem

962 1672 1017 1721 «et
1030 1676 1188 1735 postremum,
1205 1673 1272 1738 quod
1283 1678 1348 1724 certe
1360 1689 1409 1724 non
1421 1674 1534 1725 dixeritis
1544 1674 1595 1725 ullo
1607 1674 1656 1724 alio
1667 1688 1734 1724 com·

962 1763 1064 1847 «modo
1075 1777 1129 1814 esse
1141 1765 1249 1827 inferius,
1264 1766 1286 1815 si
1298 1770 1364 1844 recte
1375 1780 1429 1818 rem
1448 1766 1720 1826 consideraveritismo

962 1855 1044 1920 «pies
1057 1854 1164 1908 bostium
1176 1873 1224 1908 non
1242 1859 1303 1929 tutes
1310 1836 1386 1911 vobis
1397 1861 1534 1911 occurrisse
1552 1858 1636 1923 quales
1651 1857 1734 1922 suspi-
1762 1849 1772 1883 ὖ

961 1947 1114 2009 ι,οοιιιωοι
1142 1951 1185 2000 sed
1213 1949 1282 2015 longe
1307 1952 1442 2003 deteriores
1469 1964 1544 2015 quom
1573 1949 1731 2015 potsbnmns.

960 2045 1050 2094 «llam
1075 2050 1166 2109 prrster
1181 2049 1306 2100 Antiatum
1326 2051 1429 2111 auxilia,
1444 2050 1524 2100 nullos
1544 2048 1606 2099 alios
1620 2047 1678 2098 belli
1692 2061 1734 2098 so-

960 2139 1040 2189 «dos
1056 2140 1104 2192 illis
1117 2141 1208 2194 videtis
1222 2143 1309 2194 adesse
1333 2163 1341 2194 ι
1362 2146 1389 2194 ιιι
1400 2156 1446 2193 nos
1465 2141 1666 2194 existimabamus
1677 2154 1734 2191 om·

960 2241 1033 2283 «nso
1055 2234 1158 2286 volscos
1183 2235 1230 2286 illis
1241 2236 1334 2287 auxilio
1348 2240 1464 2287 venturos
1484 2239 1511 2286 et
1522 2234 1614 2287 multos
1630 2232 1734 2287 Subinos

960 2327 1160 2388 «sillemicos3
1175 2328 1272 2393 aliaque
1293 2330 1408 2381 sexcenis
1428 2328 1629 2379 terriculamenta
1646 2324 1732 2375 inania

959 2420 1056 2470 «nobis
1070 2422 1129 2485 ipsis
1142 2421 1303 2485 fingebamus.
1318 2428 1350 2473 lt
1364 2422 1419 2472 brac
1437 2422 1520 2472 omnia
1542 2400 1731 2471 erant'Latino·

959 2525 1045 2564 «rum
1062 2515 1165 2577 somnis,
1183 2528 1239 2577 qum
1258 2515 1371 2566 inanibus
1389 2513 1609 2579 pollicitationibus
1627 2514 1653 2563 et
1664 2510 1734 2561 irrlta

959 2619 1031 2670 «spe
1043 2606 1192 2659 nitebantur.
1225 2608 1273 2659 Alii
1284 2609 1351 2659 enim
1363 2607 1525 2659 deseruerunt
1534 2620 1621 2659 eorum
1629 2604 1734 2655 societa-

959 2698 1048 2757 «tem,
1063 2698 1203 2761 contempta
1216 2697 1302 2748 talium
1323 2697 1500 2762 imperatorum
1521 2693 1648 2759 imperitia
1671 2690 1734 2743 salii
1772 2758 1777 2765 Δ

958 2798 1047 2835 «vero
1075 2785 1257 2837 cunctabuntur
1274 2786 1358 2851 potius
1385 2800 1461 2850 quam
1484 2770 1613 2836 auxiliun'
1629 2783 1732 2839 ferrent.

959 2882 1085 2943 «tempus
1096 2893 1140 2944 spe
1150 2883 1278 2931 terentes:
1293 2880 1329 2931 illi
1341 2893 1401 2931 sero
1413 2880 1456 2944 qui
1470 2880 1520 2930 iam
1531 2892 1598 2929 nunc
1618 2875 1733 2927 instructi

957 2985 971 3013 ι
987 2971 1052 3029 sunt,
1067 2969 1124 3032 quia
1136 2983 1191 3020 sero
1202 2968 1305 3034 profecti
1322 2970 1409 3034 proelio
1428 2982 1478 3020 non
1497 2968 1641 3027 intererunt,
1662 2962 1734 3014 nullo

957 3062 1074 3114 ιἰοοιιο
1054 3065 1127 3185 ipsis
1138 3065 1256 3189 prodesse
1267 3069 1401 3177 poterunt.

956 3232 1082 3280 ·.ιίιιι
1097 3232 1169 3291 Quod
1188 3232 1264 3295 slqui
1278 3234 1388 3283 vestrum
1399 3230 1489 3283 heca
1514 3242 1555 3279 me
1575 3228 1643 3277 recte
1664 3223 1732 3275 diota

957 3320 1134 3382 existiment,
1144 3323 1170 3371 et
1190 3324 1271 3371 tumen
1282 3321 1390 3371 bostium
1407 3317 1566 3373 multitudine
1584 3316 1733 3376 terrcantur,

955 3420 1029 3456 «eos
1042 3421 1081 3458 ree
1094 3407 1194 3458 minimo
1212 3406 1377 3457 formidabiles
1394 3410 1506 3458 metuere
1521 3404 1605 3469 paucis
1624 3399 1731 3462 docebo,

956 3492 1033 3542 «imo
1048 3493 1132 3558 potins
1153 3494 1208 3544 bue
1225 3493 1273 3543 illis
1290 3493 1317 3543 in
1340 3494 1485 3544 memoriam
1509 3490 1633 3543 reuocabo
1653 3507 1660 3539 ι
1679 3490 1732 3554 pri-

957 3595 1055 3631 ιιιιιιιιι
1064 3581 1163 3645 quldem
1174 3581 1330 3632 considerent
1339 3581 1458 3633 maiorem
1470 3595 1558 3631 eorum
1568 3584 1665 3644 partem
1685 3592 1731 3627 co-

954 3668 1067 3715 nectam
1081 3678 1148 3717 arma
1171 3670 1258 3717 contra
1280 3680 1324 3717 nos
1339 3667 1489 3730 suscepisse,
1506 3666 1573 3716 sicut
1595 3679 1628 3715 ex
1646 3664 1731 3714 multis

958 3755 1095 3817 «ipsorum
1119 3758 1145 3807 st
1162 3755 1233 3806 luctis
1255 3759 1282 3808 et
1306 3756 1379 3806 dictis
1398 3757 1553 3818 compertum
1579 3753 1701 3802 babemus
1720 3767 1727 3798 ι

957 3843 1137 3906 ιιοιῖηοοιοιιι
1155 3858 1224 3906 vero,
1246 3845 1291 3909 qui
1302 3844 1369 3895 ultro
1381 3846 1408 3894 et
1420 3845 1509 3906 suapte
1534 3843 1623 3904 sponte
1644 3852 1689 3901 pro
1702 3841 1740 3900 ty-

956 3933 1067 3982 srannis
1076 3934 1180 3996 certant,
1193 3946 1324 3983 numerum
1332 3944 1386 3983 esse
1398 3929 1471 3982 valdo
1479 3928 1604 3991 exiguum,
1618 3924 1730 3989 quinimo

955 4022 1114 4073 «minimum
1127 4023 1150 4073 si
1169 4037 1227 4075 cum
1242 4028 1329 4075 nostro
1342 4022 1491 4073 conferatur.
1502 4017 1598 4069 Deinde
1607 4030 1666 4067 vero
1679 4028 1730 4065 om-

957 4111 1026 4160 ιιιίι
1039 4110 1103 4161 bella
1111 4111 1214 4162 feliciter
1228 4110 1317 4162 condcl
1329 4122 1379 4161 non
1388 4108 1420 4159 ub
1431 4107 1479 4157 illis
1491 4107 1535 4171 qui
1553 4118 1657 4156 numero
1670 4108 1730 4156 sunt

959 4199 1135 4263 «superiores,
1155 4198 1199 4251 sed
1212 4198 1244 4249 ab
1256 4199 1287 4249 iis
1298 4198 1343 4263 qui
1362 4195 1505 4247 fortitudine
1517 4194 1649 4246 excellunt.
1682 4197 1728 4244 ltr-

958 4285 1063 4335 oduum
1074 4298 1104 4335 sc
1113 4284 1214 4347 longum
1228 4290 1294 4336 esset
1303 4284 1415 4349 exempla
1428 4286 1527 4345 offerre,
1541 4286 1603 4348 quot
1614 4283 1729 4334 barbaro·

958 4385 1041 4421 arom
1062 4373 1256 4437 Grecorumqno
1274 4373 1400 4424 exsrcltus
1420 4371 1550 4421 bominum
1568 4370 1728 4421 mullitudine

957 4460 1056 4524 «longa
1075 4459 1212 4524 superiores
1229 4474 1245 4509 a
1266 4460 1351 4524 parvis
1372 4458 1504 4510 admodum
1524 4459 1601 4523 copiis
1619 4455 1727 4519 superati

957 4548 1085 4610 afuerint,
1098 4547 1160 4598 adeo
1173 4551 1202 4598 ut
1224 4546 1297 4598 multi
1320 4560 1350 4597 ea
1367 4561 1425 4610 qus
1438 4549 1471 4599 de
1484 4548 1532 4598 illis
1545 4547 1660 4597 feruntur
1673 4556 1728 4593 cre·

957 4638 1046 4688 «dere
1058 4651 1106 4687 non
1125 4636 1230 4701 possint.
1264 4638 1354 4687 cetera
1366 4637 1463 4688 omitto.
1495 4638 1529 4686 st
1544 4632 1646 4696 vosipsi
1667 4634 1729 4694 quot

957 4726 1049 4777 abella
1059 4726 1164 4779 feliciter
1175 4724 1325 4785 confecistis,
1337 4737 1394 4775 cum
1411 4723 1488 4788 copiis
1503 4722 1574 4786 longe
1591 4719 1728 4770 minoribus

957 4828 1061 4879 squam
1074 4830 1137 4880 quas
1149 4827 1215 4865 nunc
1227 4812 1325 4880 habetis
1339 4815 1425 4863 contra
1435 4811 1540 4861 ιιιιιιοιοο
1556 4810 1639 4873 copias
1652 4822 1727 4871 quam

957 4907 1045 4954 ιιοοι
1064 4905 1112 4954 illae
1121 4917 1183 4967 quas
1196 4916 1261 4953 nunc
1281 4902 1366 4952 hostes
1378 4903 1477 4963 paratas
1489 4897 1602 4948 hubent?
1634 4901 1666 4947 st
1676 4898 1728 4946 for·

956 4994 1051 5043 «tasse
1078 4992 1132 5042 aliis
1150 4991 1263 5054 quidem,
1291 5003 1355 5053 quos
1376 4988 1462 5053 prelio
1489 4986 1587 5039 vincere
1611 4983 1726 5036 solebatis

955 5078 1149 5130 «formidabiles
1158 5076 1233 5128 eratis
1250 5096 1257 5128 ι
1271 5076 1352 5127 bubni
1370 5088 1430 5127 sero
1442 5074 1484 5127 isti
1497 5078 1570 5138 atquc
1582 5073 1664 5123 Volsci
1680 5086 1725 5124 eo·

955 5180 1042 5217 «rom
1052 5166 1113 5217 socii
1127 5179 1173 5217 sos
1188 5167 1355 5227 contemnent,
1372 5163 1441 5229 qnod
1456 5178 1502 5215 vos
1513 5164 1538 5214 in
1563 5161 1657 5227 preliis
1675 5162 1725 5212 sint

124 5266 142 5300 ιι
164 5243 199 5304 τό
221 5241 260 5322 μὴ
275 5247 431 5327 πειραθῆναί
444 5270 507 5308 ποτι
523 5244 615 5316 αὐτους
635 5249 682 5320 τῆς
699 5246 826 5327 ύμετερας
845 5249 928 5332 μοί
958 5257 1090 5322 «experti
1105 5256 1455 5320 Atomnssscitisutramque
1470 5254 1533 5309 banc
1548 5256 1646 5319 gentem
1656 5251 1724 5303 mul·

221 5362 338 5404 blobxtrf.

1602 5360 1629 5404 21
