4052 5926
211 1414 238 1456 1⁰

260 480 320 543 372

208 646 213 656 ·
264 637 277 663 ι
294 608 465 686 ὑπομένοντος
490 606 518 665 δί
541 608 587 662 τού
609 604 702 684 ἀνδρδς
722 600 768 660 τύν
790 605 951 682 φενακισμὸν
979 595 1038 657 οὐδί

264 726 278 751 ι
293 698 342 768 τὴν
367 693 495 775 αἰσχύνην
517 697 563 753 τοῦ
589 692 684 772 ἐργου,
714 689 772 748 ἀλλ’
792 687 984 765 εἰσενέγκαντος
1002 687 1039 753 είς

265 813 278 838 «ι
293 782 342 856 τὴν
355 782 432 842 πόλιν
455 781 491 842 τά
505 788 604 858 σημεῖα
627 779 673 839 καί
696 776 831 857 διαφέντος
845 778 889 834 ἐπὶ
903 773 938 833 τθι
954 775 1038 833 οἰκεῖα

265 899 278 926 α
293 871 341 939 τάς
353 870 490 948 δυνάμεις,
520 868 651 950 πρόφασιν
674 868 849 941 ποιησόμενοι
872 863 972 934 ταύτην
992 865 1040 921 τοῦ

265 960 334 1037 «μὴ
357 958 390 1018 εδ
414 960 503 1018 δίκαια
528 966 627 1030 ποιεῖν,
652 960 742 1016 τοῦτον
770 952 916 1033 ὐύρίσατε,
941 952 993 1010 τῶν
1011 949 1039 1008 δέ

266 1078 278 1103 ι
295 1048 359 1129 πρδς
370 1051 442 1124 ἡμᾶς
456 1049 601 1126 ὁμολογιῶν
622 1044 746 1121 οὐδεμίαν
762 1040 925 1119 ἐφυλαίξατε,
940 1038 1000 1097 ἀλλ’
1014 1040 1041 1096 ἐν

267 1164 281 1191 a
296 1142 334 1216 τῷ
348 1139 420 1215 αὐτῷ
434 1135 495 1213 τρία
509 1134 543 1194 τθι
557 1133 670 1211 με’γιστα
685 1131 905 1211 παρενομήσατε,
922 1126 952 1185 τὸ
967 1124 1042 1195 ἀξίω-

266 1254 279 1281 r
296 1252 335 1305 μα
348 1230 395 1297 τῆς
418 1227 513 1305 βουλῆς
534 1219 729 1285 καταλύσαντες
753 1218 797 1275 καί
822 1215 871 1285 τὴν
886 1214 975 1272 πίστιν
995 1217 1041 1271 τοῦ

267 1311 387 1393 «ἀνδρὸς
398 1309 604 1392 διαφθείραντες,
625 1306 671 1366 καί
686 1312 740 1372 τοῖς
753 1301 901 1383 ιύιργέταις
916 1301 1041 1371 ἀνόνητον

268 1430 280 1461 ε
295 1401 455 1473 ποιήσαντες
469 1398 518 1470 τὴν
538 1397 616 1478 χάριν
628 1397 681 1454 τῶν
692 1392 789 1453 πόνων.
842 1392 938 1451 Ταῦτα
950 1388 982 1460 δὴ
997 1386 1044 1447 καί

267 1517 281 1543 ε
296 1490 367 1551 ἀλλα
376 1487 440 1568 πρδς
453 1484 554 1554 τούτοις
568 1483 647 1563 ύμοια
662 1479 750 1542 πολλδι
764 1479 867 1561 ἔχοντες
878 1475 964 1556 λίγειν
979 1474 1043 1555 πρὸς

266 1603 280 1631 r
296 1579 383 1654 ὑμᾶς,
398 1577 446 1635 οὐκ
456 1573 588 1651 ἀξιοῦμεν,
601 1561 624 1632 εὐ
636 1569 786 1649 πατρίκιοι,
802 1568 867 1647 πρὸς
882 1565 983 1632 ἱκεσίας
998 1565 1044 1623 καὶ

267 1693 279 1719 ο
297 1665 399 1738 δεήσεις
412 1666 487 1740 ὑμῶν
501 1661 666 1741 τραπέσθαι,
682 1656 742 1718 οὐδὲ
762 1654 852 1734 ὥσπερ
872 1656 897 1714 ol
912 1653 946 1712 τὰ
971 1652 1043 1712 δεινθ

267 1780 280 1807 ι
297 1752 452 1832 δεδρακότες
476 1753 519 1810 ἐπ’
539 1749 614 1831 ἀδείαρ
627 1747 673 1808 καὶ
690 1745 823 1825 ἀμνηστία
843 1742 953 1802 κάθοδον
970 1740 1043 1817 λαμ-

268 1869 281 1896 ε
299 1841 397 1902 ύιίνειν.
441 1842 484 1901 Οὐ
504 1835 556 1918 μὴν
578 1835 806 1918 ἀκριύολογεῖοθαί
820 1855 850 1912 γε
869 1829 930 1910 περί
943 1828 1042 1889 τούτων

268 1953 281 1983 α
297 1930 325 1987 ἐν
345 1931 384 2010 τῷ
397 1927 507 2009 παρόντι
521 1925 629 2005 οἰόμεθα
647 1927 761 2005 χρῆναι,
778 1919 869 1989 ἐπειδὴ
891 1917 952 1996 περὶ
975 1919 1044 1992 δμο-

268 2042 281 2070 r
297 2015 368 2084 νοίας
381 2014 559 2093 διαλεξόμενοι
579 2011 804 2087 συνεληλύθαμεν,
858 2002 916 2064 ἀιλ’
930 2003 1043 2085 ἀμελείᾳ

268 2132 281 2160 α
298 2105 343 2166 καὶ
355 2104 424 2182 λήθη
444 2102 607 2186 παραδόντες
622 2102 691 2160 αὐτά
704 2098 829 2179 φίρομεν.

306 2193 461 2255 lxxviii.
479 2218 492 2245 ι
505 2189 566 2272 Ἐφ’
576 2180 615 2256 οἷς
630 2188 657 2248 δέ
667 2184 825 2268 πρισύιύετε
840 2181 887 2242 καὶ
897 2180 974 2241 τίνων
986 2181 1042 2239 δεό-

214 2304 243 2347 εο
270 2309 283 2336 α
301 2305 375 2361 μενοι
386 2281 480 2354 ἥκετε,
492 2277 519 2338 τί
534 2278 564 2338 οὐ
577 2277 667 2355 λίγετι
678 2276 811 2357 φανερῶς;
833 2271 877 2332 ἐπὶ
889 2271 977 2336 ποίαις
995 2273 1042 2331 θλ-

270 2369 359 2429 απίσι
372 2370 505 2428 κατελθεῖν
527 2371 598 2443 ἡμᾶς
612 2367 649 2432 είς
666 2362 715 2434 τὴν
735 2361 812 2420 πολιν
831 2358 949 2430 ἀξιοῦτε;
963 2357 1042 2417 ποίαν

270 2487 282 2513 ι
299 2458 416 2537 ἡγεμόνα
429 2461 475 2529 τῆς
489 2458 550 2516 θδοῶ
564 2452 695 2520 λαθόντας
709 2450 810 2530 τύχην,
829 2448 897 2514 τίνος
919 2444 1042 2514 ὐποδεξο-

270 2550 380 2627 «μένης
405 2550 478 2623 ἡμᾶς
500 2542 624 2623 εὐθυμίας
650 2540 786 2621 ἣχαράς;
814 2535 886 2595 aditi
907 2535 959 2615 γδιρ
980 2534 1043 2615 ἀχρι

271 2665 284 2689 «r
301 2637 377 2697 solide
398 2633 582 2717 φιλάνθρωπον
595 2634 668 2708 ὑμῶν
693 2627 711 2700 ἢ
734 2625 849 2708 χρηστὸν
873 2622 1043 2703 προτεινσμέ·

271 2752 283 2779 ι
300 2749 351 2785 νων
374 2721 521 2797 ἀκούομεν,
544 2721 574 2779 οὐ
595 2718 675 2794 τιμθς
692 2717 739 2777 οὐκ
758 2713 842 2795 ἀρχὰς
862 2713 909 2772 οὐκ
929 2711 1042 2792 ἐπανόρ-

272 2840 285 2865 a
301 2819 380 2872 θωσιν
395 2808 516 2890 ἀπορίας,
527 2811 574 2868 οὐκ
588 2807 654 2867 ἀλλο
667 2807 757 2871 ἁπλῶς
768 2802 827 2863 οὐδέ
841 2805 935 2863 ὁτιοῦν.
947 2800 1043 2861 Καίτοι

271 2904 331 2965 ,εού
353 2898 439 2980 λίγιιν
467 2904 536 2977 ὑμᾶς
562 2899 643 2978 ἐχρῆν
665 2900 683 2954 ἀ
706 2896 816 2971 μίλλετε
846 2891 948 2968 ποιεῖν,
974 2890 1044 2949 ἀλλὰ

272 3018 285 3045 ι
300 2987 462 3062 ποιήσαντας
476 2987 580 3065 λίγειν,
598 2983 643 3044 ίνα
664 2983 850 3064 προειληφότες
876 2979 928 3060 ἤδη
949 3002 976 3041 τι
994 2978 1043 3059 ἀρ-

273 3103 347 3158 ιγον
362 3079 408 3137 ἀπ’
431 3075 531 3141 εὐνοίας
552 3071 691 3151 γενόμενον
709 3069 755 3129 καὶ
777 3068 811 3127 εὐ
832 3069 911 3128 λοιπὰ
935 3072 1044 3127 τοιαῦτα

272 3168 408 3228 «ἔσεσθαι
430 3163 589 3238 εἰκάσωμεν.
643 3158 744 3234 Οίομαι
765 3156 851 3218 τοίνυν
873 3156 937 3237 πρθς
960 3161 1045 3215 ταῦτα

273 3256 370 3334 «ἐρεῖν
392 3249 502 3319 αὐτούς,
517 3248 557 3308 ότι
579 3247 639 3326 περὶ
662 3245 769 3304 πόντων
794 3247 902 3313 ἥκουσιν
918 3242 1047 3321 αὐτοκρά-

274 3364 390 3422 οτορες,
410 3338 480 3399 ὥστε
498 3337 515 3397 ό
536 3360 562 3396 τι
584 3334 616 3396 θν
639 3334 772 3410 πείσωμεν
792 3331 939 3407 ἀλλήλους,
966 3337 1044 3393 τοῦτο

274 3429 377 3490 «ἐσται
401 3428 499 3510 κύριον.
525 3424 618 3488 Ἔστω
642 3425 717 3483 ταῦτ’
743 3424 837 3494 ἀληθῆ·
861 3418 990 3497 γιγνέσθω
1012 3419 1046 3479 τδι

272 3547 287 3574 a
303 3520 434 3580 ἀκόλουθα
459 3516 571 3584 τούτοις·
586 3514 659 3574 οὐδὲν
678 3512 817 3590 ἀντιλέγω.
860 3509 996 3587 Βούλομαι
1018 3510 1046 3568 δὲ

138 3658 143 3667 .
218 3645 245 3687 3⁶
271 3635 287 3664 α
304 3608 338 3670 τδι
353 3610 420 3685 μετὰ
432 3611 514 3666 ταῦτα
532 3601 644 3679 ἐσόμενα
658 3602 723 3683 παρ’
739 3602 825 3660 αὐτῶν
844 3601 953 3674 μαθεῖν,
969 3600 1045 3658 ἐπει-

215 4077 243 4118 όθ

217 4963 246 5002 ω

274 3723 287 3750 ι
304 3697 351 3757 δδιν
365 3696 480 3772 είπωμεν
496 3698 573 3769 ἡμεῖς
590 3693 631 3772 ἐφ’
644 3679 682 3757 οἶς
704 3685 829 3765 ἀξιοῦμεν
848 3686 980 3745 ποιεῖσθαι
998 3684 1046 3758 τὴν

273 3786 428 3857 «κάθοδον,
447 3780 495 3842 καλ
517 3783 677 3861 συγχωρηθῇ
696 3782 781 3839 ταῦτα
807 3775 858 3834 ὑπὸ
880 3775 991 3849 τούτων,
1009 3775 1048 3842 τίς

274 3872 432 3953 simonide
450 3871 525 3931 ἐσται
538 3875 591 3931 τῶν
604 3868 749 3945 ὁμολογιῶν
768 3868 848 3941 ἡμῖν;
866 3863 917 3923 τίνι
935 3863 1048 3923 πιστεύ·

275 3987 288 4014 υ
305 3985 395 4030 σαντες
409 3961 539 4041 ἀσφαλείᾳ
552 3960 586 4019 τθ
599 3956 670 4016 δπλοι
684 3952 799 4028 θήσομεν
819 3954 850 4011 ἐκ
864 3953 917 4010 τῶν
936 3954 1047 4032 χειρῶν,

274 4048 349 4108 «καί
363 4049 565 4126 καταστήσομεν
588 4035 661 4112 αὐθις
682 4043 717 4110 είς
736 4041 785 4111 τὴν
805 4038 903 4099 τούτων
928 4036 1047 4106 ἐξουσίαν

272 4162 285 4188 ει
302 4135 336 4195 τθι
356 4137 486 4213 σώματα,
511 4138 620 4216 πότερον
644 4142 699 4198 τοῖς
720 4129 874 4212 ψηφίσμασι
888 4130 935 4199 τῆς
950 4127 1045 4206 βουλῆς

272 4230 354 4291 «τοῖς
367 4227 435 4282 unt>
457 4225 556 4285 τούτων
577 4218 801 4303 γραφησομίνοις,
826 4217 855 4276 οὐ
879 4214 931 4295 γδιρ
957 4215 990 4287 δὴ
1003 4237 1047 4293 γε-

270 4339 284 4365 r
300 4310 477 4398 γραμμίνοις;
490 4314 537 4376 καί
545 4317 570 4375 τί
587 4310 668 4370 πόλιν
687 4305 801 4367 κωλύσει
826 4304 922 4385 ίτίροις
937 4306 1045 4385 ἀκυρω-

270 4428 284 4456 α
302 4406 378 4475 θῆναι
396 4410 480 4461 ταῦτα
503 4400 689 4482 ψηφίσμασιν,
720 4396 783 4457 όταν
803 4392 905 4476 Ἀππίιρ
929 4391 1047 4460 καὶτοῖς

271 4490 380 4568 «ὅμοια
404 4493 539 4573 φρονοῦσιν
561 4486 652 4569 ἐκείνω
674 4490 765 4567 φανῇ;
790 4481 808 4555 ἢ
832 4490 887 4551 τοῖς
913 4480 1045 4591 ἀξιώμασι
1103 4532 1354 4587 “tionishomffibus
1371 4531 1407 4583 m
1421 4526 1561 4595 maworn?
1572 4525 1755 4590 mmmm
1769 4520 1886 4586 dignm

271 4605 285 4631 a
300 4584 353 4639 τῶν
368 4579 554 4662 πρεσύευεῶν,
569 4574 595 4637 ol
614 4574 661 4643 τάς
678 4576 778 4633 θαυτῶν
798 4572 961 4654 παρέχονται
983 4592 1046 4629 πισ·

271 4694 285 4721 ⁸
300 4691 371 4744 τεις,
387 4668 456 4730 dili
478 4665 522 4728 διδ
540 4669 592 4726 τῶν
608 4665 710 4743 ἀνδρῶν
727 4662 827 4723 τούτων
849 4659 895 4718 καί
920 4655 1045 4737 πρότερον

271 4786 284 4811 ε
302 4764 373 4836 ἡμᾶς
387 4760 567 4832 ἐξηπάτησαν.
608 4753 648 4817 Ἦ
667 4761 725 4822 ταῖς
738 4755 783 4813 ἐπί
803 4752 855 4810 τῶν
871 4751 935 4807 θεῶν
950 4750 1047 4825 θμολο·

272 4847 369 4925 ιγίαις
392 4849 427 4907 δι’
450 4848 535 4928 δριιων
559 4842 594 4905 ed
613 4843 695 4904 πιστθ
725 4839 898 4921 πορισάμενοι
918 4833 981 4915 παρ’
996 4836 1048 4894 αὐ·

273 4962 285 4985 υ
301 4942 370 5009 σῶος
397 4937 457 4996 ἀλλ’
483 4938 567 5015 ἐγωγε
588 4932 655 5014 θπέρ
675 4929 784 4990 ἀπασαν
806 4926 895 4987 πίστιν
916 4923 1048 5004 ἀνθρωπί·

275 5048 287 5072 ν
302 5046 349 5095 νην
363 5025 461 5098 ταύτην
477 5024 597 5097 δόδοιιια,
612 5023 645 5096 ἣν
656 5020 708 5080 inl
722 5023 774 5079 τῶν
787 5020 815 5078 ἐν
826 5026 884 5087 ταῖς
898 5012 1048 5095 ἡγεμονίαις

271 5135 288 5160 v«
311 5109 393 5168 όντων
415 5112 663 5193 καταφρονουμίνην
686 5111 748 5187 δρῶ·
772 5105 881 5173 καὶτὰς
910 5101 1047 5168 ἀκουσίους

774 468 945 532 DlONYSlI
968 465 1346 529 HALICARNASSENSIS
1374 464 1377 471 '

1096 625 1109 651 ι
1123 618 1202 669 usque
1214 604 1287 656 istius
1301 604 1360 656 laeti
1380 603 1558 663 dedecus‚sed
1576 588 1698 655 relatisiu
1717 607 1804 658 urbem
1820 607 1874 670 sig·

1096 711 1109 736 ι
1123 691 1162 742 uis
1179 691 1316 743 exercitum
1336 691 1363 741 in
1379 703 1438 741 suus
1455 688 1545 740 domos
1566 688 1719 751 dimisisset,
1731 689 1795 741 bruc
1814 704 1874 756 spe·

1094 799 1107 823 ι
1124 778 1219 831 οἰοειιιυ
1229 778 1297 830 nacti
1308 792 1437 840 massam,
1451 790 1483 829 uo
1500 777 1566 828 iusta
1583 778 1710 841 raoereus,
1722 779 1796 831 istum
1808 794 1875 831 eou-

1095 889 1108 914 ι
1121 869 1224 920 tumelia
1241 866 1375 929 εθεείεῑίε,
1389 871 1414 918 et
1432 867 1493 918 nibil
1511 880 1599 918 eorum
1618 881 1676 931 qua
1695 869 1766 919 uobis
1779 869 1876 933 promi-

1095 980 1108 1005 ι
1122 960 1211 1011 seratis
1232 960 1398 1025 prestitistis,
1418 959 1462 1010 sod
1475 974 1525 1010 uno
1545 958 1594 1010 boo
1607 959 1674 1013 laeto
1694 961 1734 1012 ius
1745 961 1878 1026 tripliciter

1095 1070 1108 1093 «r
1121 1048 1266 1115 gravissime
1281 1049 1408 1108 violastis,
1423 1049 1521 1099 sublata
1541 1054 1644 1100 senatus
1660 1049 1782 1113 dignitate
1796 1053 1879 1116 utque

1096 1160 1108 1186 r
1126 1140 1371 1191 uucmrttutelraeta
1381 1139 1509 1189 huiusriri
1519 1138 1604 1193 fidere
1614 1141 1756 1192 hominibus
1769 1142 1834 1193 bene
1845 1141 1880 1193 de

1097 1251 1110 1275 ι
1123 1230 1194 1281 robis
1206 1228 1301 1281 meritis
1314 1229 1392 1280 relata
1408 1227 1560 1282 infructuosa
1574 1230 1687 1282 laborum
1706 1230 1794 1295 gratia.
1811 1232 1880 1281 cnm

1100 1318 1202 1384 «igitur
1213 1318 1266 1369 bue
1287 1321 1314 1370 et
1326 1317 1405 1369 multu
1422 1318 1470 1370 alia
1490 1320 1529 1371 his
1548 1320 1637 1373 similla
1655 1320 1742 1382 robis,
1763 1300 1894 1385 patricii,¹

1097 1428 1108 1453 r
1124 1407 1232 1473 objicere
1252 1421 1396 1473 possemus,
1412 1409 1538 1461 noluimus
1564 1424 1609 1462 ros
1631 1411 1776 1477 suppliciter
1789 1423 1881 1469 orare,

1097 1510 1204 1561 «nequo
1225 1497 1334 1561 precari,
1352 1509 1432 1561 neque
1458 1497 1550 1559 edam,
1575 1500 1646 1564 quasi
1676 1499 1777 1564 aliquod
1796 1499 1883 1549 scelus

1097 1604 1109 1629 ε
1123 1589 1195 1635 atrox
1205 1583 1370 1648 patrarimus,
1384 1583 1537 1649 impunitatis
1550 1587 1576 1637 et
1586 1584 1718 1638 oblivionis
1730 1585 1883 1635 iniuriarum

1097 1692 1109 1716 ι
1124 1673 1306 1724 conditionibus
1326 1673 1463 1737 impetratis
1489 1673 1579 1726 redire.
1623 1677 1800 1727 Verumtamen
1822 1672 1882 1723 dili·

1098 1781 1111 1806 a
1124 1760 1222 1827 goutlus
1236 1761 1267 1813 de
1283 1761 1322 1812 his
1335 1761 1360 1811 ln
1373 1761 1502 1826 proselitis
1518 1762 1691 1815 disserendum
1705 1777 1755 1814 non
1775 1761 1883 1813 arbitre-

1097 1870 1110 1895 «
1124 1863 1189 1912 mur,
1206 1849 1321 1914 quoniam
1342 1850 1422 1901 asturi
1433 1850 1466 1903 do
1487 1864 1548 1916 paee
1567 1851 1739 1904 et'couoordia
1762 1850 1882 1902 eonveni-

1097 1958 1109 1982 ι
1123 1951 1198 1989 mus:
1214 1937 1259 1988 sed
1273 1951 1302 1989 ea
1320 1937 1465 2003 negligimus
1480 1942 1507 1990 et
1522 1939 1640 1992 oblivioni
1662 1940 1785 1993 tradimus
1803 1942 1883 2003 atque

1097 2045 1110 2070 ι
1124 2039 1198 2090 [equo
1209 2024 1291 2077 animo
1303 2026 1368 2077 terre
1383 2027 1499 2078 volumus

1129 2197 1261 2248 iiixviii.
1280 2215 1293 2241 ι
1310 2196 1376 2255 Quia
1394 2195 1469 2259 igitur
1481 2200 1566 2262 aperte
1579 2197 1663 2250 diuitis
1674 2200 1772 2263 quasit
1786 2206 1884 2255 restrae

1098 2313 1111 2337 α
1125 2293 1253 2359 legationis
1272 2307 1376 2353 mussa.
1396 2297 1424 2346 et
1447 2294 1509 2358 quid
1530 2295 1631 2360 petituri
1657 2297 1790 2349 veneritis?
1810 2303 1884 2360 Que-

1099 2406 1113 2431 «
1127 2400 1186 2438 uam
1196 2387 1321 2452 proposita
1333 2399 1378 2451 spe
1389 2386 1414 2437 in
1435 2388 1521 2439 urbem
1536 2401 1582 2439 uos
1593 2388 1673 2440 redire
1692 2391 1790 2442 vultis?
1807 2408 1883 2456 quam

1099 2501 1113 2525 ι
1127 2481 1251 2534 lunanum
1264 2481 1312 2532 riu
1320 2481 1412 2532 ducem
1426 2484 1544 2533 amotos?
1555 2496 1605 2547 qua
1616 2483 1717 2547 lotitia,
1730 2499 1781 2550 quo
1792 2489 1885 2551 gaudio

1100 2571 1300 2637 surripiendus?
1317 2571 1463 2623 liibileuim
1481 2572 1552 2624 uobis
1568 2574 1669 2626 bomani
1688 2580 1731 2628 aut
1749 2577 1846 2643 benigni
1869 2593 1884 2630 ε

1101 2683 1114 2708 ε
1128 2663 1197 2716 robis
1216 2663 1302 2715 uiierri
1327 2665 1446 2717 hacteuus
1468 2665 1626 2726 audirimus.
1659 2670 1741 2720 nullos
1765 2671 1884 2726 honores.

1102 2777 1115 2802 ι
1129 2757 1211 2809 nullos
1226 2758 1397 2824 magistratus,
1413 2757 1508 2809 nullum
1526 2760 1614 2824 iuopiae
1626 2761 1756 2825 lavamen3
1777 2764 1885 2829 denique

1104 2849 1194 2901 rulhil
1215 2851 1298 2911 aliud,
1319 2864 1350 2901 no
1372 2853 1411 2901 vel
1433 2850 1560 2902 minimum
1580 2852 1690 2915 quidem.
1725 2858 1883 2920 Quamquam

1104 2959 1117 2991 ι
1131 2957 1179 2993 aori
1190 2942 1319 3007 oportebat
1331 2956 1375 2995 vos
1387 2942 1450 3007 quid
1470 2942 1560 2995 laetari
1578 2943 1635 2995 sitis
1652 2945 1737 3000 dicere
1748 2986 1755 3008 ‚
1768 2949 1810 2999 sod
1824 2963 1884 3013 ουκ

1104 3056 1117 3081 α
1132 3035 1254 3095 feceritis,
1271 3039 1299 3086 ut
1319 3038 1421 3100 aocepto
1437 3034 1486 3085 ium
1506 3039 1564 3087 ante
1580 3037 1663 3102 aliquo
1679 3038 1824 3091 benetieioe
1838 3041 1884 3092 be-

1105 3125 1269 3177 rneroleutia
1283 3129 1377 3186 vestra,
1396 3125 1452 3177 inde
1463 3125 1495 3177 de
1511 3127 1602 3178 aeteus
1616 3130 1784 3182 coniecturam
1803 3133 1885 3185 iacere

1104 3233 1117 3265 α
1134 3217 1264 3283 posslmm.
1295 3217 1344 3268 sed
1367 3216 1473 3267 arbitror
1487 3230 1531 3269 eos
1548 3217 1654 3271 tortasse
1670 3221 1699 3271 ad
1712 3221 1768 3273 haee
1787 3237 1888 3289 respon·

1104 3321 1219 3369 «suros,
1233 3322 1261 3360 εο
1275 3321 1333 3359 auro
1347 3321 1444 3360 summa
1458 3322 1488 3359 eo
1501 3308 1580 3361 libera
1600 3324 1681 3362 rerurn
1701 3313 1812 3363 omnium
1836 3328 1886 3379 po-

1105 3394 1222 3451 stestate
1242 3399 1337 3460 venire,
1360 3400 1436 3453 itaut
1456 3399 1580 3464 quidquid
1598 3401 1669 3451 alteri
1680 3401 1764 3453 alteris
1780 3417 1887 3468 persua-

1104 3502 1251 3555 αεετίεειιιε,
1264 3498 1290 3550 id
1306 3501 1340 3550 sit
1354 3501 1436 3551 ratum
1455 3499 1576 3551 futurum.
1622 3499 1816 3551 laetamustae
1828 3516 1888 3555 esse

1105 3606 1190 3646 orere
1211 3611 1217 3643 r
1238 3591 1402 3657 respondeant
1419 3589 1484 3641 laeta
1503 3589 1608 3642 uerbis:
1629 3589 1795 3643 nihli'rontra
1817 3593 1886 3656 θὶοο,

1104 3701 1117 3733 ιι
1130 3683 1179 3736 sed
1187 3695 1244 3747 qua
1253 3686 1339 3748 postea
1348 3683 1398 3734 sint
1408 3685 1541 3744 euentura,
1552 3681 1627 3748 cupio
1634 3695 1667 3733 or
1680 3682 1729 3734 illis
1740 3682 1885 3749 intelligere.

1105 3775 1249 3826 «videlicet
1267 3773 1311 3825 ubi
1329 3788 1374 3825 uus
1402 3775 1537 3827 diremmus
1559 3772 1729 3837 conditiones,
1752 3777 1844 3840 quibus
1860 3778 1886 3827 iu

1105 3889 1117 3913 ι
1133 3868 1236 3934 patriam
1251 3866 1357 3917 velimus
1369 3865 1468 3927 redire,
1481 3869 1508 3917 el
1519 3864 1574 3915 buo
1584 3868 1670 3914 nostra
1681 3865 1806 3928 postulata
1816 3866 1887 3917 uobis

1104 3959 1224 4011 «tuerint
1242 3971 1371 4017 maressa,
1395 3958 1452 4023 quis
1468 3959 1518 4010 erit
1537 3956 1607 4008 uobis
1628 3956 1749 4020 pactionis
1767 3963 1886 4023 sponsor?

1105 4065 1182 4119 «qua
1198 4049 1313 4102 motione
1329 4050 1386 4102 ireti
1397 4064 1467 4101 arma
1486 4050 1518 4102 do
1530 4050 1645 4102 manibus
1663 4063 1800 4116 ponemus.
1812 4053 1887 4111 atque

1105 4164 1117 4196 α
1132 4145 1320 4198 iterumborum
1332 4146 1447 4211 potestati
1462 4158 1508 4195 uos
1517 4145 1722 4196 committamus?
1736 4147 1822 4194 utrum
1843 4155 1884 4194 εε-

1105 4266 1117 4298 ι
1132 4244 1333 4302 nulusounsultis.
1348 4254 1406 4307 quta
1417 4240 1449 4291 de
1463 4238 1502 4290 his
1515 4238 1597 4290 daut?
1610 4239 1619 4303 (
1631 4240 1692 4289 liam
1701 4216 1819 4287 ¹nondum
1829 4238 1887 4287 suut

1104 4348 1214 4407 alacri.)
1248 4347 1280 4396 At
1300 4339 1361 4406 quid
1383 4337 1476 4388 vetabit
1495 4337 1550 4388 irruo
1569 4336 1660 4388 iterum
1684 4334 1756 4385 noris
1775 4335 1886 4384 senatus·

1104 4438 1116 4487 ἰ
1130 4442 1249 4495 consultis
1262 4441 1331 4492 irrita
1342 4437 1409 4493 ireri.
1422 4435 1466 4487 ubi
1479 4435 1556 4501 Appio
1568 4439 1594 4486 et
1604 4432 1706 4498 reliquis
1713 4430 1824 4483 eiusdem
1836 4430 1887 4481 iae-

1104 4649 1117 4673 «
1131 4629 1175 4693 qui
1195 4626 1270 4679 iidem
1287 4640 1357 4676 suam
1373 4623 1551 4688 interponunt?
1572 4617 1650 4683 Atqui
1669 4617 1758 4669 borum
1770 4628 1848 4679 opera
1860 4616 1888 4666 et

1105 4746 1117 4772 ι
1131 4728 1188 4777 aute
1200 4723 1237 4776 rlli
1249 4736 1295 4774 uos
1306 4719 1467 4784 deceperunt.
1504 4720 1542 4767 Aa
1563 4712 1750 4778 sponsionibus,
1764 4722 1830 4775 quas
1845 4708 1885 4759 iu·

1104 4815 1261 4871 «deiuraudi
1284 4812 1400 4878 reiigione
1419 4808 1579 4874 interposita,
1596 4806 1645 4857 dlis
1666 4804 1774 4856 testibus
1796 4799 1885 4866 quasi·

1105 4911 1260 4963 ovarimus?
1286 4910 1318 4957 st
1339 4903 1395 4954 boeo
1418 4900 1479 4952 mibi
1499 4900 1579 4951 mullo
1602 4896 1683 4962 magis
1706 4909 1783 4962 quam
1808 4892 1887 4945 omnis

1105 5003 1240 5055 «bumana
1257 4999 1320 5052 tideo
1344 4998 1458 5062 suspecta
1478 4997 1528 5055 est,
1550 4991 1610 5057 quia
1630 5003 1686 5041 eam
1709 4987 1785 5039 rideo
1805 5000 1820 5036 a
1841 4997 1887 5048 po-

1105 5111 1118 5141 r
1134 5095 1242 5146 tentibus
1256 5090 1379 5143 oouteruui
1394 5108 1401 5138 ι
1417 5093 1443 5139 et
1454 5085 1644 5141 oonrenboues.
1661 5095 1718 5145 qum
1727 5080 1795 5133 iuter
1805 5079 1886 5143 inpe-

275 5224 287 5247 a
304 5194 448 5270 συμύαίσεις
464 5208 518 5269 τοῖς
536 5198 628 5279 ἄρχειν
643 5195 745 5266 ἀξιοῦσι
763 5193 828 5273 πρὸς
852 5193 912 5258 τούς
940 5191 1047 5248 ἐλευθε-
1105 5206 1117 5230 «
1132 5187 1202 5238 randi
1219 5184 1322 5249 cupidos
1336 5187 1362 5232 et
1382 5195 1434 5231 suus
1455 5177 1575 5231 libertatis
1595 5174 1773 5227 conservanda
1792 5169 1884 5274 studio:

275 5310 288 5337 a
305 5283 362 5367 ρίας
370 5286 622 5366 μεταποιονμίνους,
632 5286 663 5345 οὐ
675 5289 720 5343 νῦν
732 5285 836 5363 πρῶτον
848 5280 917 5340 alli
927 5277 972 5338 καί
982 5277 1048 5336 πολ·
1105 5294 1118 5326 ι
1133 5291 1175 5329 sos
1186 5280 1272 5329 ooutm
1289 5273 1441 5325 voluntatem
1459 5271 1539 5334 θυαε,
1552 5282 1610 5321 oum
1621 5279 1671 5319 nou
1682 5278 1750 5316 nuno
1761 5271 1868 5330 prrmurn
1876 5292 1887 5339 γ
