3980 5936
640 428 936 503 nNtthJlTATUtt
956 432 1106 495 ROMAN.
1130 436 1203 497 ΗΒ.
1226 438 1263 498 Χ.

144 561 211 643 ἀνήρ
233 585 274 628 τις
292 563 323 620 ἐκ
337 564 383 620 τοῦ
399 559 522 621 Σαόίνων
543 559 646 638 ἔθνους,
673 563 795 643 πατέρων
823 586 851 621 τε
876 565 924 623 οὐκ

144 653 251 732 ἀφανῶν
277 649 322 709 καλ
342 648 465 729 χρήμασι
489 649 616 723 δυνατός,
646 648 759 718 Ἄππιος
784 651 924 733 Ἑρδώνιος

143 737 243 816 ὄνομα,
265 740 417 797 καταλῦσαι
437 735 486 809 τὴν
503 737 647 814 Ῥωμαίων
664 740 806 816 ἡγεμονίαν
827 740 924 801 ἐπεύά·

143 828 223 901 λετο,
248 825 295 886 εἴθ’
311 829 397 906 ἑαυτῷ
418 828 560 909 τυραννίδα
576 827 854 906 κατασκευαζόμενος,
871 827 923 888 είτε

102 942 115 980 ι
144 916 183 996 τῷ
198 915 322 976 Σαῦίνων
340 914 407 976 ἶθνει
422 916 546 993 πράττων
567 915 654 997 ἀρχὴν
670 915 716 976 καί
732 917 843 997 κράτος,
871 916 923 977 είτε

144 1002 272 1080 ὀνόματος
292 1002 433 1076 ἀξιωθῆναι
455 1005 612 1083 βουλόμενος
631 1007 760 1084 μεγάλου.
785 1005 922 1067 Κοινωσά·

143 1116 220 1167 μενος
234 1092 261 1151 δὲ
284 1093 389 1159 πολλοῖς
403 1096 455 1152 τῶν
479 1091 562 1173 φίλων
585 1092 618 1165 ἣν
640 1083 695 1173 εἶχε
720 1093 851 1170 διάνοιαν,
877 1093 922 1154 καὶ

142 1179 186 1238 τὸν
201 1181 296 1262 τρόπον
317 1185 364 1253 τῆς
379 1180 569 1261 ἐπιχειρήσεως
585 1182 807 1263 ἀφηγησάμενος,
831 1183 920 1257 ἐπειδὴ

142 1270 270 1338 κάκείνοις
291 1270 384 1348 ἐδόκει,
406 1269 557 1350 συνήθροιζε
583 1271 641 1340 τοὺς
666 1273 783 1340 πελάτας
801 1272 847 1332 καί
869 1275 921 1331 τῶν

89 1389 115 1426 10
142 1358 307 1436 θεραπόντων
326 1360 374 1425 οθς
395 1348 451 1437 εἶχε
471 1357 532 1426 τούς
557 1358 778 1437 εὐτολμοτάτους,
805 1357 852 1419 καλ
877 1358 922 1418 διδ

140 1444 229 1523 ὀλίγου
243 1447 339 1528 χρόνου
373 1445 565 1527 συγκροτήσας
584 1446 695 1526 δύναμιν
708 1448 810 1528 ἀνδρῶν
823 1471 920 1528 τιτρα-

141 1535 278 1615 κισχιλίων
294 1535 429 1611 μάλιστα,
456 1532 526 1595 δπλα
547 1537 641 1596 τεκαὶ
661 1536 758 1617 τροφάς
779 1537 920 1596 καλτάλλα

140 1621 208 1682 ὅσων
228 1624 268 1681 δεῖ
278 1620 389 1701 πολόμιρ
403 1622 489 1681 πάντα
508 1624 747 1703 εὐτρεπισάμενος,
765 1629 800 1692 εἷς
816 1625 920 1711 σκάρος

142 1708 313 1788 ποταμηγοὺς
323 1710 471 1772 ίνεύαλετσ.
488 1711 612 1782 Πλεύσας
624 1712 651 1772 δί
667 1713 711 1773 διδ
724 1719 771 1772 τοῦ
784 1712 919 1791 Τιὸίρεως

84 1827 110 1863 15
138 1804 261 1876 ποταμοῦ
276 1799 408 1880 προσέσχε
431 1803 479 1871 τῆς
498 1799 610 1876 Ῥώμης
628 1803 697 1862 κατδι
716 1807 794 1862 τοῦτο
817 1800 848 1860 τδ
862 1828 918 1883 χω-

139 1887 210 1962 ρίον.
225 1888 285 1947 ἔνθα
306 1887 336 1947 τδ
352 1886 524 1948 Καπιτώλιόν
546 1893 635 1966 ίστιν,
652 1890 711 1950 οὐδὲ
730 1888 791 1951 ὅλον
811 1891 916 1951 στάδιον

138 1970 238 2051 ἀπέχον
250 1975 296 2031 τοῦ
307 1979 436 2048 ποταμοῦ.
482 1965 570 2034 Ἦσαν
585 1973 614 2031 δλ
627 1974 706 2048 μέσαι
716 1979 863 2046 τηνικαῦτα
875 1972 916 2030 νό-

138 2084 205 2135 κτες,
216 2059 260 2118 καὶ
272 2058 357 2130 πολλὴ
369 2059 427 2119 καθ’
440 2060 504 2135 ὅλην
518 2060 566 2133 τὴν
583 2061 660 2121 πόλιν
676 2062 786 2143 ἡσυχία,
805 2062 838 2133 ἣν
854 2084 913 2121 συν·

139 2151 212 2230 εργδν
221 2147 312 2206 λαόὼν
325 2146 461 2215 ίξεόίθασι
474 2149 533 2218 τούς
546 2150 642 2230 ἄνδρας
653 2148 722 2209 κατδι
735 2147 861 2222 σπουδὴν,
869 2152 915 2209 καί

81 2257 112 2297 ao
139 2239 182 2297 διὰ
193 2240 244 2296 τῶν
256 2239 400 2298 ἀκλείστων
414 2243 520 2300 πυλῶν·
536 2238 587 2300 sici
601 2240 652 2321 γδιρ
669 2263 735 2307 τινες
747 2238 817 2320 ίεραὶ
831 2238 914 2301 πάλαι

135 2336 180 2389 τοῦ
194 2330 368 2392 Καπιτωλίου
392 2330 463 2391 κατά
482 2355 509 2391 τι
526 2332 655 2415 θίσφατσν
670 2334 814 2412 ἀυειμέναε,
838 2337 913 2416 Καρ·

136 2419 261 2490 μεντίδας
272 2417 354 2487 αὐτάς
366 2422 504 2481 καλοῦσιν.
546 2421 724 2490 Ἀναθιῦάσας
732 2422 780 2496 τλν
791 2422 913 2502 δύναμιν,

131 2493 191 2567 εἷλε
216 2507 246 2565 τδ
270 2507 406 2589 φρούριον,
419 2511 516 2570 tutto
542 2511 566 2570 δ’
581 2511 625 2572 ἀπὶ
638 2511 687 2586 τὴν
702 2510 788 2595 ἄκραν
804 2513 913 2590 ὠσάμε-

133 2620 192 2669 νος,
209 2594 265 2656 ίστε
279 2596 356 2656 δδτῦι
371 2600 534 2682 Καπιτωλίῳ
547 2602 699 2682 προσεχλς,
716 2602 838 2676 κάκείνης
858 2606 913 2682 ἀγα·

74 2703 105 2740 ου
133 2685 204 2760 γάνει
216 2683 314 2764 κόριος.
331 2660 387 2745 *tls
399 2686 428 2747 δὲ
439 2692 520 2749 αὐτοῦ
533 2691 642 2769 γνώμη,
652 2690 720 2768 μιτδ
733 2692 763 2751 τὸ
779 2697 911 2774 κρατῆσαι

132 2779 185 2833 τῶν
197 2774 408 2855 ἐπικαιροτάτων
420 2776 519 2845 τόπων,
535 2776 595 2846 τούς
614 2803 643 2838 τε
658 2780 776 2861 φυγάδας
794 2781 910 2862 είσδόχε·

132 2866 192 2921 σθαι
216 2861 263 2922 καλ
287 2862 347 2931 τούς
368 2863 473 2933 δούλους
495 2868 531 2934 είς
553 2866 698 2949 ἐλευθερίαν
725 2871 837 2944 καλεῖν,
864 2871 910 2932 καὶ

132 2954 218 3030 χρεῶν
230 2950 322 3032 ἄφεσιν
338 2953 522 3030 ὑπισχνεῖσθαι
533 2955 586 3023 τοῖς
599 2957 723 3037 ἀπόροις,
746 2958 805 3026 τούς
819 2983 848 3019 τε
864 2958 910 3020 άλ-

132 3043 190 3107 λους
206 3037 334 3112 πολίτας,
349 3037 375 3098 σί
389 3041 502 3100 ταπεινά
517 3044 677 3123 πράττοντες
697 3044 740 3104 διδ
751 3046 847 3127 φθόνου
863 3051 909 3109 καί

74 3153 106 3192 cb
132 3130 223 3203 μίσους
247 3119 319 3210 εἶχον
341 3127 388 3197 τάς
409 3130 541 3211 ὑπεροχάς
561 3133 607 3192 καλ
626 3133 775 3213 μεταύσλῆς
799 3138 910 3217 άσμενοι

131 3219 162 3275 ἀν
179 3217 323 3294 ίλάόοντσ,
338 3217 475 3286 κοινωνοὺς
489 3225 622 3281 ποιεῖσθαι
634 3224 687 3281 τῦν
698 3225 844 3303 ὠφελειῶν.
873 3225 908 3289 Ἥ

130 3307 157 3365 δὲ
174 3311 278 3386 θαρρεῖν
290 3330 320 3368 τε
335 3311 415 3368 αὐτόν
435 3310 591 3389 ῦπαγομίνη
607 3310 654 3371 καλ
670 3315 796 3373 πλανῦεσα
813 3319 905 3395 ἐλπίς,

129 3401 165 3464 ab<
177 3397 279 3464 οὐδενὸς
293 3396 458 3477 ἀτυχήσαντα
469 3401 522 3459 τῦν
535 3400 762 3479 προσδοκωμένων
775 3453 786 3482 ,
803 3411 820 3478 ἡ
835 3413 909 3470 πολι.

130 3484 191 3557 τικὴ
206 3486 299 3554 στάσις
311 3476 365 3561 ἦν,
392 3488 426 3547 δι’
439 3488 472 3560 ἣν
492 3487 552 3547 οὔτε
570 3488 661 3567 φιλίαν
685 3489 743 3550 οὐτε
769 3484 907 3557 κοινωνίαν

130 3574 253 3650 οὐδεμίαν
266 3574 438 3653 ὐπελάμόανε
459 3579 498 3657 τῷ
513 3575 591 3658 δήμῳ
605 3576 669 3657 πρὸς
681 3577 741 3646 τοῦς
753 3585 907 3662 πατρικίους

130 3664 169 3722 ἔτι
183 3663 348 3742 γενήσεσθαι.
362 3662 427 3725 Ἐάν
442 3666 465 3724 δ’
479 3665 532 3746 ἄρα
544 3665 627 3742 μηδὲν
639 3668 711 3749 αὐτῷ
724 3669 822 3729 τούτων
837 3673 907 3735 κατδι

128 3757 188 3812 νοῦν
202 3756 297 3832 χωρῇ,
317 3759 464 3826 τηνικαῦτα
478 3753 608 3824 Σαόίνους
621 3778 650 3815 τι
673 3771 841 3843 πανστρατιᾷ
852 3786 906 3823 κα-

128 3840 183 3899 λεῖν
195 3840 315 3900 ἐδέδοκτο
331 3841 378 3900 καὶ
393 3841 576 3911 Οὐολούσκους
594 3843 639 3903 καὶ
655 3847 708 3904 τῶν
728 3846 817 3907 ἄλλων
837 3852 907 3925 πλη·

129 3930 283 4011 στα-χοίρων,
300 3927 369 3999 ὅσοις
384 3928 415 3989 ἀν
435 3921 453 4010 ᾔ
476 3930 644 4011 βσυλομίνοις
673 3935 846 4018 ἀπηλλάχθαι
859 3944 906 4014 τῆς

129 4015 272 4093 Ῥονμαίων
289 4018 426 4099 ίπιφθόκου
438 4021 535 4101 ἀρχῆς.

168 4110 230 4170 XV.
253 4106 358 4181 Συνίὸη
383 4107 412 4168 δλ
434 4110 505 4188 αὐτῷ
531 4111 639 4172 πάντων
669 4114 842 4195 διαμαρτεῖν,
868 4111 906 4181 ὧν

127 4199 256 4275 ἤλπισαν,
267 4195 328 4257 οὔτε
342 4197 442 4258 δούλων
463 4200 704 4278 αὐτομολησάντων
724 4204 790 4285 πρδς
809 4208 904 4284 αὐτὸν,

126 4288 186 4349 οὔτε
199 4287 323 4369 φυγάδων
343 4286 538 4362 κατελθόντων,
565 4288 625 4350 οὔτε
639 4292 741 4369 ἀτίμων
755 4293 802 4354 καί
822 4318 907 4359 κατα-

126 4377 213 4459 γράιον
236 4378 267 4435 τδ
285 4376 350 4436 ῐδεσκ
374 4376 465 4458 κίρδσς
485 4378 543 4438 ἀντί
564 4385 609 4441 τοῦ
633 4386 708 4462 κοινῇ
724 4383 906 4467 συμφέροντος

128 4464 333 4543 ἀλλαξαμίνων,
354 4469 402 4538 τῆς
415 4467 439 4525 τ’
452 4464 545 4537 ίίωθεν
564 4470 716 4547 ίπικουρίας
728 4475 757 4532 οὗ
769 4472 904 4551 λαθούσης

127 4540 219 4618 χρόνον
228 4544 318 4603 ίκανδν
329 4549 365 4613 εἷς
374 4550 546 4631 παρασκευὴν
552 4559 600 4613 τοῦ
609 4556 727 4633 πολέμου
734 4581 740 4594 ·
747 4557 816 4638 τρισί
825 4556 877 4640 γάρ
887 4557 904 4630 ἢ

126 4630 248 4711 τέτταρσι
262 4636 319 4701 ταῖς
333 4636 451 4718 πρώταις
466 4639 579 4720 ἡμέραις
593 4641 667 4709 τίλας
678 4644 780 4727 εἰλήφει
794 4646 827 4705 τλι
839 4648 906 4727 πρά·

125 4738 216 4791 γμστα
238 4721 307 4801 μέγα
337 4724 393 4793 tto<
415 4726 461 4786 καί
484 4730 587 4800 πολλὴν
611 4731 733 4813 ταραχὴν
755 4733 904 4810 Ῥωμαίοις

126 4809 310 4888 παρασχόντα.
355 4813 434 4877 Ἐπεί
448 4816 498 4895 γάρ
513 4816 584 4877 ἰάλω
601 4819 635 4878 τά
650 4820 771 4901 φρούρια,
786 4827 903 4902 κραυγῆς

68 4906 97 4944 ου
125 4891 200 4972 ἀφνω
225 4902 376 4977 [γενομίνης
395 4903 440 4963 καί
461 4908 545 4985 φυγῆς
568 4908 621 4965 τῶν
650 4907 711 4986 stipi
735 4909 848 4980 ἀκείνους
866 4912 902 4971 ολ

123 4981 237 5043 κοόντων
253 4987 313 5056 τούς
325 4992 431 5071 τόπους,
454 4992 511 5053 ὅσοι
527 4991 565 5069 μὴ
588 4999 757 5077 παραχρῆμα
781 4998 902 5080 ἐσφάγη·
955 5017 1061 5081 iugulati
1069 5033 1119 5070 non
1130 5020 1237 5080 inerant,
1250 5035 1329 5085 quum
1338 5021 1450 5086 plerique
1460 5023 1741 5089 ignorarentqnodnsm

123 5092 191 5149 σαν,
215 5080 368 5152 ἀγνοοῦντες
389 5084 413 5139 σί
440 5083 533 5142 πολλοὶ
552 5088 583 5143 τὸ
602 5085 694 5156 δεινδν,
713 5084 730 5145 ὅ
746 5111 772 5147 τι
792 5093 852 5149 ποτ’
869 5081 914 5165 {ug

125 5168 294 5248 δρπάσαντες
316 5170 351 5230 τά
366 5170 436 5231 ὅπλα
451 5173 622 5255 συνίτρεχσν,
642 5180 666 5237 σί
682 5178 730 5255 μὲν
746 5178 789 5238 inl
803 5180 836 5239 τά
853 5206 902 5260 με·

124 5254 211 5338 τίωρα
224 5256 312 5338 χωρία
326 5261 374 5329 τῆς
385 5260 502 5335 πόλεως,
519 5265 543 5321 ci
554 5262 578 5322 δ’
592 5266 628 5332 είς
639 5263 698 5333 τοθς
707 5268 901 5349 ἀναπεπταμί-

1703 449 1763 511 θθῦ

979 575 1012 626 de
1026 576 1117 627 Sebinno
1127 581 1212 642 gente,
1227 594 1276 631 non
1293 580 1411 632 obscuris
1432 583 1557 634 natalibus
1574 590 1601 638 et
1619 589 1710 653 opibus
1721 605 1763 657 po·

978 671 1043 729 tens,
1061 672 1161 722 nomine
1172 673 1266 738 Appius
1280 673 1579 742 Herdoninejmpertum
1596 683 1762 737 Romanorum

978 761 1089 815 evertere
1098 767 1201 815 conclus
1211 769 1258 827 est,
1273 766 1326 816 sive
1338 766 1385 817 sibi
1398 767 1446 832 ipsi
1464 770 1620 832 tyrannidem
1634 788 1760 841 quereus,

978 856 1032 908 sive
1040 857 1186 909 Sabinorum
1198 859 1265 923 genti
1278 859 1471 912 dominationem
1483 865 1508 913 et
1519 863 1652 930 imperium
1662 883 1760 933 parans,

978 948 1032 999 sire
1042 950 1148 1001 nominis
1161 952 1245 1014 magni
1258 966 1288 1002 ac
1298 951 1382 1017 glorias
1393 954 1507 1018 cupidus.
1541 958 1589 1009 llic
1602 974 1648 1011 suo
1658 963 1761 1014 consilio

978 1054 1035 1091 cum
1048 1041 1134 1093 multis
1155 1042 1243 1094 amicis
1260 1045 1457 1110 communicato,
1480 1049 1604 1115 modoque
1624 1053 1662 1104 rei
1675 1068 1761 1119 aggre-

976 1130 1074 1182 dimon
1088 1131 1148 1197 ipsis
1156 1136 1265 1196 nerrnto,
1279 1134 1324 1186 ubi
1334 1136 1383 1188 illis
1395 1151 1496 1205 quoque
1508 1140 1557 1193 boc
1566 1143 1668 1208 placuit,
1680 1151 1761 1213 ccdqrt

976 1219 1078 1272 clientes
1100 1235 1175 1285 snos,
1190 1227 1217 1275 et
1236 1223 1418 1279 audacissimos
1444 1243 1558 1295 quosque
1580 1248 1675 1301 servos,
1696 1253 1759 1303 quos

976 1309 1085 1363 habebnt
1097 1330 1105 1373 t
1117 1312 1237 1377 brevique
1252 1317 1371 1381 temporis
1382 1319 1461 1383 spatio
1472 1323 1583 1375 conlecta
1594 1337 1668 1378 mann
1679 1328 1759 1381 homi-

976 1414 1036 1451 num
1048 1401 1126 1453 terme
1139 1407 1247 1466 quatuor
1260 1404 1377 1469 millium,
1394 1408 1520 1474 armisque
1536 1418 1562 1463 et
1580 1417 1759 1469 commeatibus

975 1494 1051 1556 utque
1069 1493 1123 1544 aliis
1145 1494 1220 1545 rebus
1240 1494 1376 1548 adbellum
1390 1503 1535 1554 necessariis
1548 1508 1655 1570 paratis,
1675 1524 1719 1561 eos
1732 1512 1758 1563 in

975 1584 1117 1636 tlunlalibns
1128 1589 1227 1653 sceptris
1239 1591 1330 1655 posuit.
1363 1594 1395 1642 nt
1404 1594 1517 1645 coniecto
1527 1610 1603 1647 rursu
1615 1601 1757 1662 perdamus

974 1676 1098 1742 Tiberim,
1109 1680 1204 1744 appulit
1219 1681 1252 1732 ad
1271 1695 1326 1734 eam
1348 1685 1434 1735 Romae
1448 1690 1552 1752 portem,
1569 1689 1610 1739 nbi
1623 1694 1662 1742 est
1682 1692 1758 1758 θερί-

974 1770 1071 1832 tolium,
1086 1773 1154 1835 quod
1183 1788 1215 1826 ne
1239 1776 1363 1840 integrum
1379 1777 1479 1842 quidem
1500 1780 1637 1833 stadium
1656 1784 1757 1838 tlnmine

973 1862 1053 1915 abest.
1086 1867 1156 1916 Tunc
1176 1870 1258 1917 autern
1276 1870 1330 1919 erat
1351 1867 1432 1919 media
1451 1883 1502 1920 uox
1521 1875 1547 1923 et
1558 1873 1608 1924 alta
1628 1878 1681 1927 tota
1695 1878 1757 1930 urbe

973 1957 1059 2020 quies,
1082 1958 1155 2021 cnjus
1176 1959 1269 2009 auxillo
1287 1960 1432 2012 festinanter
1448 1966 1634 2017 exscensionem
1654 1969 1752 2032 tecit,et

972 2059 1016 2109 per
1029 2051 1127 2110 portam
1149 2052 1260 2112 apertam
1274 2051 1329 2116 (est
1347 2052 1414 2102 enirn
1432 2053 1548 2116 quedam
1569 2070 1641 2108 sacre
1653 2060 1756 2124 capito·

971 2137 999 2190 lii
1009 2144 1081 2203 porta
1089 2155 1118 2192 ex
1131 2142 1232 2193 omento
1242 2144 1352 2207 quodem
1364 2150 1460 2210 patens,
1480 2162 1555 2213 quam
1571 2151 1755 2206 benncntalern

971 2233 1069 2294 vocant)
1091 2247 1148 2283 cnm
1161 2235 1213 2286 suis
1224 2236 1301 2300 copiis
1310 2237 1436 2304 ingressus
1451 2242 1601 2308 Capitolium
1613 2247 1753 2312 occuparit,

970 2318 1078 2372 indeed
1101 2336 1182 2375 arcem
1201 2324 1324 2391 capitolio
1341 2330 1483 2395 contiguam
1516 2328 1685 2399 progressus,
1697 2350 1754 2389 eam

970 2423 1068 2474 quoquc
1080 2411 1106 2462 in
1119 2427 1191 2463 suam
1204 2405 1354 2479 potestatem
1376 2419 1478 2485 redegit.
1513 2423 1591 2488 ldque
1602 2424 1649 2476 hec
1671 2432 1753 2480 mente

971 2501 1032 2553 lecit
1054 2505 1090 2563 ut,
1116 2505 1245 2570 occupatis
1272 2509 1488 2572 opportunissimis
1512 2513 1653 2580 quibusque
1682 2516 1751 2588 locis,

969 2604 1070 2656 exsules
1088 2606 1216 2671 reciperet,
1237 2611 1265 2660 et
1283 2623 1370 2662 servos
1384 2612 1417 2663 ad
1435 2613 1577 2667 libertntem
1597 2623 1712 2677 vocaret,
1726 2622 1753 2672 et

968 2702 1027 2752 eris
1040 2702 1112 2753 alieni
1126 2704 1277 2769 pauperibus
1290 2707 1461 2762 remissionem
1478 2711 1645 2778 polliceretur,
1655 2719 1681 2766 et
1690 2717 1752 2768 alios

968 2797 1036 2849 circs
1049 2801 1105 2864 qui,
1121 2802 1189 2866 qnod
1202 2803 1250 2867 ipsi
1270 2809 1354 2858 essent
1366 2807 1458 2860 infime
1469 2810 1617 2862 conditionis
1629 2813 1749 2875 homines.

967 2894 1147 2960 potentioribus
1166 2896 1320 2961 invidebant,
1344 2903 1371 2952 et
1390 2914 1490 2953 omnem
1511 2904 1671 2957 eminentiam
1693 2907 1752 2959 ode-

968 2991 1031 3049 rant,
1058 2988 1217 3055 oblatamque
1239 3004 1324 3043 rerum
1344 2992 1515 3045 novandarum
1531 2997 1686 3049 occasionem
1708 2999 1751 3051 lu·

967 3078 1055 3132 beuter
1079 3082 1246 3148 smlpiebant,
1277 3084 1367 3150 prede
1398 3086 1532 3153 participes
1557 3088 1657 3141 laceret.
1689 3093 1751 3157 Spes

966 3173 1041 3231 enim,
1055 3185 1112 3235 qne
1122 3173 1234 3224 illumsd
1255 3172 1281 3224 id
1302 3174 1445 3236 inducebat,
1464 3178 1540 3240 atque
1556 3179 1687 3231 cnrmosci
1702 3179 1749 3231 ad·

965 3267 1049 3332 debet,
1064 3271 1090 3319 ct
1100 3282 1225 3333 quocum
1238 3270 1385 3336 decipiebat,
1399 3272 1434 3322 ite
1448 3275 1476 3321 ut
1487 3272 1590 3324 credere
1605 3275 1687 3325 omnia
1701 3277 1749 3329 sibi

965 3371 1123 3422 successura,
1147 3373 1205 3423 quae
1219 3358 1386 3423 exspectabat,
1398 3363 1453 3410 erat
1469 3361 1584 3412 intestina
1603 3362 1702 3426 seditio,
1715 3366 1749 3417 ob

964 3464 1041 3514 quem
1059 3451 1218 3502 existimabat
1245 3450 1339 3501 nnllam
1367 3451 1474 3515 amplius
1497 3452 1641 3518 amicitiam,
1656 3456 1749 3508 nullom

965 3544 1108 3609 societatem
1124 3545 1189 3610 plebi
1208 3558 1266 3596 cum
1286 3545 1398 3611 patriciis
1421 3545 1621 3599 intercessuram.
1636 3549 1708 3606 Quod
1727 3550 1748 3601 si

964 3643 1028 3693 torte
1040 3642 1101 3693 nibil
1123 3643 1212 3693 horum
1226 3643 1274 3706 ipsi
1291 3657 1322 3694 ex
1334 3642 1408 3692 animi
1426 3645 1547 3696 sententie
1572 3646 1745 3708 successisset,

962 3737 1023 3786 tnnc
1047 3737 1183 3796 statuerat,
1205 3748 1292 3786 ornnes
1321 3736 1467 3787 Sabinorum
1488 3736 1572 3801 copias
1593 3752 1695 3801 vocare,
1723 3744 1748 3791 et

962 3833 1078 3893 Volscos,
1100 3834 1128 3885 ct
1139 3833 1202 3884 alios
1214 3833 1333 3885 finitimos
1350 3834 1464 3900 populos,
1479 3836 1603 3899 quotquot
1624 3834 1748 3889 undoso

962 3931 1046 3996 populi
1057 3930 1161 3981 Romani
1172 3929 1276 3995 irnperio
1293 3930 1391 3982 liberari
1402 3928 1543 3994 cupiebant.

993 4137 1046 4187 liv.
1058 4135 1206 4189 Sednccidlt
1221 4140 1250 4187 nt
1260 4135 1386 4196 omnibns,
1401 4148 1459 4200 quse
1473 4139 1592 4200 sperarat,
1611 4137 1746 4191 frustrare·

961 4237 1012 4284 rnr,
1022 4223 1081 4287 quie
1097 4236 1143 4275 nec
1163 4223 1230 4274 servi
1251 4222 1283 4274 ad
1307 4236 1365 4274 eum
1379 4223 1573 4289 trunslbgernnt,
1588 4240 1635 4278 nec
1646 4228 1746 4281 exsules

961 4319 1142 4379 convenerunt,
1162 4330 1208 4367 nec
1219 4315 1311 4367 intime
1323 4315 1471 4367 conditionis
1481 4316 1594 4368 homines
1603 4322 1629 4371 et
1638 4320 1742 4376 oberati

961 4418 1007 4454 sua
1031 4402 1160 4455 οοειιειιοθε
1194 4402 1300 4468 publicis
1324 4407 1532 4469 anteposuerunt,
1568 4422 1614 4459 nec
1644 4413 1746 4461 externa

961 4490 1052 4541 auxilie
1073 4490 1134 4543 setis
1152 4490 1272 4555 temporis
1295 4491 1327 4542 ad
1358 4490 1416 4543 belli
1439 4497 1572 4558 spparatus
1593 4495 1743 4547 babuerunt.

960 4584 1023 4637 Nam
1034 4580 1100 4630 intra
1119 4583 1171 4630 tres
1184 4584 1324 4644 quatuorve
1344 4582 1436 4643 primos
1449 4579 1503 4631 dies
1522 4581 1598 4633 rebus
1609 4597 1667 4648 que
1688 4598 1743 4635 ma-

960 4682 1035 4734 gnum
1045 4670 1165 4719 terrorem
1181 4668 1274 4733 populo
1285 4671 1393 4720 nomano
1410 4669 1579 4728 incusserant,
1590 4675 1617 4721 et
1628 4686 1744 4736 magnum

961 4755 1098 4807 tumultum
1117 4754 1329 4815 excitaranttnts
1342 4760 1382 4807 est
1393 4756 1532 4822 impositus.
1565 4757 1744 4811 Arcibusenim

959 4843 1094 4908 occupatis,
1102 4843 1210 4894 clamore
1221 4843 1356 4908 derepente
1368 4848 1424 4896 orto
1433 4884 1440 4907 ,
1450 4845 1671 4911 ominibusquequi
1678 4850 1744 4900 circa

959 4929 1001 4980 illa
1014 4929 1068 4981 loca
1078 4931 1239 4995 babitabant,
1253 4931 1413 4996 fugientibus,
1424 4936 1550 4998 quotquot
1558 4935 1638 5000 primo
1648 4936 1741 5001 impetu

957 5103 1080 5154 essctboc
1093 5105 1204 5165 maium,
1221 5107 1342 5171 correptis
1361 5108 1437 5158 armis
1453 5110 1644 5172 concurrebant,
1665 5112 1705 5162 alii
1716 5113 1741 5165 in

957 5190 1011 5242 lota
1023 5192 1096 5244 urbis
1114 5193 1266 5256 editissimo,
1284 5195 1324 5246 alii
1338 5196 1364 5247 in
1384 5200 1498 5261 patentes
1509 5197 1565 5249 eius
1587 5212 1667 5260 ereas,
1684 5215 1742 5265 que

958 5279 1045 5332 mnltce
1057 5286 1135 5347 mant,
1154 5282 1195 5336 alii
1208 5283 1234 5335 in
1248 5285 1377 5350 proximos
1389 5299 1490 5351 campos
1504 5306 1511 5337 ι
1523 5286 1649 5414 οιιίπτσιο
1667 5291 1742 5342 etate
