3980 5936
629 435 920 509 ANTIQUITATUM
943 434 1093 495 ROMAN.
1114 432 1188 493 Lis.
1212 433 1250 494 X.

1687 437 1751 502 599

134 601 206 654 μενοι
219 577 284 653 πρὸς
300 573 376 631 αὐτὸν
393 570 498 641 ἥκοιεν·
512 567 604 626 ἔπειτα
620 565 834 645 προσδραμόντος
848 566 917 635 τινδς
967 576 1075 634 nomine,
1088 574 1133 625 sed
1155 573 1283 625 consulem
1304 574 1453 634 salutarunt,
1475 588 1636 642 purpuraque
1660 580 1750 634 indus·

132 662 178 722 καί
189 658 360 725 κελεύσαντος
374 654 552 736 κοσμιώτερον
565 652 658 713 taneta
671 657 795 727 ποιῆσαι,
810 657 913 736 παρελ-

132 751 183 811 θδιν
200 753 236 817 είς
255 748 304 821 τὴν
329 745 449 819 καλύόην
476 744 523 805 καί
550 742 745 825 ἀμφιεσάμενος
770 745 915 849 προῆλθεν,

132 838 205 900 016¹
223 835 323 908 ίπίτὴν
339 835 494 915 παράληψιν
511 833 591 891 αὑτοῦ
611 833 739 913 παρόντες
758 832 915 903 ἠσπάσαντο

93 959 106 995 ι
133 952 163 988 τε
177 927 311 1002 ἅπαντες,
324 927 371 984 οὑκ
387 927 416 984 ίκ
431 928 479 983 τοῦ
499 921 627 1001 ὀνόματος
649 921 719 981 siit
741 920 853 999 ὑπατον,
869 921 916 981 καί

970 682 1038 741 runt,
1061 678 1178 729 stallatis
1191 692 1221 729 eo
1240 678 1378 740 securibus,
1403 680 1507 744 aliisque
1521 681 1684 746 magistratus
1694 686 1752 741 insi·

968 787 1065 851 gnibus,
1084 792 1113 839 nt
1137 789 1164 840 in
1180 790 1268 843 urbem
1298 794 1454 854 sequeretur,
1481 797 1610 857 rogarunt.
1638 797 1682 850 llis
1704 801 1751 852 ati-

969 892 1115 958 quantisper
1139 893 1264 956 obticuit,
1288 894 1399 959 inuiaque
1426 895 1559 960 iacrymis,
1585 899 1633 951 boc
1655 907 1752 955 tautum

134 1017 182 1089 τὴν
198 1016 391 1097 περιπόρφυρον
411 1014 510 1085 ἐσθῆτα
531 1010 699 1093 περιέθεσαν,
718 1011 778 1078 τούς
794 1034 823 1070 τε
837 1011 916 1070 πελέ-
969 996 1034 1048 ‘¹¹¹1‘
1049 1014 1080 1047 ²¹
1099 1000 1163 1063 5¹8⁰
1176 999 1272 1064 ³80¹¹¹¹⁸
1290 1013 1362 1051 ¹¹¹0¹¹⁸
1381 998 1430 1050 ¹¹⁰⁰
1453 1015 1517 1052 ⁸⁰⁰⁰
1539 1009 1658 1069 νεικείειν,
1673 1015 1699 1060 et
1720 1010 1752 1062 de

134 1128 189 1172 κεις
199 1106 244 1163 καῖ
258 1103 343 1162 τᾶλλα
356 1099 506 1181 παράσημα
522 1103 568 1171 τῆς
583 1102 668 1180 ἀρχῆς
682 1097 912 1180 παρασπάσαντες,

137 1195 286 1255 ἀκολουθεῖν
304 1194 340 1259 είς
353 1190 401 1264 ris
417 1188 494 1249 πόλιν
515 1187 612 1261 ἠξίουν.
657 1191 797 1267 Κάκεῖνος,
821 1186 914 1268 μικρὸν

137 1280 253 1362 ίπισχὼν
271 1279 316 1339 καὶ
330 1277 477 1357 δακρύσας,
501 1282 625 1336 τοιοῦτον
648 1265 739 1333 εἶπεν·
760 1300 773 1326 τι
786 1274 915 1352 Ἀσπορον

83 1396 109 1436 m
137 1396 151 1423 α
165 1370 216 1451 ἀρα
231 1392 275 1446 μοι
292 1367 323 1427 τδ
336 1366 434 1448 χωρίον
449 1365 525 1424 ίαταε
545 1369 637 1423 τοῦτον
656 1364 701 1422 τὸν
724 1362 856 1434 ἐνιαυτόν,
871 1384 916 1420 και

138 1486 151 1513 α
166 1458 368 1534 κινδυνεύσομεν
382 1460 434 1534 οὐχ
447 1455 512 1524 ἕξειν
533 1452 625 1514 ὑπόθευ
641 1454 837 1533 διατραρῶμεν·
853 1478 866 1503 n
877 1485 917 1495 -

135 1542 254 1611 Ἔπειτα
274 1545 463 1622 οίσπασοίμινος
482 1542 527 1616 τὴν
554 1549 684 1621 γυναῖκα,
704 1540 750 1600 καί
771 1543 822 1598 τῶν
845 1539 916 1597 ίνδον

136 1638 320 1715 ἐπιμελεῖσθαι
345 1630 542 1711 παραγγείλας,
571 1629 656 1714 ᾤχετο
683 1634 718 1695 είς
751 1629 800 1701 τὴν
827 1625 914 1689 πόλιν.

136 1729 233 1786 Ταῦτα
247 1724 275 1784 δδ
290 1724 341 1803 οὑχ
364 1719 453 1802 ίτίρου
472 1721 541 1787 τινὀς
563 1720 643 1800 χάριν
665 1717 747 1778 εἰπεῖν
762 1715 915 1798 προήχθην,

83 1835 110 1873 rs
138 1813 197 1872 ἀλλ’
212 1810 255 1871 ἵνα
274 1809 385 1892 ρανερδν
408 1807 516 1887 γίνηται
537 1817 634 1885 πθσιν,
651 1797 701 1868 οἶοι
726 1805 785 1866 τότε
809 1796 877 1879 ἦσαν
892 1806 916 1863 οί

137 1903 185 1971 τῆς
199 1897 343 1975 Ῥωμαίων
362 1896 463 1964 πόλεως
487 1895 691 1977 προεστηκότες,
718 1898 753 1960 ὡς
778 1892 916 1974 αὐτουργοὶ

138 1987 183 2047 καί
200 1985 331 2069 αιύρρονες
346 1985 392 2046 καί
407 1984 500 2045 πενίαν
514 1985 617 2044 δικαίαν
631 1987 661 2042 οδ
677 1980 860 2063 βαρυνόμενοι,
871 1982 917 2040 καί

139 2077 279 2158 βασιλικὰς
294 2076 324 2136 ού
340 2073 476 2142 διώκοντες
490 2074 624 2150 ἐξουσίας,
638 2072 707 2131 ἀλλά
722 2071 767 2130 καί
781 2070 916 2148 διδομένας

140 2165 320 2243 ἀναινόμενος·
335 2161 499 2245 φανήσονται
521 2162 573 2246 γδρ
594 2161 653 2221 οὐδὲ
675 2160 744 2220 κατδι
760 2160 852 2243 μικρδν
867 2160 917 2218 θοι-

85 2274 114 2313 ao
139 2252 212 2320 κότες
233 2250 375 2318 ίκείνοιςοί
394 2254 455 2325 νῦν,
477 2250 547 2310 ἀλλά
568 2248 693 2310 τάναντία
714 2248 802 2307 πάντα
826 2250 918 2321 ἐπιτη-

140 2341 275 2415 δεύοντες,
299 2340 368 2411 πλὴν
387 2339 457 2400 πάνυ
471 2340 583 2420 όλίγων,
596 2341 629 2398 δι’
649 2337 693 2405 οὑς
707 2337 817 2409 ἕστηκεν
834 2337 872 2396 ἔτι
888 2336 918 2395 τὸ

139 2433 186 2501 τῆς
219 2428 321 2496 πόλεως
345 2424 448 2503 ἀξίωμα
472 2426 518 2484 καί
541 2426 620 2495 σώζει
646 2435 695 2498 τὴν
720 2423 785 2505 πρδς
807 2425 919 2492 ἐκείνους

139 2518 200 2581 τοὺς
217 2516 313 2596 ἀνδρας
338 2514 492 2592 ὁμοιότητα.
547 2515 629 2576 ’uitta
655 2516 717 2596 περὶ
745 2512 793 2592 μίν
816 2512 915 2573 τούτων

142 2604 211 2672 άλις.
918 2653 922 2663 .

87 2720 114 2758 ss
182 2694 287 2754 xviii.
309 2691 344 2753 Ὁ
359 2691 386 2751 δί
403 2688 522 2759 Κοίντιος
533 2690 699 2772 παραλαύὼν
713 2689 763 2765 τὴν
778 2691 919 2770 ὑπατείαν,

142 2785 246 2866 πρῶτον
260 2779 307 2860 μίν
319 2780 419 2841 ἔπαυσε
431 2780 490 2848 τούς
504 2782 658 2862 δημάρχους
671 2786 723 2842 τῶν
738 2784 831 2841 κοινῶν
846 2783 919 2841 πολι-

142 2870 282 2949 τευμάτων
301 2869 346 2930 καί
368 2874 414 2941 τῆς
428 2870 472 2930 ἐπὶ
487 2873 526 2952 τῷ
546 2870 617 2953 νόμςρ
640 2873 771 2946 σπουδῆς,
787 2870 920 2953 προειπὼν

143 2964 189 3032 ὣς,
207 2962 229 3019 εί
251 2957 289 3036 μὴ
304 2956 451 3020 παύσονται
472 2959 645 3041 ταράττοντες
659 2960 706 3033 τὴν
722 2962 813 3036 πόλιν,
827 2961 920 3032 ἀπάξει

143 3048 294 3127 Ῥωμαίους
318 3047 439 3116 ἅπαντας
454 3051 484 3108 ἐκ
498 3054 545 3122 τῆς
559 3050 678 3124 πόλεως,
695 3050 835 3132 στρατείαν
850 3050 920 3112 aaut

92 3144 118 3183 ³⁰
145 3138 320 3200 Οὐολούσκων
335 3140 528 3218 παραγγείλας.
559 3138 639 3201 Ἐπεί
653 3139 681 3198 δί
699 3139 826 3201 κωλύσειν
841 3142 920 3201 αύτδν

145 3229 233 3306 ίλιγον
249 3233 274 3289 oi
291 3227 426 3309 δήμαρχοι
444 3234 558 3309 στρατοῦ
572 3233 704 3290 ποιεῖσθαι
728 3230 920 3313 καταγραφὴν,

146 3316 300 3398 συναγαγὼν
324 3317 353 3377 εδ
374 3320 473 3390 πλῆθος
495 3320 531 3385 εἰς
547 3319 690 3392 ἐκκλησίαν
716 3309 805 3378 εἶπεν·
829 3317 922 3382 «Ὅτι

147 3435 159 3459 τ
174 3407 270 3475 πάντες
293 3406 451 3484 ὀμωμόκατε
475 3408 521 3465 τὸν
536 3409 723 3487 στρατιωτικὸν
742 3410 839 3488 ὅρκον,
854 3411 921 3469 ἀκο-

148 3496 309 3567 ιλουθνίσειν
332 3504 385 3565 τοῖς
406 3495 515 3562 ὑπάτοις
539 3497 579 3577 ἀρ’
601 3495 643 3562 οὑς
668 3495 700 3554 δν
730 3501 849 3575 ἡγῶνται
868 3521 920 3557 πο·

93 3590 119 3629 ³⁶
150 3612 162 3638 ι
178 3585 299 3660 λεμίους,
314 3586 359 3644 καί
374 3585 442 3662 μήτε
455 3584 607 3666 ἀπολείψειν
620 3583 654 3643 τδι
665 3589 764 3662 σημεῖα
776 3585 844 3661 μήτε
859 3585 925 3645 ἄλλο

149 3672 283 3754 «πράξειν
305 3675 385 3751 μηθίν
412 3674 528 3733 ἐναντίον
543 3677 582 3756 τῷ
604 3674 690 3754 νόμῳ·
713 3674 879 3755 παραλαόὼν
894 3675 922 3734 δδ

149 3792 162 3816 ο
177 3761 224 3834 τὴν
237 3763 366 3833 ὑπατικὴν
381 3761 518 3834 ἐξουσίαν,
534 3763 609 3830 αύτδς
623 3761 694 3844 ἔχειν
709 3762 759 3844 {pq
776 3762 924 3844 κρατουμί·

149 3880 162 3905 a
176 3875 234 3918 νους
259 3849 377 3917 ἅπαντας
395 3859 448 3917 τοῖς
462 3850 559 3931 ὅρκοις.
577 3878 590 3903 ν
613 3885 654 3897 -
678 3850 770 3912 Εἰπὼν
793 3853 820 3913 δδ
839 3857 923 3913 ταῦτα

148 3940 194 4000 καί
209 3940 397 4018 διομοσάμενος
408 3939 555 4020 χρήσεσθαι
567 3943 605 4021 τῷ
617 3940 690 4021 νόμῳ
701 3939 770 4000 κατὰ
782 3945 834 4000 τῶν
847 3945 922 4002 duat·

95 4033 122 4071 ‘⁰
148 4027 276 4103 θούντων,
290 4028 425 4088 ἐκέλευσεν
442 4030 471 4087 ίκ
485 4032 538 4087 τῶν
552 4031 629 4109 ἱερῶν
640 4028 673 4087 τδι
686 4020 785 4104 σημεῖαΙ
799 4029 920 4111 καταρά-

150 4142 219 4198 ρειν·
236 4147 249 4170 ο
263 4118 318 4180 Καί
331 4117 393 4193 ἵνα,
409 4117 477 4199 ίρη,
493 4127 582 4177 πᾶσαν
598 4121 734 4195 ἀπογνῶτε
750 4119 924 4198 δημαγωγίαν

150 4235 162 4259 ο
177 4207 220 4266 brt
234 4211 281 4278 τῆς
296 4209 361 4284 ἐμῆς
376 4206 516 4279 ὑπατείας,
531 4209 561 4267 ού
581 4205 706 4288 πρότερον
721 4208 864 4278 ἀνασπάσω
880 4209 924 4269 τὸν

150 4322 162 4347 ι
177 4297 288 4374 στρατὸν
311 4297 340 4353 ἐκ
351 4298 399 4364 τῆς
409 4296 558 4371 πολεμίας,
575 4298 637 4377 πρίν
655 4296 739 4369 ἢπῖς
754 4303 768 4357 δ
783 4304 829 4371 τῆς
844 4302 927 4380 ἀρχῆς

151 4410 163 4435 τι
179 4405 224 4461 μοι
237 4382 324 4463 διέλθῃ
338 4382 441 4464 χρόνος.
484 4382 534 4451 Ὦς
549 4376 594 4447 ούν
609 4390 635 4447 ίν
646 4387 766 4468 ὑπαίθρῳ
780 4389 927 4467 χειμάσον·

96 4484 123 4522 ⁴⁵
152 4501 165 4526 a
178 4495 220 4541 τις
232 4473 468 4554 παρασκευάσασθι
482 4474 517 4533 τδι
530 4478 566 4543 είς
581 4478 678 4537 ἐκεῖνον
694 4477 738 4535 τὸν
753 4479 843 4560 καιρὸν
864 4481 924 4539 ἐπι-

152 4591 164 4615 a
180 4563 282 4634 πόδεια.
296 4590 308 4615 ν
320 4595 361 4608 -
379 4564 491 4632 Τούτοις
511 4565 747 4644 καταπληξάμενος
769 4564 861 4635 αύτούς
875 4567 928 4634 τοῖς

149 4651 253 4729 λόγοις,
267 4652 359 4725 ἐπειδὴ
376 4654 571 4736 κοσμιωτέρους
587 4646 639 4716 είδε
651 4657 790 4735 γεγονότας
806 4656 853 4716 καὶ
866 4657 926 4716 δεο-

151 4738 244 4816 μίνους
256 4742 383 4820 ἀρεθῆναι
398 4746 444 4814 τῆς
461 4744 616 4824 στρατείας,
635 4743 678 4803 ἀπὶ
693 4744 793 4812 τούτοις
809 4745 858 4824 ίρη
873 4767 926 4824 χα-

151 4834 261 4910 ριεῖσθαι
272 4830 319 4897 τδις
330 4832 486 4900 ἀναπαύλας
496 4836 547 4890 τῶν
556 4829 698 4907 πολίμων,
716 4821 788 4914 ίρ’ᾧ
802 4858 831 4893 τε
845 4832 927 4907 μηθίν

95 4914 123 4953 ³⁰
150 4917 191 4978 ἔτι
209 4927 366 4999 παρακινεῖν
388 4922 496 4994 αύτούς,
513 4921 572 4980 ἀλλ’
586 4923 631 4979 iis
652 4919 730 4979 αὐτὸν
746 4924 781 4987 ὡς
805 4920 928 4999 βούλεται

150 5005 198 5078 τὴν
213 5009 299 5087 ἀρχὴν
313 5011 433 5079 τελέσαι,
451 5011 496 5069 καὶ
517 5010 561 5069 ἐπὶ
582 5013 619 5089 τῷ
632 5008 666 5067 τδι
680 5009 768 5067 δίκαια
785 5009 884 5068 διδόναι
899 5033 929 5070 τε

149 5094 195 5153 καί
210 5096 357 5169 λαμόάνιιν
372 5101 436 5177 παρ’
453 5099 586 5170 ἀλλήλων.

191 5186 268 5249 ΧΙΧ.
293 5187 479 5254 Καταστάντος
505 5186 531 5247 δδ
551 5191 597 5246 τοῦ
621 5186 748 5266 θορύύου,
771 5186 929 5267 δικαστήριά

149 5297 178 5333 τε
192 5276 318 5336 ἀπεδίδου
332 5284 385 5343 τοῖς
399 5276 530 5354 δεομένοις
545 5281 575 5340 ἐκ
588 5278 693 5336 πολλῶν
709 5276 927 5359 παρειλκυσμένα

971 1120 983 1143 ι
995 1100 1064 1151 rictu
1086 1102 1281 1166 periclitabimur
1310 1123 1323 1147 ν
1342 1103 1438 1155 Deinde
1452 1105 1562 1157 salutata
1573 1122 1657 1172 uxore,
1667 1112 1753 1176 jussa·

970 1219 1019 1270 que
1032 1205 1068 1257 rei
1089 1205 1219 1259 familiaris
1237 1223 1323 1260 euram
1339 1223 1435 1275 gerere,
1449 1211 1475 1275 iu
1491 1213 1579 1265 urbem
1595 1215 1650 1268 ivit.
1679 1218 1753 1270 Nulla

906 1360 912 1377 ,
971 1318 1054 1365 eutem
1067 1314 1116 1366 elia
1131 1316 1164 1367 de
1174 1330 1262 1367 caussa
1281 1317 1362 1368 oratio
1379 1332 1435 1370 mee
1450 1320 1501 1371 buo
1514 1327 1553 1373 est
1564 1328 1691 1387 provecte,
1706 1327 1753 1378 nisi

970 1424 1001 1471 ut
1018 1435 1106 1474 omues
1137 1428 1313 1487 cognoscerent
1333 1425 1475 1488 mentiente,
1500 1429 1588 1493 quales
1618 1437 1701 1483 essent
1723 1446 1754 1485 ea

971 1529 1046 1578 astate
1059 1528 1144 1593 popuii
1155 1529 1257 1580 Romani
1267 1530 1391 1596 principes
1404 1548 1410 1582 ι
1428 1534 1557 1585 οἰκειότατα
1569 1535 1696 1600 domines,
1709 1539 1754 1604 qui

973 1631 1026 1681 suis
1040 1631 1156 1683 manibus
1169 1633 1266 1684 rictum
1286 1639 1440 1699 quererent,
1466 1637 1509 1700 qni
1528 1641 1696 1704 temperantes
1717 1657 1755 1695 as·

974 1741 1037 1796 seut,
1055 1753 1100 1790 nec
1115 1739 1209 1802 iustam
1228 1745 1398 1807 paupertatem
1411 1748 1512 1810 grauate
1527 1746 1634 1810 terrent,
1647 1762 1693 1800 nec
1715 1765 1755 1803 re·

973 1841 1037 1906 giam
1051 1846 1202 1907 potestatem
1228 1843 1394 1910 affectarent,
1409 1846 1541 1898 sedetiam
1554 1849 1662 1900 obtutam
1685 1865 1756 1918 repu-

974 1947 1079 2000 diarent.
1112 1951 1154 2004 Sic
1164 1951 1231 2002 enim
1246 1954 1375 2018 apparebit
1387 1957 1479 2005 nostrae
1494 1956 1577 2005 utatis
1591 1954 1704 2008 homines
1724 1973 1756 2013 ue

975 2052 1015 2102 rel
1030 2053 1152 2105 mininam
1161 2056 1262 2120 quidem
1278 2056 1335 2108 iilos
1348 2056 1454 2120 reierre,
1467 2059 1511 2110 sed
1522 2064 1609 2112 contra
1623 2062 1695 2127 ionga
1706 2063 1756 2114 alia

978 2157 1061 2208 studia
1081 2160 1183 2219 sectari,
1196 2164 1287 2225 praeter
1310 2175 1446 2228 perpaucos
1469 2163 1598 2229 quosdam,
1619 2166 1663 2229 qui
1676 2167 1757 2219 adbuc

975 2263 1072 2329 imperii
1086 2267 1189 2318 Romani
1203 2267 1348 2333 dignitatem
1365 2270 1498 2330 sustinent,
1512 2274 1538 2322 et
1551 2272 1689 2337 priscorum
1701 2276 1757 2327 ilio·

975 2384 1032 2421 rum
1045 2371 1129 2423 adhuc
1143 2375 1203 2423 suut
1215 2371 1317 2424 similes.
1348 2374 1397 2425 sed
1406 2374 1438 2427 de
1452 2375 1492 2426 his
1501 2377 1630 2428 hactenns.

1008 2716 1099 2766 xviii.
1117 2715 1244 2777 Quintius,
1266 2715 1328 2766 inito
1349 2717 1510 2783 mamuratu,
1536 2720 1644 2784 primum
1656 2721 1758 2784 quidem

977 2806 1134 2857 tribunorum
1147 2820 1213 2857 nora
1230 2807 1346 2859 instituta
1366 2808 1478 2871 sedadt,
1497 2824 1634 2876 eorumque
1646 2812 1708 2874 legis
1723 2812 1758 2864 ie·

979 2894 1061 2946 rendre
1070 2894 1182 2946 studium
1203 2896 1329 2961 repressit,
1343 2896 1452 2951 minatus
1464 2900 1472 2954 i
1478 2899 1537 2950 nisit
1555 2898 1683 2953 civitatem
1705 2905 1759 2952 tur·

978 2986 1038 3037 bare
1047 2985 1194 3048 desiissent)
1210 3001 1237 3037 se
1248 3001 1335 3038 omnes
1349 2987 1417 3040 ciues
1429 2992 1565 3054 Romanos,
1576 2991 1666 3043 indicta
1686 3006 1760 3058 expe

977 3076 1071 3128 ditione
1084 3082 1170 3127 eontra
1183 3076 1294 3137 volscos,
1308 3091 1339 3128 ex
1354 3080 1417 3131 urbe
1433 3080 1610 3132 abducturum.
1643 3082 1760 3135 Tribunis

980 3183 1040 3221 rero
1051 3168 1196 3234 negantibus
1212 3184 1238 3220 se
1255 3184 1374 3235 parsurm
1388 3170 1501 3224 deiectus
1514 3172 1612 3236 haberi,
1625 3175 1717 3239 populo
1728 3175 1760 3226 ad

978 3261 1121 3312 concionem
1145 3263 1281 3321 corocato,
1302 3260 1367 3312 dixit
1381 3276 1469 3314 omnes
1487 3263 1588 3315 militari
1606 3270 1760 3318 sacramento

979 3365 1035 3404 sese
1047 3350 1218 3413 obstrinxisse,
1242 3363 1293 3415 qno
1313 3352 1488 3415 promiserant,
1515 3354 1566 3404 iore
1583 3357 1613 3405 ut
1632 3369 1767 3420 sequeren-

980 3444 1161 3501 turoousutes,
1179 3442 1213 3493 ad
1233 3455 1389 3508 mesenque
1409 3442 1475 3495 betta
1484 3444 1567 3495 vocati
1583 3445 1698 3508 inissent,
1715 3459 1761 3497 nec

981 3535 1050 3598 sigua
1058 3535 1208 3591 desererent,
1222 3546 1267 3582 nec
1281 3534 1330 3584 uiis
1339 3534 1386 3584 atie
1407 3536 1432 3585 iu
1446 3548 1473 3586 re
1489 3536 1581 3601 populo
1598 3536 1760 3588 adversaren-

981 3631 1032 3678 tur.
1064 3625 1167 3675 Dicebat
1189 3627 1272 3674 sutem
1309 3629 1366 3690 post
1391 3626 1502 3678 deletam
1534 3628 1581 3679 sibi
1595 3629 1761 3688 (consularem

982 3721 1130 3786 potestatem
1143 3730 1171 3766 se
1181 3730 1268 3768 omnes
1279 3731 1310 3768 eo
1323 3722 1479 3771 sacramento
1499 3721 1547 3772 sibi
1569 3721 1701 3773 obstrictos
1714 3723 1762 3773 ba-

981 3812 1049 3863 bere.
1083 3813 1142 3862 iirsc
1154 3812 1260 3872 loeutus,
1278 3811 1428 3876 juratusque
1449 3825 1476 3862 se
1490 3811 1634 3875 exlegibus
1653 3811 1764 3862 animad-

981 3919 1114 3957 versurum
1125 3903 1151 3954 iu
1160 3908 1327 3968 contumaees,
1339 3905 1407 3970 signa
1420 3918 1435 3955 e
1449 3904 1549 3969 templis
1561 3904 1763 3968 pmterrijnssitr

983 4018 996 4043 ι
1011 4000 1088 4062 atque
1102 3996 1202 4062 (iuquit)
1215 4001 1245 4046 ut
1256 4011 1354 4048 omnem
1370 4010 1440 4062 spem
1454 3996 1566 4047 omnium
1576 3995 1763 4048 tribunitierum

983 4111 996 4137 ι
1009 4090 1135 4142 εοιῖοοοιει
1151 4103 1191 4139 me
1206 4087 1309 4138 consule
1320 4087 1460 4152 deponatis,
1473 4086 1609 4139 exercitum
1623 4101 1654 4137 ex
1667 4084 1763 4138 bostioo

984 4205 996 4229 ι
1008 4200 1057 4237 nou
1067 4183 1270 4250 priusreducam,
1281 4193 1359 4247 quam
1373 4183 1454 4232 totum
1464 4179 1513 4231 mei
1526 4180 1687 4244 magistratus
1698 4184 1760 4233 tem·

984 4299 996 4323 «
1009 4293 1057 4344 pus
1070 4280 1103 4331 sit
1123 4283 1244 4330 exactum.
1272 4277 1436 4340 Quapropter,
1457 4279 1486 4325 ut
1500 4274 1627 4325 incastris
1643 4274 1764 4337 hyberna·

983 4393 996 4416 ν
1009 4372 1068 4431 turi,
1084 4385 1125 4422 res
1136 4371 1169 4422 ad
1182 4370 1246 4423 iilud
1259 4372 1359 4434 tempus
1375 4368 1526 4420 necessarias
1542 4372 1635 4432 parato.
1650 4387 1662 4412 ν
1680 4370 1764 4425 Quum

983 4464 1118 4515 autembis
1141 4463 1225 4514 verbis
1246 4475 1290 4513 eos
1312 4461 1461 4523 terruisset,
1481 4462 1613 4525 postquam
1638 4458 1703 4508 vidit
1720 4472 1765 4510 eos

982 4559 1144 4609 modestiores
1167 4556 1254 4620 iactos,
1275 4559 1301 4609 et
1318 4560 1442 4621 rogarem
1453 4553 1501 4605 sibi
1515 4554 1578 4603 hauc
1591 4551 1705 4602 mititiam
1723 4564 1766 4602 rc·

982 4652 1102 4713 mitteret,
1129 4650 1190 4700 dixit
1211 4664 1238 4701 se
1256 4650 1305 4701 bac
1317 4649 1456 4701 conditione
1473 4646 1567 4697 militis
1582 4643 1768 4695 immunitatem

982 4745 1032 4795 iilis
1050 4744 1211 4809 largiturum,
1229 4745 1258 4792 ut
1282 4741 1363 4793 nubas
1383 4741 1471 4792 turbas
1486 4739 1594 4802 amptius
1616 4736 1764 4798 exdtarcnt,

982 4835 1080 4900 sibique
1095 4838 1194 4897 ternpus
1219 4831 1258 4881 sni
1279 4832 1440 4895 magistratus
1467 4828 1591 4880 arbitratu
1613 4812 1661 4876 suo
1680 4824 1765 4875 absol·

983 4946 1043 4982 vera
1054 4929 1245 4996 permitterent,
1262 4931 1288 4979 et
1300 4927 1365 4979 iuter
1383 4941 1411 4979 se
1424 4927 1456 4978 de
1467 4923 1635 4978 controversis
1646 4923 1703 4985 inre
1713 4922 1766 4975 dis·

983 5023 1120 5084 captarent.

1015 5201 1079 5249 xiii.
1098 5199 1190 5251 Sedato
1199 5201 1284 5248 autem
1295 5195 1416 5257 tumultu,
1427 5196 1470 5261 jus
1481 5194 1526 5246 dtu
1535 5191 1705 5246 iutermIssnm
1715 5190 1766 5243 tilis

984 5286 1129 5352 rogantibus
1152 5284 1282 5346 reddebat,
1300 5283 1485 5348 maximamque
1498 5281 1582 5334 tatium
1598 5284 1695 5347 partem
1712 5279 1766 5344 ipse
