3980 5936
240 440 300 499 63a

240 569 349 649 γνώμην
364 573 498 630 ἐποιοῦντο
512 564 739 644 μεταπορεύεσθαι
750 563 797 636 τὴν
815 563 917 646 ἀρχὴν,
932 565 1019 627 δεδιό-

752 432 919 495 DlONYSll
939 433 1317 498 nnLtcneNasseNSIS

1076 575 1116 626 be
1124 575 1228 641 mndem
1239 577 1311 627 tuero
1323 573 1429 641 publicae
1442 573 1542 625 illorum
1560 567 1761 622 consultationes.
1798 566 1865 618 Pri-

241 683 283 727 τες
293 659 331 738 μὴ
345 655 511 738 ταραχώδεις
524 654 593 723 τενίς
607 654 756 734 ἄνθρωποι,
770 654 932 729 τηλικαύτης
948 654 1019 725 iloc-
1067 665 1146 717 vatim
1158 668 1242 717 antem
1255 664 1376 730 primores
1389 667 1489 714 secatus
1502 676 1560 715 earn
1572 664 1745 727 magistratum
1757 661 1862 714 ambire

243 748 302 815 σίας
315 745 474 823 λαθόμενοι,
487 744 568 805 κακόν
583 765 609 803 τι
625 743 694 823 μίγα
710 744 886 824 ἐργάσωνται.
942 742 1021 824 ltpa-
1068 755 1239 810 decreverunt‚
1253 751 1401 803 verltlnesi
1414 752 1527 803 bomlnes
1538 752 1634 817 aliun
1645 751 1785 802 turbulenti
1798 754 1862 801 tau-

241 839 330 910 πητῶς
343 835 371 894 δὲ
383 840 429 894 τοῦ
446 833 531 912 δήμου
545 834 579 894 τὰ
593 831 704 902 δόξαντα
716 856 750 914 τη
767 833 848 914 βουλῇ
863 830 1018 912 διξαμίνου,
1069 850 1120 896 tam
1135 846 1281 908 potestatem
1293 840 1379 905 adepti
1393 840 1505 899 ruissent,
1520 854 1621 905 gravem
1635 840 1744 904 aliquem
1757 842 1862 894 cladem

202 937 216 976 1
242 924 288 983 καί
306 922 373 1002 perd
396 922 522 994 πλείστης
536 919 684 1011 προθυμίας
704 919 929 1002 ἰπιψηρίοαντος,
947 921 1020 982 αὐτοὶ
1069 930 1212 995 reipublice
1232 926 1358 978 ailerrerrt.
1393 930 1477 985 Quum
1496 928 1580 977 autem
1598 926 1670 991 plebs
1689 932 1863 980 οειεειινεοοιιἸ

242 1013 289 1091 μὲν
304 1017 329 1071 oi
352 1011 417 1072 δίκα
437 1010 528 1091 ἄνδρες
550 1018 675 1091 προεῖπον
697 1008 742 1069 τὸν
764 1012 816 1068 τῶν
841 1009 1018 1090 ἀρχαιρεσίων
1070 1021 1164 1071 snitum
1178 1016 1251 1067 tuelle
1266 1014 1458 1079 comprobasset,
1472 1017 1499 1065 et
1507 1014 1621 1091 ρυιείευα
1635 1015 1712 1066 animi
1724 1017 1862 1070 alacritate

242 1102 349 1183 καιρδν,
365 1100 498 1181 μετῄεσαν
514 1098 541 1158 δί
556 1098 605 1170 τὴν
620 1097 705 1180 ἀρχὴν
717 1099 741 1157 οί
755 1098 960 1176 ίντιμόεατοίτε
974 1099 1020 1159 καί
1070 1111 1122 1161 suls
1139 1105 1264 1170 sulltaglle
1281 1104 1308 1155 id
1330 1103 1515 1164 confirmasset,
1534 1103 1672 1156 decemuiri
1690 1105 1755 1157 diem
1774 1108 1861 1158 corni·

240 1188 419 1271 πρεαύύτατυι
444 1193 496 1249 τῶν
512 1188 669 1271 πατρικίων.
712 1185 799 1249 Ἔνθα
823 1188 855 1261 δὴ
870 1186 952 1257 πολύς
967 1189 1019 1251 ὑπὸ
1070 1204 1161 1253 uorum
1179 1195 1324 1247 indixerunt
1343 1211 1350 1243 ε
1368 1190 1553 1243 honoratissimi
1571 1205 1631 1242 vero
1647 1193 1741 1259 quique
1753 1197 1782 1247 et
1793 1199 1860 1247 nam

240 1280 348 1340 πάντων
377 1275 561 1353 ίπαινούμενος
583 1269 615 1347 ἦν
645 1279 726 1349 θεῆς
758 1275 817 1336 τότε
844 1277 1019 1357 δεκαδαρχίας
1070 1288 1172 1343 maximi
1195 1300 1208 1335 c
1233 1282 1346 1349 patribus
1368 1294 1430 1332 εεαιι
1453 1281 1625 1345 magistratum
1649 1282 1783 1346 petierunt.
1819 1285 1860 1336 lbi

190 1388 214 1426 ιο
240 1367 347 1447 ἡγεμὼν
362 1363 488 1445 Ἄππιος,
504 1365 551 1426 καί
567 1374 618 1433 πᾶς
639 1365 809 1443 ύδημοτικδς
827 1363 906 1446 ὄχλος
920 1369 1017 1427 ἐκεῖνον

242 1456 286 1516 ύπί
312 1459 359 1528 τῆς
380 1459 464 1535 ἀρχῆς
483 1452 555 1527 ἠξίου
580 1451 719 1533 κατέχειν,
741 1457 776 1521 ὡς
791 1454 839 1513 οὐκ
854 1453 935 1512 ἄλλον
950 1454 1019 1523 τινὸς

241 1545 347 1623 ἄμεινον
362 1542 539 1622 ἦγησομίνου.
584 1541 619 1601 ‘O
641 1542 667 1601 δὲ
687 1544 839 1602 ἀναίνεσθαι
859 1540 907 1620 μίν
921 1566 1019 1625 προσε-

241 1639 342 1693 ποιεῖτο
367 1629 426 1691 κατ’
441 1631 545 1712 ἀρχὰς,
564 1629 609 1690 καί
625 1631 749 1690 ἀπολύειν
767 1631 845 1690 αύτδν
865 1630 937 1702 ἠξίου
959 1633 1019 1691 λει-

241 1720 363 1805 τουργίας
376 1719 422 1780 καὶ
435 1721 552 1801 ὀχληρός
565 1720 611 1778 καὶ
631 1718 778 1800 ίπιρθόνου.
821 1720 957 1780 Τελευτῶν
971 1718 1017 1799 δὲ,

190 1827 213 1867 ts
240 1812 275 1878 ὣς
294 1810 434 1890 ίλιπάρουν
454 1808 532 1867 αύτδν
553 1807 685 1880 ἅπαντες,
700 1806 777 1874 αὐτός
793 1831 822 1866 τε
841 1808 953 1885 ὑπόμενε
968 1832 1016 1884 με·

239 1898 322 1958 τιέναι
335 1903 383 1969 τὴν
399 1897 499 1979 ύρχὴν,
519 1897 629 1957 καὶτῶν
653 1896 945 1976 συμπαραγγελλόντων
960 1895 1019 1966 rob<

240 1985 360 2066 ἀρίστους
374 1985 580 2062 αἰτιασάμενος,
604 1986 654 2064 ούχ
669 1985 752 2055 ἡδέως
765 1984 828 2065 πρὸς
842 1985 934 2045 ἑαυτὸν
948 1988 1019 2065 ἔχειν

241 2072 284 2133 διδ
300 2073 344 2134 τόν
358 2074 517 2154 φθόνον,εοῖς
532 2076 626 2132 ἑαυτοῦ
639 2071 722 2151 ρίλοις
734 2072 925 2151 συνηγωνίζετο
939 2096 1020 2154 φανε-

240 2167 300 2243 ρῶς.
343 2160 541 2223 Ἀποδείκνυταί
554 2184 582 2220 τε
601 2160 681 2221 πάλιν
704 2162 731 2219 lo
746 2160 927 2241 ἀρχαιρεσίαις
943 2162 1021 2243 λοχί-

187 2267 213 2309 2⁰
239 2275 292 2310 τισι
304 2250 447 2329 νομοθίτης
461 2251 491 2310 τὸ
503 2250 640 2330 δεύτερον·
652 2248 703 2309 olas
719 2249 747 2308 dd
758 2252 830 2328 αὐτῷ
848 2250 957 2318 Κόϊντος
970 2251 1019 2328 μίν

241 2339 387 2418 Φόόιος,ό
401 2339 560 2417 καλούμενος
571 2337 750 2413 oblectante,
761 2342 775 2397 δ
788 2337 844 2418 τρίς
859 2339 1018 2414 ὑπατεύσας,

239 2429 307 2510 ἀνὴρ
332 2426 508 2502 ἀνεπίληπτος
548 2429 584 2497 εἰς
607 2427 666 2489 τόδε
689 2427 784 2508 χρόνου
807 2427 945 2506 γενόμενος
959 2429 1020 2509 περὶ

1075 1371 1169 1436 magnis
1192 1371 1310 1424 laudibus
1329 1371 1492 1425 eburonibus
1514 1372 1667 1424 eiierebatur
1689 1373 1800 1437 Appius,
1813 1375 1863 1439 qui

1075 1464 1136 1510 tuac
1148 1459 1346 1511 decemvirorum
1361 1461 1475 1527 princeps
1491 1461 1574 1512 luerat
1587 1481 1595 1511 ι
1606 1465 1633 1511 et
1648 1463 1701 1512 tota
1718 1461 1862 1525 plebesana

1075 1548 1140 1600 ineo
1154 1550 1299 1615 magistratu
1316 1550 1423 1602 retinere
1446 1550 1554 1607 volebat,
1570 1549 1638 1613 quoe
1658 1549 1744 1601 nullus
1760 1551 1825 1602 alius
1845 1567 1862 1603 a

1075 1641 1130 1690 teto
1153 1641 1256 1704 collegio
1278 1640 1366 1692 rcellus
1389 1653 1417 1691 se
1437 1640 1464 1691 in
1479 1652 1510 1691 eo
1525 1640 1650 1706 gessisset.
1685 1640 1729 1691 llle
1747 1642 1862 1705 primurn

1076 1728 1191 1781 dmnlate
1203 1730 1229 1780 id
1248 1730 1391 1792 recusabat,
1410 1732 1465 1779 eta
1480 1729 1606 1793 nogotlma
1623 1732 1650 1779 et
1664 1728 1790 1781 mridima
1809 1733 1858 1784 rei·

1075 1816 1183 1880 publice
1194 1817 1408 1891 administratione
1431 1830 1458 1869 se
1471 1816 1571 1868 liberari
1590 1816 1698 1880 petebat.
1733 1818 1782 1869 Sed
1800 1823 1860 1871 taa-

1075 1904 1143 1968 dem,
1160 1919 1240 1970 quum
1257 1906 1367 1956 omnium
1385 1904 1502 1969 precibus
1522 1908 1662 1969 rogaretur,
1686 1905 1740 1970 ipse
1758 1922 1861 1972 quoqne

1076 2007 1124 2044 uon
1142 1994 1268 2046 dubitavit
1282 2008 1342 2047 eum
1359 1994 1532 2059 magistratum
1554 1998 1655 2058 petere,
1671 1999 1698 2045 et
1712 1997 1861 2050 criminatus

1075 2085 1268 2148 competitorum
1294 2084 1402 2148 optimos
1418 2096 1540 2148 quosque,
1570 2083 1617 2134 sibi
1638 2097 1691 2148 pras
1705 2084 1799 2138 lurion
1811 2102 1859 2153 pa·

1075 2186 1132 2223 rum
1140 2186 1301 2237 aeqnosesse,
1317 2174 1471 2224 amicis'suis
1486 2176 1572 2238 aperte
1590 2173 1661 2224 lavit.
1696 2177 1782 2241 ltaque
1800 2192 1858 2229 rur·

1075 2275 1119 2311 sus
1133 2261 1280 2311 centuriatis
1298 2262 1407 2313 comitiis
1423 2262 1551 2327 legislator
1569 2265 1671 2313 creatus
1690 2268 1736 2323 est,
1756 2270 1781 2315 et
1794 2279 1855 2317 enm

1074 2362 1105 2400 eo
1116 2350 1146 2406 Q.
1159 2348 1250 2398 Fabius
1266 2348 1419 2411 Vibulanus,
1443 2349 1487 2413 qui
1500 2352 1540 2400 ter
1555 2351 1713 2401 consulatum
1729 2358 1853 2416 gesserat,

1075 2436 1189 2488 viromni
1198 2436 1291 2488 uirtute
1309 2436 1431 2501 preditus
1442 2440 1468 2488 et
1482 2437 1514 2487 ad
1526 2450 1582 2488 earn
1597 2449 1679 2502 usqua
1692 2438 1755 2489 ‹llem
1772 2442 1855 2493 incul-

1075 2531 1164 2592 patus:
1181 2540 1213 2577 ex
1225 2526 1328 2589 reliquia
1340 2539 1398 2576 vero
1419 2525 1540 2592 pattialis,
1556 2539 1620 2590 quos
1634 2527 1678 2578 ille
1688 2541 1758 2580 caros
1774 2528 1857 2583 babes

1076 2615 1127 2677 bat,
1146 2619 1184 2666 Μ.
1208 2614 1353 2678 Gemellae,
1375 2616 1408 2664 n.
1421 2614 1556 2675 Seruilius,
1573 2616 1601 2664 L.
1614 2614 1788 2677 mucciunt.
1805 2624 1858 2670 An-

1075 2704 1166 2764 tonius,
1176 2706 1202 2754 et
1221 2703 1318 2753 Manius
1341 2702 1485 2763 Rabuleius,
1499 2702 1547 2753 rirl
1561 2716 1611 2753 uon
1625 2704 1764 2758 admodum
1774 2689 1857 2761 clari:

1074 2806 1107 2843 ex
1119 2792 1223 2858 plebeiis
1242 2806 1301 2843 rero
1318 2794 1350 2851 Q.
1368 2793 1503 2854 Poetelius,
1522 2794 1594 2844 caeso
1611 2795 1743 2859 Duellius,
1767 2802 1794 2848 et
1813 2802 1856 2863 sp.

1074 2883 1177 2946 oppius.
1189 2883 1241 2932 lios
1252 2881 1318 2931 enirn
1328 2894 1429 2946 qnoque
1443 2882 1537 2947 Appius
1550 2888 1719 2946 assumserat,
1735 2889 1763 2938 ut
1778 2889 1857 2951 maio·

1075 2993 1127 3030 rem
1141 2978 1220 3044 plebis
1230 2980 1336 3044 gratiam
1355 2980 1402 3030 sibi
1415 2980 1564 3042 conciliaret,
1580 2981 1671 3032 docens
1690 2996 1791 3048 aequum
1803 3000 1858 3038 esse

1074 3074 1111 3131 ul,
1123 3083 1200 3133 quum
1212 3069 1441 3133 tancmagistratus
1451 3073 1559 3131 creetur,
1575 3071 1616 3119 cul
1630 3070 1708 3122 totius
1717 3074 1858 3137 reipublicae

1074 3158 1256 3209 administratio
1271 3157 1450 3218 committatur,
1473 3158 1545 3222 plebs
1571 3158 1648 3208 etiarn
1663 3172 1718 3220 esus
1736 3163 1763 3211 lit
1776 3163 1857 3226 parti·

1074 3262 1144 3313 ceps.
1181 3247 1220 3297 0b
1246 3248 1301 3297 liaeo
1329 3247 1404 3312 igitur
1430 3247 1512 3297 omnia
1543 3245 1672 3309 laudatus,
1708 3248 1858 3317 habitusque

1073 3336 1185 3387 omniurn
1200 3350 1287 3401 regum
1300 3341 1324 3388 et
1344 3336 1476 3388 consulum
1490 3337 1614 3402 optimus,
1637 3336 1809 3401 magistratum
1827 3342 1857 3393 in

1073 3426 1212 3489 proximum
1227 3439 1318 3476 amum
1332 3425 1422 3477 iterum
1435 3426 1538 3490 accepit.
1572 3429 1632 3480 ileo
1652 3428 1696 3479 illo
1717 3443 1791 3491 anno,
1805 3429 1857 3483 de·

1073 3516 1188 3567 camviris
1210 3500 1390 3581 rempublicam
1408 3515 1613 3580 gubernantibus,
1634 3522 1704 3584 gesta
1728 3524 1792 3581 suut,
1806 3535 1856 3574 neu

1072 3604 1140 3656 allud
1153 3605 1289 3672 quidquam
1298 3609 1438 3658 memoratu
1452 3607 1557 3670 dignum
1567 3611 1654 3660 aetum
1661 3613 1707 3660 est.

239 2529 329 2580 πᾶσαν
354 2518 469 2599 ἀρετήν·
495 2525 525 2581 ἐκ
542 2520 570 2579 δί
593 2524 647 2580 τῶν
676 2521 763 2578 ἄλλων
789 2518 951 2598 πατρικίυιν,
976 2519 1020 2588 οθς

187 2672 190 2677 ,
240 2611 337 2677 intuo<
358 2611 508 2685 ἠσπάζετο,
531 2609 642 2689 Μάρκος
667 2608 826 2689 Κορνήλιος,
848 2609 894 2668 καί
909 2608 1019 2691 Μάρκος

185 2711 211 2753 aa
241 2699 369 2781 Σίργιος,
380 2698 426 2757 καὶ
437 2697 550 2766 Λεύκιος
561 2698 714 2772 Μηνύκιος,
726 2697 772 2758 καὶ
782 2698 861 2766 Τίτος
870 2697 1019 2776 Ἀντώνιος,

240 2788 402 2855 stulticiam<
425 2786 600 2862 Ῥαθολνθος,
620 2788 712 2865 ἄνδρες
727 2790 756 2848 ού
781 2786 851 2847 πάνυ
870 2790 1018 2868 δπιφανεῖς·

240 2878 271 2936 ta
284 2877 312 2935 δὲ
328 2880 380 2936 τῶν
401 2877 552 2951 δημοτικῶν
575 2874 684 2942 Κόϊντος
701 2874 870 2948 Ποίτίλλιος,
882 2877 928 2935 καὶ
946 2877 1017 2938 Καί-

240 2987 293 3024 σων
307 2963 462 3036 Δουίλλιος,
474 2962 520 3021 καί
531 2962 645 3040 Σπόριος
655 2960 783 3031 Ὄππιος·
794 2964 1017 3043 προσελήφθησαν

238 3054 290 3133 γάρ
314 3050 358 3110 καί
383 3042 454 3108 οὗτοι
485 3048 550 3133 πρδς
574 3054 620 3108 τοῦ
644 3049 753 3110 Ἀππίου
778 3049 917 3118 κολακείας
941 3051 1018 3111 ίνεκα

184 3162 211 3202 ae
238 3145 290 3200 τῶν
304 3141 471 3217 δημοτικῶν,
492 3137 660 3204 διδάσκοντος
681 3137 722 3198 ότι
740 3136 841 3199 δίκαιόν
865 3143 940 3212 ἐστι,
956 3151 1019 3219 μιᾶς

239 3233 324 3310 ἀρχῆς
333 3227 403 3289 κατδι
418 3228 526 3287 πάντων
541 3226 783 3304 όποδτικνυμίνης,
799 3218 869 3287 εἶναί
880 3251 905 3285 ει
915 3229 962 3288 καί
973 3239 1018 3291 τοῦ

238 3319 323 3397 δήμου
339 3317 417 3400 μόρος
429 3319 456 3376 ίν
471 3317 548 3397 αὐτῇ.
591 3316 745 3391 Εόδοκιμῶν
760 3317 783 3375 δ’
800 3319 839 3399 ἐρ’
857 3315 941 3375 δίπασι
956 3319 1018 3376 τού-

236 3429 289 3474 τοις
307 3404 354 3466 καί
369 3407 452 3465 δοκῶν
474 3407 613 3487 κράτιστος
637 3394 704 3463 εἶναι
719 3401 850 3478 βασιλέων
863 3427 893 3462 τε
907 3404 952 3464 καὶ
966 3410 1018 3465 τῶν

237 3496 299 3553 κατ’
311 3493 429 3554 ἐνιαυτὸν
442 3491 621 3571 ἠγησαμίνων
632 3496 679 3565 τῆς
689 3492 799 3566 πόλεως,
810 3492 1017 3572 παραλαμύοίνει

183 3605 210 3645 ta
237 3584 317 3643 πόλιν
334 3583 382 3653 τὴν
397 3582 481 3664 ἀρχὴν
504 3584 539 3649 είς
562 3582 604 3641 τὸν
620 3581 727 3641 ἐπιόντα
749 3585 879 3642 ἐνιαυτόν.
922 3584 1017 3642 Ταῦτα

237 3672 299 3731 κατ’
310 3671 412 3745 ίκιίνην
423 3672 542 3750 ἐπράχθη
551 3668 599 3741 τὴν
609 3670 785 3751 δεκαδαρχίαν
796 3671 847 3729 brad
858 3669 1015 3749 Ῥωμαίων,

238 3761 304 3819 ἄλλο
318 3760 342 3819 δ’
357 3758 430 3819 ούδίν
445 3757 498 3818 ότι
511 3760 556 3818 καί
570 3758 648 3835 λόγου
661 3757 742 3827 ἄξιον.

276 3851 352 3910 LIX.
377 3848 425 3909 Ἐν
440 3845 467 3905 dl
482 3849 519 3926 τῷ
538 3846 649 3904 κατόπιν
665 3848 734 3919 ἔτει,
755 3845 955 3927 παραλαύόντες
968 3849 1016 3919 τὴν

238 3939 368 4009 ὑπατικὴν
396 3935 514 4006 ἐξουσίαν
547 3937 572 3994 οἱ
595 3932 643 3993 σὺν
664 3933 768 4015 Ἀππίῳ
798 3937 925 4017 Κλαυδίῳ
954 3938 1017 3997 δέκα

183 4039 210 4079 ει)
238 4028 329 4105 ἄνδρες
354 4027 430 4093 εἰδοῖς
448 4019 551 4102 μαίοις·
570 4014 633 4102 ἦγον
656 4023 684 4082 δὲ
708 4022 768 4091 τοὺς
788 4028 874 4100 μῆνας
888 4025 957 4084 κατὰ
972 4049 1017 4087 σε-

237 4114 334 4187 λήνην,
354 4116 399 4172 καί
418 4113 576 4174 συνέπιπτεν
591 4113 627 4179 είς
640 4110 687 4177 τθς
700 4112 782 4179 είδοθς
801 4117 818 4182 ἡ
835 4112 1015 4186 πανσέληνος·

1103 3858 1165 3906 bix.
1183 3858 1253 3906 Anno
1263 3858 1379 3921 sequenti
1391 3859 1525 3909 decemviri
1536 3898 1543 3922 ,
1556 3863 1686 3912 nimirum
1698 3866 1760 3928 App.
1774 3863 1856 3914 Glau-

1071 3943 1141 4004 dlus,
1152 3944 1255 4008 ejusque
1279 3945 1388 4009 ccllcgoe,
1402 3951 1504 4012 accepta
1522 3950 1647 4000 consulari
1662 3954 1793 4015 potestate,
1805 3952 1856 4004 ldi-

1071 4033 1119 4083 bus
1130 4033 1201 4084 italis
1215 4034 1322 4098 (menses
1339 4037 1424 4085 autem
1438 4049 1484 4100 pro
1499 4050 1574 4088 cursu
1595 4038 1675 4090 lunari
1687 4044 1749 4091 tuno
1769 4042 1858 4094 ‹bser-

1072 4122 1170 4182 rabaut,
1181 4125 1208 4173 el
1222 4122 1384 4188 plenilunium
1401 4124 1426 4173 in
1438 4124 1505 4187 ipsas
1516 4124 1576 4177 ldns
1589 4127 1733 4191 incidebat),
1747 4130 1857 4194 pemmo

237 4205 330 4283 πρῶτα
343 4202 390 4279 μίν
404 4201 480 4282 ὅρκια
495 4201 617 4277 τεμόντες
631 4199 770 4279 ἀπόρρητα
782 4203 821 4280 τῷ
835 4203 939 4276 πλήθει,
954 4226 1016 4263 συν-
1071 4211 1184 4276 quidem,
1198 4210 1290 4262 loedere
1311 4209 1463 4262 clandestino
1483 4214 1548 4265 iuter
1567 4228 1594 4263 se
1612 4216 1691 4267 inscia
1704 4217 1777 4280 plebe
1788 4218 1855 4281 icto,

237 4291 319 4366 θήκας
343 4291 431 4372 σρίσιν
458 4293 546 4358 αὐτοῖς
569 4290 655 4349 ἔθεντο
675 4290 736 4368 περί
758 4289 867 4367 μηδενός
890 4292 1015 4364 ἀλληλοις
1070 4298 1231 4363 conjurarunt
1242 4296 1339 4360 nequis
1353 4312 1383 4348 ex
1398 4297 1500 4363 collegio
1516 4300 1566 4350 ulla
1590 4301 1615 4350 in
1629 4302 1723 4352 realiis
1737 4303 1857 4356 aduersa·

237 4383 433 4454 ἐναντιοῦσθαι,
455 4380 471 4436 ὅ
492 4402 516 4437 τι
541 4377 568 4436 δὲ
591 4376 622 4437 δν
649 4367 685 4445 εἷς
710 4376 735 4446 ἐξ
756 4382 841 4438 αὐτῶν
865 4380 1013 4464 δικαιώσῃ,
1070 4387 1204 4447 retunsae
1217 4384 1337 4450 qucduni
1351 4399 1438 4437 eorum
1452 4388 1595 4451 placuisset,
1616 4389 1855 4445 idomneslrrrnnm

182 4491 208 4531 as
236 4476 312 4529 τοῦτο
327 4469 441 4535 ἅπαντες
454 4470 576 4544 ἡγεῖσθαι
596 4465 702 4547 κόριον,
717 4468 766 4538 τήν
786 4492 815 4527 τε
835 4466 920 4549 ἀρχὴν
936 4472 1015 4531 καθέ-
1070 4478 1202 4539 ratumque
1214 4474 1348 4537 haberent,
1369 4480 1395 4525 et
1415 4477 1546 4540 imperium
1562 4483 1683 4544 perpetuo
1699 4481 1854 4545 retinerent,

237 4558 287 4628 {m
311 4560 353 4619 διὰ
376 4557 433 4639 βίου
452 4556 498 4615 καὶ
526 4557 627 4634 μηδένα
644 4556 773 4638 παρήσειν
802 4558 890 4636 ἕτερον
914 4561 958 4619 ἐπὶ
980 4563 1013 4621 τὰ
1069 4577 1114 4613 nec
1131 4563 1206 4612 aliurn
1229 4564 1370 4628 quempiam
1392 4565 1424 4615 ad
1446 4566 1589 4630 reipublice
1612 4568 1854 4625 administrationem

235 4650 397 4732 πράγματα,
412 4646 525 4724 ἰσότιμοί
534 4669 563 4706 τε
578 4643 692 4715 ἅπαντες
705 4646 827 4717 ἔσεσθαι,
843 4649 889 4706 καί
905 4646 953 4721 τὴν
967 4653 1014 4710 αύ-
1068 4651 1243 4713 admitterent,
1259 4666 1396 4717 0111111111
1404 4655 1457 4720 ptri
1467 4655 1562 4707 1101111111
1575 4662 1649 4721 atque
1663 4660 1715 4715 lteri
1726 4665 1855 4724 potestate

235 4739 282 4811 τὴν
292 4737 357 4808 ἕξειν
371 4737 540 4811 δυναστείαν,
558 4738 654 4814 βουλῆς
669 4737 716 4812 μίν
731 4736 748 4807 ἢ
762 4736 847 4815 δήμου
859 4738 1013 4819 ψηφίσμασι
1067 4744 1165 4803 assent,
1176 4744 1202 4792 et
1213 4741 1316 4793 nonnisi
1326 4755 1382 4793 raro
1401 4745 1622 4797 senatusconsultis
1633 4784 1640 4807 ,
1652 4755 1697 4798 aut
1706 4749 1853 4813 plebiscitis,

235 4829 352 4897 σπανίοις
372 4826 417 4886 καὶ
436 4829 471 4894 εἰς
493 4824 560 4885 αύτθ
583 4826 733 4904 τάναγκαῖα
756 4827 906 4907 χρώμενοι,
928 4826 962 4885 τά
984 4827 1012 4887 δὲ
1067 4829 1850 4895 1111110113111111111113111111111111θ11111ι111111111111110111111·

181 4943 208 4982 so
234 4919 347 4977 πλεῖστα
360 4918 403 4975 ἐπὶ
417 4921 465 4988 τῆς
484 4918 585 4975 ἑαυτῶν
603 4914 719 4983 ἔξουσίας
734 4921 876 4983 ποιοῦντες.
897 4915 1011 4977 Ἐνστά·
1068 4933 1122 4969 rum
1134 4925 1229 4985 partem
1241 4935 1286 4985 pro
1304 4922 1454 4986 impertiant
1475 4927 1599 4988 potestate
1620 4931 1729 4989 agerent.
1764 4932 1852 4988 Quum

234 5028 282 5079 ,ης
296 5006 322 5065 δὲ
337 5010 384 5077 ,ἧς
395 5007 511 5084 ἡμέρας,
524 5008 552 5064 3,
570 4995 587 5084 ᾗ
601 5007 766 5084 uapularem
784 5006 879 5072 αὐτοὺς
895 5005 948 5064 ἔδει
963 5007 1011 5077 τὴν
1066 5013 1149 5058 antam
1166 5010 1274 5059 venissel
1284 5009 1346 5069 dies,
1358 5024 1408 5073 quc
1419 5011 1592 5077 magistratum
1603 5014 1689 5065 luituri
1700 5021 1782 5077 erant,
1793 5023 1851 5081 post

235 5095 336 5173 ἀρχὴν,
357 5095 410 5161 τοῖς
435 5094 500 5159 θεοῖς
525 5094 701 5172 προθύσαντες
725 5094 741 5152 ἃ
766 5093 859 5169 νόμος·
884 5094 957 5174 lapion
984 5094 1011 5155 δὲ
1066 5104 1166 5163 peracta
1187 5113 1256 5150 saera
1269 5100 1387 5152 solemnia
1404 5103 1457 5166 (bic
1476 5108 1560 5156 autern
1576 5105 1630 5157 dies
1643 5108 1853 5161 Romaniateatus

233 5182 330 5253 ταύτην
345 5182 437 5260 οίγουοι
450 5180 580 5258 Ῥωμαῖοι
595 5179 643 5252 τὴν
658 5181 770 5261 ἡμέραν,
784 5181 830 5239 καὶ
844 5183 942 5250 παντὸς
960 5185 1011 5260 μά·
1063 5189 1270 5247 &wenceslai
1281 5194 1395 5243 maximus
1405 5194 1626 5259 mliqionlhabent,
1636 5193 1852 5260 quidquamiueu

232 5268 310 5325 λιστα
324 5267 473 5326 όττεύονται
489 5267 558 5342 μήτε
575 5269 686 5327 ἀκοῦσαι
707 5266 789 5343 μηδίν
806 5266 884 5337 ἀηδὲς
898 5272 925 5328 ἰν
940 5274 1008 5349 αὐτῇ
1061 5266 1220 5332 injucundum
1234 5280 1279 5329 11111
1292 5280 1394 5344 11111111οι
1409 5284 1454 5333 11111
1467 5284 1551 5336 1111111
1570 5296 1641 5334 1111111
1659 5281 1745 5332 1111111111
1759 5294 1853 5334 1111111θῦ
