4068 5924
485 506 488 511 4
630 431 926 505 ΑΝΤΙΟΗΠΑἸἩΜ
947 432 1094 495 ίίΟΜΑΝ.
1116 436 1191 498 ΗΒ.
1214 439 1264 499 ΙΙΙ.

118 584 132 609 ιι
152 555 236 635 ψασθ
246 555 524 638 ίσ’άιρεληθησόμεθα.
569 564 678 642 Πρῶτον
694 562 741 638 μὲν
757 565 804 622 οθκ
815 566 841 621 iu
855 587 907 643 ρα-

122 674 135 696 ·
153 650 224 725 νερῷ
249 644 435 726 βουλεύσαντες
454 650 615 725 ἀπόστασιν,
639 655 666 711 iv
689 643 711 732 ᾧ
732 651 849 719 κίνδυνος
875 643 907 724 ἦν

121 763 134 785 ι
152 737 218 792 καθ’
236 735 375 817 ίκσίτεροις,
401 737 419 809 ἢ
445 740 648 821 ἀπαρασκεύους
673 741 841 821 ἐπειχθέντας
863 743 908 799 καῖ

123 824 188 900 «τῇ
214 822 300 902 οἰκείᾳ
325 823 434 897 δυνάμει
461 825 528 903 μόνῃ
556 828 747 895 πιστεύσαντας
774 828 817 886 τὸν
841 828 907 908 ὑπὲρ

77 933 91 969 ε
122 941 135 964 ι
153 913 281 972 ἁπάντων
304 917 448 996 ἀναρρῖψαι
474 916 604 989 κύόον,ἢ
627 917 908 998 παρασκευαζομένους

125 1027 141 1055 α
152 1001 200 1059 καῖ
214 1001 335 1081 βοηθείας
352 1004 503 1083 ἀγείροντας
519 1006 571 1066 ύπδ
584 1009 636 1065 τῶν
653 1009 679 1066 tu
694 1011 850 1087 παρασκευῇ
864 1006 908 1065 δν-

119 1113 134 1141 α
151 1113 207 1147 των
234 1093 500 1171 προκαταληφθῆναι,
532 1094 670 1173 οὐδετέρου
691 1098 744 1153 τῶν
778 1098 903 1175 χαλεπῶν

122 1205 137 1231 ι
154 1177 257 1237 τούτοιν
270 1180 435 1260 πειραθέντες
448 1179 479 1241 τδ
497 1180 522 1250 ἐξ
536 1182 691 1265 ἀμροτέρων
704 1181 836 1261 χρήσιμον
854 1181 908 1250 ἕξο-

122 1292 136 1319 ι
155 1288 218 1343 μεν.
265 1265 383 1328 Ἔπειτα
408 1268 510 1339 πολλὴν
538 1270 584 1329 καί
606 1270 802 1346 δυσπολέμητον
827 1259 908 1328 ούσαν

120 1382 134 1406 ι
152 1354 203 1426 τὴν
220 1358 272 1413 τῶν
288 1354 441 1413 ἀντιπάλων
464 1355 539 1436 ἰσχίον
560 1358 605 1416 καὶ
627 1356 710 1436 τύχην
736 1359 784 1416 οὐκ
807 1359 838 1416 ἐκ
861 1363 907 1417 τοῦ

123 1472 137 1497 ι
156 1444 247 1521 βιαίου
261 1442 359 1521 τρόπον
368 1443 548 1523 πειρασόμεθα
560 1449 711 1526 καθαιρεῖν,
725 1447 784 1504 ἀλλ’
800 1436 838 1511 οἶς
852 1445 909 1505 tlt·

120 1558 136 1584 ι
151 1554 246 1590 σκεται
266 1531 355 1590 πάντα
366 1531 400 1589 τά
415 1531 552 1611 ὑπέραυχα
570 1532 616 1593 καῖ
632 1533 669 1611 μθ,
686 1532 762 1615 ῥᾴδια
775 1536 814 1612 τῷ
830 1532 908 1615 βιαίῳ

122 1647 137 1673 ι
152 1624 359 1699 καθαιρεθῆναι,
374 1619 443 1701 θολῳ
465 1622 510 1679 καί
531 1621 636 1699 ἀπάτῃ,
660 1621 720 1680 ούτε
743 1626 844 1701 πρῶτοι
861 1622 909 1701 eip-

123 1738 137 1761 ι
155 1707 248 1777 ξαντες
272 1710 357 1767 αὐτῶν
380 1707 439 1767 οὔτε
463 1709 550 1786 μόνοι.
594 1711 664 1788 Πρὸς
686 1710 713 1769 δὲ
728 1709 842 1782 τούτοις,
860 1711 908 1769 οὐκ

68 1823 94 1859 ιε
122 1796 293 1876 «ἀξιομάχῳ
320 1795 385 1878 οὔσῃ
408 1800 442 1868 τῆ
468 1796 552 1877 οίκείαγ
575 1797 685 1872 δυνάμει
707 1799 772 1877 πρὸς
798 1797 905 1856 ἅπασαν

122 1914 136 1940 ε
153 1886 203 1956 τὴν
223 1885 368 1962 Ῥωμαίων
383 1909 412 1945 τε
433 1884 548 1944 καὶτῶν
570 1886 718 1963 συμμάχων
739 1883 814 1963 ίσχὺν
834 1886 906 1943 ἀντι-

120 2000 134 2027 e
149 1975 280 2051 ταχθῆναι
313 1969 361 2044 τὴν
392 1971 546 2044 Φιδηναίων
580 1994 609 2030 τε
647 1972 693 2032 καί
722 1975 906 2046 Ούίεντανῶν,

120 2090 134 2111 ι
150 2059 283 2130 τοσαύτην
306 2050 387 2120 σύσαν
416 2061 480 2133 ὅσην
501 2063 595 2139 δρᾶτε,
622 2059 838 2140 προσειλήφαμέν
860 2083 905 2135 τε,

123 2177 136 2200 ι
153 2147 201 2206 καῖ
231 2151 267 2214 ὡς
288 2147 318 2206 διν
346 2148 462 2223 μάλιστα
486 2148 578 2228 θάρσος
610 2146 662 2205 τινί
690 2145 845 2227 συμμαχίας
865 2150 907 2226 βε·

65 2262 92 2302 το
121 2266 136 2292 τ
152 2239 231 2298 θεείου
258 2238 288 2296 τὸ
319 2238 485 2318 ἐπικουρικὸν
513 2237 650 2317 παράσχοι
679 2236 904 2314 προσγενόμενον,

121 2358 135 2381 ι
154 2326 226 2389 οὕτω
238 2326 453 2407 παρεσκεύασταί
475 2350 531 2405 μοι.
573 2326 613 2386 Οὔ
627 2324 678 2404 γθρ
693 2328 720 2384 ἀν
740 2324 906 2405 τῇὴμετέρρ

121 2421 185 2496 ιγῇ
207 2418 351 2486 Φιδηναῖοι
373 2415 417 2474 τὸν
440 2415 522 2493 ἀγῶν’
547 2413 692 2494 ἀράμενοι,
711 2416 758 2483 τῆς
778 2411 801 2473 δ’
818 2413 904 2470 αὐτῶν

121 2535 134 2559 ι
154 2502 415 2586 προκινδυνεύοντες,
438 2505 464 2561 έν
489 2507 527 2582 τῷ
544 2504 615 2582 αὐτῷ
638 2502 683 2561 καί
704 2500 752 2573 τὴν
772 2499 904 2579 ἡμετέραν

123 2625 135 2648 ι
152 2594 325 2675 φυλάξουσιν.
376 2591 415 2653 Ὃ
438 2592 465 2652 δί
492 2592 598 2651 πάντων
627 2590 677 2668 μέν
703 2594 774 2650 ἐστιν
798 2588 905 2662 ἥδιστον

78 2704 88 2713 ’
121 2713 136 2735 ι
150 2682 313 2762 ἀνθρώποις,
338 2682 458 2748 σπανίοις
480 2679 510 2740 δέ
533 2704 602 2740 τισιν
624 2683 654 2739 έκ
669 2683 713 2738 τοῦ
732 2676 906 2759 παρελθόντος

122 2802 136 2825 ι
155 2774 250 2836 αἰῶνος
265 2770 408 2849 ἐξεγένετο,
430 2770 475 2827 καί
490 2768 561 2828 τοῦθ’
574 2768 638 2840 ἡμῖν
659 2767 775 2847 ὑπάρξει·
789 2766 906 2846 πάσχον-

120 2890 134 2913 «
150 2885 192 2926 τες
218 2859 269 2918 ὑπὸ
295 2863 347 2918 τῶν
375 2859 525 2937 συμμάχων
548 2850 577 2917 ei
605 2858 669 2938 δρᾶν
693 2858 805 2923 ἐκείνους
833 2855 905 2915 αθτοῖ

121 2975 135 2997 ·
151 2946 272 3023 δόξομεν.
319 2947 370 3007 Καὶ
387 2945 431 3007 έδιν
447 2947 512 3024 ἡμῖν
531 2943 599 3005 κατά
609 2949 669 3004 νοῦν
685 2941 797 3023 χωρήσῃ
809 2941 839 3000 τὸ
853 2940 898 3023 έρ-

124 3063 138 3086 ι
152 3058 218 3113 γον,
234 3034 326 3116 ὥσπερ
342 3035 373 3094 ιδ
388 3034 455 3102 εῖκδς
470 3035 540 3115 ἔχει,
553 3032 695 3105 Φιδηναῖοί
706 3054 735 3090 τε
744 3030 789 3090 καί
806 3030 904 3092 Ούίεν-

67 1373 93 1410 itt

124 3149 139 3175 ι
154 3122 228 3182 τανοί
253 3124 363 3205 βαρείας
384 3122 584 3192 ἀπαλλάξαντες
604 3126 675 3198 ἡμᾶς
699 3123 849 3198 ύπσταγῆς,
870 3123 905 3186 ὡς

124 3239 137 3259 ·
153 3209 198 3289 ὑφ’
212 3216 290 3288 ἡμῶν
319 3215 397 3270 τοῦτο
421 3210 577 3277 πεπονθότες
600 3208 674 3268 αὐτοί
689 3209 768 3289 χάριν
786 3212 850 3284 ἡμῖν
866 3208 904 3267 εί·

123 3323 137 3348 ε
154 3319 256 3359 σονται.
299 3301 394 3359 Ταῦτα
414 3297 462 3375 μίν
483 3300 569 3373 ίστιν,
591 3298 609 3356 δ
628 3297 671 3355 διδ
688 3300 787 3369 πολλῆς
801 3295 905 3376 φροντί-

125 3413 139 3437 a
156 3386 199 3452 δσς
212 3388 468 3461 παρασκευασθέντα
483 3387 563 3447 ίκανθ
577 3379 644 3445 εἶναι
658 3387 730 3446 δοκεῖ
752 3407 797 3461 μοι
811 3384 905 3464 θάρσος

123 3499 136 3524 ι
151 3495 182 3530 τε
211 3473 257 3531 καῖ
275 3473 426 3551 προθυμίαν
452 3478 500 3546 τῆς
528 3475 700 3540 ἀποστάσεως
726 3476 787 3547 ύμῖν
812 3492 904 3547 παρα-

64 3591 91 3631 25
122 3588 137 3615 ι
154 3569 242 3640 σχεῖν.
284 3561 338 3623 Ὃν
353 3562 382 3621 δθ
401 3561 498 3642 τρόπον
514 3563 656 3641 ἐπιχειρεῖν
675 3563 714 3639 τῷ
727 3558 796 3637 ίργιρ
812 3556 904 3635 βεόού-

121 3676 136 3700 ι
152 3650 268 3725 λευμαι,
281 3650 353 3709 ταῦτ’
365 3649 495 3711 ἀκούσατέ
516 3670 576 3727 μου·
591 3646 664 3716 τάξιν
681 3645 729 3724 μίν
745 3642 900 3702 ἀποδέδωκέ

120 3765 135 3789 ι
153 3758 203 3813 μοι
216 3735 320 3804 Τύλλος
335 3737 381 3809 τὴν
404 3739 457 3797 ὑπὸ
477 3742 517 3819 τῷ
531 3739 602 3817 iper,
618 3736 664 3796 καῖ
681 3733 783 3795 κελεύει
807 3755 839 3810 με
855 3735 902 3789 θα-

122 3856 136 3879 «
154 3825 297 3905 τέρουτξιῖν
309 3829 425 3909 κεράτων
438 3828 547 3909 ἄρχειν·
562 3828 625 3886 ὅταν
638 3825 665 3885 δί
674 3826 814 3905 μέλλωμεν
823 3821 904 3899 ὁμόσε

124 3942 137 3966 ι
151 3915 206 3982 τοῖς
225 3916 360 3993 πολεμίοις
385 3926 500 3997 χωρεῖν,
524 3916 595 3996 άρξω
615 3914 662 3992 μίν
684 3916 736 3993 ἐγὼ
761 3911 843 3979 λύσας
885 3934 904 3980 ,ν

125 4030 138 4055 ι
153 4003 228 4072 τάξιν
254 4004 299 4065 έπῖ
318 4005 349 4065 τθ
376 4007 435 4087 ὄρος
462 4006 550 4084 άγειν,
580 4002 768 4074 ἀκολουθήσετε
803 4001 832 4059 δέ
860 4023 904 4078 μοι

124 4119 137 4144 ι
153 4094 228 4169 θμεῖς
243 4094 469 4173 σνντεταγμίνσυς
487 4096 595 4173 ἄγοντες
609 4090 668 4157 τούς
682 4090 783 4170 λόχους.
825 4086 904 4168 ildoi-

127 4211 138 4233 ε
154 4205 231 4257 μενος
248 4182 276 4242 δέ
291 4189 345 4244 τῶν
359 4183 447 4266 άκρων
470 4184 515 4242 καλ
532 4186 559 4243 έν
580 4184 617 4262 τῷ
632 4177 745 4261 ἀσφαλεῖ
768 4176 904 4254 γενόμενος

125 4298 136 4322 ι
153 4272 211 4329 τίνα
228 4274 367 4352 χρήσομαι
386 4273 482 4352 τρόπον
503 4280 557 4336 τοῖς
572 4266 640 4345 μετὰ
663 4270 747 4327 ταῦτα
771 4264 904 4343 πράγμα-

124 4381 138 4409 ι
152 4381 207 4430 σιν,
224 4358 356 4419 ἀκούσατί
374 4380 441 4436 μου·
460 4359 506 4419 tls
529 4357 576 4434 μίν
597 4360 649 4437 δρῶ
673 4352 743 4416 κατὰ
759 4352 869 4430 γνώμην
886 4353 903 4412 θ

71 4474 95 4511 ιε
124 4473 137 4497 ι
151 4446 335 4526 διαλογίζομαι
348 4448 487 4528 χωροῦντά
515 4470 577 4523 μοι,
602 4444 648 4504 καί
664 4445 768 4525 θρασεῖς
787 4440 834 4518 μίν
859 4464 904 4517 γε·

123 4561 136 4586 ·
150 4536 259 4613 γσιότας
273 4535 335 4602 τοὺς
354 4536 514 4612 πολεμίους,
530 4540 565 4603 ὡς
580 4536 653 4607 ἡμῶν
679 4536 766 4597 αὐτοῖς
779 4532 903 4606 συλλαμ-

124 4647 136 4673 r
151 4620 304 4698 θανόντων,
318 4623 455 4692 ταπεινοὺς
466 4622 494 4683 δί
507 4623 554 4683 καί
574 4618 729 4700 περιρόόους
744 4614 903 4691 Ῥωμαίους,

123 4736 136 4761 ε
152 4713 188 4778 ὥς
200 4714 408 4791 προδεδομίνους
427 4715 471 4791 tp’
494 4714 587 4789 ἡμῶν,
611 4713 694 4791 ρυγῆς
715 4730 743 4766 τε
762 4706 863 4783 μᾶλλον
885 4704 902 4775 ἢ

122 4826 136 4852 ι
151 4803 233 4873 ἀλκῆς
247 4800 473 4882 προνοουμένους,
493 4800 558 4880 ὅπερ
581 4800 660 4873 εῖκθς,
677 4794 837 4869 ίπιθήσομαι
851 4792 902 4850 αύ-

72 4928 98 4963 „
125 4914 140 4941 ι
153 4894 207 4955 τοῖς
223 4891 269 4948 καὶ
283 4889 381 4966 μεστδν
392 4889 497 4961 ποιιίσω
508 4889 606 4966 νεκρῶν
619 4886 650 4945 τὸ
661 4885 765 4954 πεδίον,
780 4880 807 4949 ἐξ
821 4883 902 4959 ίιπερ-

124 5006 136 5028 ·
150 4976 234 5047 δεὶίου
253 5002 283 5037 τε
305 4976 405 5038 κατιὼν
425 4976 469 5036 ἐπὶ
487 4978 517 5037 τὸ
541 4974 651 5055 πρανθς,
667 4971 798 5051 θαρρούσῃ
812 4990 840 5026 τι
857 4972 902 5027 καὶ

123 5093 136 5118 ε
151 5065 351 5147 συντεταγμένῃ
377 5064 486 5143 δυνάμει
514 5063 577 5145 πρὸς
595 5058 770 5139 ίπτοημίνους
796 5053 901 5134 ἀνθρώ-

124 5175 214 5222 ·πονς
239 5153 452 5236 προσφερόμενος
469 5153 515 5213 καί
539 5151 683 5230 σποράδας.
726 5145 805 5218 Δεινὴ
830 5146 853 5205 δ’
874 5149 900 5206 δν

965 593 977 615 tt

964 687 976 711 fl

963 783 975 806 tr

964 876 976 900 ί(

963 964 975 988 ί(

963 1055 975 1078 tr

962 1144 974 1168 {i

963 1238 975 1262 ι(

963 1332 976 1358 (ί

963 1431 976 1455 ss

967 1524 979 1549 ί(

963 1618 976 1639 ss

964 1713 976 1738 ί(

963 1806 975 1830 tt

964 1904 976 1926 ίί

964 1992 974 2013 Ι(

963 2082 975 2107 ί(

961 2177 973 2203 fl

960 2271 973 2296 ί(

963 2362 975 2386 n

962 2454 973 2478 u

961 2546 973 2569 ιί

961 2637 973 2661 ί(

960 2735 971 2758 n

960 2831 972 2853 Κ

960 2926 971 2948 ii

959 3024 972 3047 θ(

960 3114 971 3138 lt

959 3210 972 3235 Ι

960 3306 972 3328 ί(

959 3403 971 3427 (ί

959 3498 971 3521 i(

960 3591 972 3613 tt

959 3683 971 3705 (l

958 3774 970 3797 fl

959 3870 970 3893 n

856 3908 888 3968 τί
959 3963 970 3985 ι

959 4054 972 4077 Ι

959 4149 971 4172 θ(

958 4244 970 4267 tt

958 4339 970 4360 Ι

957 4430 969 4453 Ι

1677 450 1736 512 litt

995 575 1102 627 adoriar,
1135 577 1297 630 considerate
1317 592 1402 632 autem
1425 586 1519 645 quanta
1540 589 1669 640 commoda
1682 591 1739 644 inde

993 670 1024 719 ud
1038 684 1083 721 nos
1095 671 1146 721 sint
1161 672 1338 725 redundatura.
1372 675 1482 726 Primum
1496 678 1606 742 quidem,
1623 685 1739 746 quonium

993 778 1040 815 non
1056 770 1141 830 operte
1151 765 1182 817 de
1193 768 1329 820 deiectione
1339 771 1443 821 consilia
1460 772 1585 837 inibimus,
1603 792 1653 842 qua
1672 781 1699 831 iu
1711 795 1740 833 re

994 872 1084 923 anceps
1098 865 1152 910 emt
1166 861 1316 924 periculum.
1331 877 1361 913 ue
1375 868 1420 914 aut
1432 877 1484 928 proe
1498 867 1572 918 nimie
1586 869 1740 924 iestinutlonc

993 947 1105 1011 imparati
1128 951 1154 999 et
1171 949 1230 1000 solis
1254 950 1398 1003 domesticis
1420 954 1498 1017 copiis
1518 957 1574 1008 freti
1590 959 1621 1008 de
1643 975 1741 1012 summa

994 1050 1075 1087 rerum
1101 1039 1179 1090 oleam
1210 1040 1364 1103 laceremus,
1391 1048 1449 1107 eut,
1469 1045 1529 1096 dum
1559 1063 1604 1100 nos
1624 1065 1740 1115 paramus

992 1130 1018 1177 et
1046 1128 1136 1179 arrxiiiu
1165 1130 1344 1192 sollicitamus,
1366 1134 1398 1184 ab
1422 1135 1482 1198 ipsis
1512 1136 1562 1187 iam
1593 1143 1737 1205 preparatis

992 1220 1231 1274 muterertenemur:
1258 1225 1373 1274 neutrum
1394 1225 1482 1277 borum
1503 1230 1667 1293 periculorum
1691 1249 1735 1286 en·

993 1315 1055 1378 perti
1087 1314 1212 1381 utrimque
1244 1319 1402 1369 commodum
1429 1324 1602 1388 percipiemus.
1646 1329 1741 1384 Deinde

992 1426 1052 1463 rem
1065 1414 1266 1465 adversariorum
1283 1415 1348 1467 vires
1359 1430 1459 1480 magnas
1476 1421 1503 1469 et
1516 1433 1586 1483 parre
1597 1420 1699 1475 inrlctm
1715 1431 1741 1477 et

998 1505 1121 1556 fortunam
1144 1521 1194 1557 uon
1224 1492 1326 1564 rl.'sed
1341 1508 1371 1559 iis
1387 1510 1481 1560 artibus
1501 1512 1592 1576 quibus
1612 1517 1742 1579 capiuntur

992 1613 1080 1650 omues
1093 1614 1132 1673 res
1143 1601 1259 1666 superine
1274 1606 1300 1654 et
1319 1616 1376 1666 quac
1397 1617 1445 1653 non
1465 1605 1535 1657 tacite
1549 1608 1739 1673 devertuntur,

994 1692 1112 1744 nimirum
1126 1694 1183 1745 dolo
1194 1699 1220 1746 et
1235 1695 1331 1761 bonde,
1353 1700 1466 1749 evertere
1486 1699 1643 1765 conabimur;
1661 1717 1741 1769 necpre

992 1786 1095 1837 boenes
1106 1787 1179 1852 primi
1194 1790 1239 1838 aut
1260 1788 1307 1839 soli
1319 1788 1447 1840 iaciemus.
1479 1793 1605 1844 Praeterea
1621 1808 1679 1846 cum
1692 1797 1742 1848 do·

993 1882 1105 1932 mesticoe
1125 1886 1217 1933 νοείτω
1231 1884 1309 1949 copie
1320 1898 1368 1936 neu
1391 1885 1426 1936 ita
1438 1887 1487 1939 sint
1499 1887 1588 1952 iirmu,
1600 1895 1628 1943 ut
1645 1896 1741 1947 cunctis

993 1973 1161 2022 Romanorum
1174 1987 1205 2024 ae
1222 1974 1347 2026 socierum
1365 1975 1463 2028 viribus
1475 1979 1594 2043 oppositas
1609 1982 1740 2048 resistunt,

993 2063 1137 2115 Fidenatem
1151 2067 1178 2116 et
1191 2066 1332 2118 Veientium
1345 2070 1428 2119 tantas
1445 2070 1529 2134 copies
1550 2081 1656 2137 quantus
1672 2076 1740 2128 ride·

992 2159 1024 2211 lis
1037 2161 1108 2212 nobis
1130 2162 1304 2225 adiunximus3
1322 2169 1397 2228 atqne
1417 2168 1445 2216 ut
1462 2166 1625 2221 auxiliaribus
1646 2171 1739 2236 copiis,

990 2264 1052 2315 quas
1063 2253 1171 2305 babituri
1186 2267 1287 2317 sumus,
1304 2259 1360 2306 tuto
1382 2256 1458 2309 littere
1471 2260 1607 2322 possimus,
1622 2261 1648 2314 ld
1671 2278 1686 2314 a
1700 2279 1740 2317 me

992 2343 1036 2393 tali
1050 2343 1124 2394 mede
1141 2345 1269 2410 prorsum
1290 2350 1337 2398 est.
1371 2350 1424 2398 tlon
1441 2351 1504 2401 enirn
1531 2353 1555 2401 iu
1578 2359 1663 2406 nostro
1682 2371 1742 2422 agro

991 2434 1121 2488 Fidenates
1138 2442 1196 2488 sunt
1216 2438 1374 2500 dimicaturi,
1392 2440 1436 2490 sed
1449 2455 1494 2504 pro
1507 2458 1553 2492 suo
1572 2446 1739 2508 periclitantes

989 2540 1038 2577 une
1050 2527 1187 2594 eodemque
1208 2531 1317 2594 tempore
1342 2534 1454 2581 nostmm
1476 2546 1576 2597 qrroque
1596 2535 1737 2590 detondent.

991 2619 1063 2677 Quod
1087 2633 1147 2670 vero
1165 2620 1276 2669 omnium
1296 2622 1334 2670 est
1355 2621 1559 2675 iucundissimum
1584 2626 1738 2693 bominibus,

989 2714 1034 2766 scd
1055 2715 1141 2780 paucis
1152 2714 1302 2778 quibusdam
1313 2715 1388 2779 idque
1407 2730 1464 2768 raro
1477 2721 1645 2783 superioribus
1659 2737 1737 2776 saecu·

990 2809 1152 2874 liscontigit,
1172 2810 1285 2861 idulium
1305 2824 1353 2862 uos
1374 2825 1555 2878 consequemur
1571 2814 1738 2869 attenedcium

989 2907 1055 2956 enim
1069 2904 1216 2969 accipientes
1240 2905 1358 2967 ιιειιοῖῖε,
1377 2908 1438 2960 darc
1460 2909 1498 2961 eis
1520 2910 1568 2975 ipsi
1586 2910 1731 2966 ridebimur.

992 3007 1020 3054 Et
1033 3004 1104 3054 sires
1115 3003 1186 3053 nobis
1197 3016 1229 3053 ex
1240 3003 1317 3054 anbni
1332 3007 1456 3057 sententie
1468 3008 1617 3060 successerit
1634 3015 1737 3074 (quem-

988 3093 1121 3146 admodum
1151 3098 1190 3144 est
1216 3094 1362 3157 verisimile)
1392 3096 1523 3148 Fidenates
1553 3102 1579 3150 et
1609 3101 1736 3166 Veientes,

990 3190 1033 3253 qui
1047 3189 1117 3255 gravi
1131 3188 1235 3253 imperio
1252 3203 1298 3239 nos
1311 3189 1486 3253 liberarertnt,
1499 3194 1569 3258 quasi
1583 3194 1632 3246 Ιιοο
1642 3197 1736 3249 benei-

989 3285 1082 3335 ciuma
1101 3284 1173 3335 uobis
1203 3285 1359 3349 acceperint,
1380 3286 1488 3350 gratiam
1508 3287 1580 3339 nobis
1599 3289 1736 3345 bebebunt.

989 3385 1068 3446 Atque
1080 3380 1135 3431 haec
1152 3384 1211 3430 sunt
1228 3394 1286 3445 que
1305 3394 1394 3446 magne
1416 3395 1474 3432 crue
1494 3396 1562 3434 ems
1576 3385 1673 3448 proviso
1686 3386 1738 3438 exi·

990 3477 1065 3528 ntimo
1085 3474 1157 3526 tacite
1171 3487 1244 3538 pesse
1258 3488 1305 3525 νοε
1317 3474 1349 3525 ad
1370 3475 1532 3527 desectionem
1549 3478 1700 3532 confidenter
1711 3488 1738 3533 οι

989 3568 1105 3621 alacriter
1125 3565 1264 3618 tenendam
1292 3567 1426 3632 impellere.
1459 3571 1508 3621 Sed
1523 3584 1572 3634 que
1592 3573 1735 3626 moderent

990 3662 1068 3725 ipsam
1085 3659 1182 3723 aggredi
1201 3659 1342 3718 statuerim,
1358 3670 1424 3709 ame
1435 3659 1546 3722 accipite.
1579 3662 1665 3712 Tullus
1676 3665 1736 3716 milri

988 3752 1122 3817 assignavit
1133 3752 1216 3802 lecum
1226 3752 1258 3802 ad
1269 3749 1361 3801 montis
1375 3748 1479 3811 radices,
1492 3753 1517 3799 et
1527 3763 1568 3800 mc
1578 3752 1650 3802 alteri
1659 3766 1735 3804 cornu

987 3861 1094 3913 praeesse
1110 3846 1191 3897 iussit.
1236 3845 1282 3896 Ubi
1305 3844 1380 3909 igitur
1396 3856 1454 3893 cum
1471 3843 1543 3894 lmste
1556 3844 1736 3909 confligendum

988 3942 1045 4002 erit,
1068 3939 1181 4005 incipiam
1206 3952 1251 4003 ego
1275 3936 1356 3987 soluta
1381 3934 1435 3984 acie
1463 3933 1496 3985 nd
1515 3937 1624 3984 mentem
1648 3947 1735 3986 succe·

987 4032 1061 4093 dero,
1083 4045 1128 4081 νοε
1148 4043 1207 4081 rere
1232 4026 1363 4078 instructis
1384 4022 1513 4075 ordinibus
1534 4034 1575 4072 me
1592 4023 1733 4089 sequimini.

988 4132 1051 4179 cum
1064 4131 1149 4178 autem
1157 4124 1246 4178 monos
1257 4123 1343 4187 iugum
1352 4130 1517 4184 superavero,
1549 4126 1574 4170 m
1586 4122 1643 4170 tute
1656 4120 1734 4183 tuero,

988 4221 1049 4286 quid
1069 4223 1156 4285 postea
1173 4218 1220 4269 sim
1239 4219 1351 4268 tacturus
1372 4229 1402 4265 ex
1418 4227 1458 4264 me
1481 4212 1574 4265 audite.
1606 4214 1633 4264 Si
1650 4214 1735 4266 uidem

987 4330 1019 4367 en
1041 4314 1117 4365 animi
1135 4312 1257 4364 sententia
1280 4309 1341 4360 milri
1364 4306 1497 4358 succedere
1521 4319 1579 4370 ιγιιεε
1599 4306 1694 4372 cogito,
1709 4311 1736 4358 et

988 4409 1072 4459 bestes
1083 4388 1230 4457 audaciores
1249 4403 1327 4453 iactos
1341 4399 1413 4465 quasi
1435 4398 1530 4450 auxilio
1541 4402 1624 4448 nostre
1645 4398 1733 4460 fretos,

958 4522 970 4546 ιι
988 4503 1074 4551 contra
1086 4512 1145 4549 rere
1159 4499 1282 4547 Romanos
1293 4493 1409 4544 demissis
1427 4497 1453 4542 et
1467 4489 1631 4541 consternatis
1646 4487 1735 4538 animas

958 4612 971 4637 ι
987 4590 1059 4655 quusi
1070 4604 1084 4639 a
1095 4588 1165 4639 uobis
1177 4585 1296 4651 proditer,
1309 4588 1337 4633 ut
1345 4596 1388 4647 par
1399 4586 1446 4642 est,
1456 4581 1488 4631 ‹le
1497 4582 1554 4644 iupa
1562 4577 1646 4641 potius
1658 4590 1733 4639 quum

957 4705 970 4730 ι
987 4683 1017 4733 de
1030 4693 1111 4745 pugna
1127 4678 1247 4742 cogitare,
1261 4671 1359 4723 adoriar
1371 4684 1423 4730 eos,
1438 4672 1464 4719 et
1476 4680 1588 4730 campum
1611 4665 1734 4716 cadaveri-

957 4796 969 4820 «
986 4775 1034 4825 bus
1058 4770 1169 4835 replebo,
1183 4766 1214 4817 de
1232 4765 1287 4814 loco
1309 4762 1435 4826 superiore
1454 4759 1480 4808 ln
1496 4755 1601 4807 declivia
1624 4753 1730 4806 descen·

956 4868 1061 4925 «deus,
1081 4866 1107 4914 et
1130 4873 1187 4911 cum
1213 4856 1323 4909 exercitu
1347 4853 1420 4918 pleno
1442 4848 1541 4900 bduciae
1566 4853 1592 4898 et
1615 4847 1678 4898 bene
1691 4847 1731 4897 iu-

956 4979 969 5005 «
987 4960 1082 5009 structo
1100 4955 1126 5004 in
1140 4953 1207 5003 viros
1227 4952 1276 5000 tam
1296 4947 1414 5010 parentes
1428 4945 1454 4992 et
1468 4940 1594 5005 dispersos
1609 4939 1729 5003 mpetum

955 5072 967 5097 ε
985 5049 1085 5101 taciens.
1118 5042 1206 5094 Gravis
1217 5039 1283 5092 enim
1298 5039 1338 5088 est
1352 5048 1382 5086 ac
1400 5030 1577 5098 perniciosam
1596 5029 1667 5081 bellis
1683 5030 1725 5080 rei

957 5167 969 5190 ι
985 5140 1064 5194 inanis
1092 5134 1240 5201 proditionis
1263 5130 1386 5182 sociorum
1410 5127 1451 5177 ret
1476 5137 1598 5175 novorum
1618 5121 1728 5173 bostium
1759 5192 1763 5197 .
1820 5181 1825 5195 Ι

123 5271 136 5292 ·
153 5246 206 5314 τοῖς
226 5243 352 5321 πολέμοις
373 5242 418 5301 καῖ
441 5245 460 5315 ἡ
484 5239 528 5301 διδ
550 5241 626 5311 κενῆς
646 5236 813 5314 ἐμπίπτουσα
834 5256 897 5315 προ-
962 5256 976 5281 a
992 5229 1293 5295 adcommodatumne
1306 5221 1400 5275 ειιὶιιιοε
1412 5220 1519 5271 militum
1531 5211 1726 5281 occupat:mul·
