<?xml version="1.0" encoding="UTF-8"?>
<!DOCTYPE html PUBLIC "-//W3C//DTD XHTML 1.0 Transitional//EN"
    "http://www.w3.org/TR/xhtml1/DTD/xhtml1-transitional.dtd">
<html xmlns="http://www.w3.org/1999/xhtml" xml:lang="en" lang="en">
 <head>
  <title>
</title>
<meta http-equiv="Content-Type" content="text/html;charset=utf-8" />
  <meta name='ocr-system' content='tesseract 3.04.00' />
  <meta name='ocr-capabilities' content='ocr_page ocr_carea ocr_par ocr_line ocrx_word'/>
</head>
<body>
  <div class='ocr_page' id='page_1' title='image "./dionysiihalicar01prougoog/dionysiihalicar01prougoog_0355.png"; bbox 0 0 4052 5926; ppageno 0'>
   <div class='ocr_carea' id='block_1_1' title="bbox 258 430 319 491">
    <p class='ocr_par' dir='ltr' id='par_1_1' title="bbox 258 430 319 491">
     <span class='ocr_line' id='line_1_1' title="bbox 258 430 319 491; baseline -0.016 0"><span class='ocrx_word' id='word_1_1' title='bbox 258 430 319 491; x_wconf 71' lang='lat' dir='ltr'>dii)</span> 
     </span>
    </p>
   </div>
   <div class='ocr_carea' id='block_1_2' title="bbox 258 551 1041 729">
    <p class='ocr_par' dir='ltr' id='par_1_2' title="bbox 258 551 1041 729">
     <span class='ocr_line' id='line_1_2' title="bbox 258 551 1041 637; baseline -0.02 -15"><span class='ocrx_word' id='word_1_2' title='bbox 258 585 313 621; x_wconf 85' lang='grc' dir='ltr'>κων</span> <span class='ocrx_word' id='word_1_3' title='bbox 329 563 382 619; x_wconf 77' lang='grc' dir='ltr'>τῶν</span> <span class='ocrx_word' id='word_1_4' title='bbox 401 560 571 633; x_wconf 80' lang='grc' dir='ltr'>καλουμένων</span> <span class='ocrx_word' id='word_1_5' title='bbox 594 556 764 637; x_wconf 78' lang='grc' dir='ltr'>Ἐχετρανῶν</span> <span class='ocrx_word' id='word_1_6' title='bbox 780 552 886 635; x_wconf 86' lang='grc' dir='ltr'>χώραν,</span> <span class='ocrx_word' id='word_1_7' title='bbox 913 551 947 624; x_wconf 75' lang='grc' dir='ltr'>ἣν</span> <span class='ocrx_word' id='word_1_8' title='bbox 972 552 1041 631; x_wconf 86' lang='grc' dir='ltr'>σἰφε·</span> 
     </span>
     <span class='ocr_line' id='line_1_3' title="bbox 259 641 1038 729; baseline -0.021 -17"><span class='ocrx_word' id='word_1_9' title='bbox 259 651 367 729; x_wconf 89' lang='grc' dir='ltr'>λόμινοι</span> <span class='ocrx_word' id='word_1_10' title='bbox 392 646 451 714; x_wconf 86' lang='grc' dir='ltr'>τοῦς</span> <span class='ocrx_word' id='word_1_11' title='bbox 474 646 650 726; x_wconf 79' lang='grc' dir='ltr'>Ἐχετρανοὺς</span> <span class='ocrx_word' id='word_1_12' title='bbox 672 645 802 721; x_wconf 85' lang='grc' dir='ltr'>Ῥωμαῖοι</span> <span class='ocrx_word' id='word_1_13' title='bbox 821 641 978 722; x_wconf 77' lang='grc' dir='ltr'>κληρούχοις</span> <span class='ocrx_word' id='word_1_14' title='bbox 1004 642 1038 706; x_wconf 83' lang='grc' dir='ltr'>εἰς</span> 
     </span>
    </p>
   </div>
   <div class='ocr_carea' id='block_1_3' title="bbox 200 730 1044 5167">
    <p class='ocr_par' dir='ltr' id='par_1_3' title="bbox 259 730 1038 908">
     <span class='ocr_line' id='line_1_4' title="bbox 260 730 1038 819; baseline -0.013 -22"><span class='ocrx_word' id='word_1_15' title='bbox 260 736 379 819; x_wconf 81' lang='grc' dir='ltr'>φυλακὴν</span> <span class='ocrx_word' id='word_1_16' title='bbox 390 741 436 795; x_wconf 90' lang='grc' dir='ltr'>τοῦ</span> <span class='ocrx_word' id='word_1_17' title='bbox 448 734 535 803; x_wconf 79' lang='grc' dir='ltr'>ἔθνους</span> <span class='ocrx_word' id='word_1_18' title='bbox 548 738 721 816; x_wconf 76' lang='grc' dir='ltr'>ἐκπεμφθεῖσι</span> <span class='ocrx_word' id='word_1_19' title='bbox 730 733 872 809; x_wconf 82' lang='grc' dir='ltr'>διένειμαν,</span> <span class='ocrx_word' id='word_1_20' title='bbox 886 730 1038 791; x_wconf 81' lang='grc' dir='ltr'>ἀποδιδόναι</span> 
     </span>
     <span class='ocr_line' id='line_1_5' title="bbox 259 816 1037 908; baseline -0.013 -20"><span class='ocrx_word' id='word_1_21' title='bbox 259 827 341 908; x_wconf 86' lang='grc' dir='ltr'>σφίσι,</span> <span class='ocrx_word' id='word_1_22' title='bbox 353 824 456 907; x_wconf 66' lang='grc' dir='ltr'>καλμὴν</span> <span class='ocrx_word' id='word_1_23' title='bbox 468 822 582 905; x_wconf 75' lang='grc' dir='ltr'>φρουράν</span> <span class='ocrx_word' id='word_1_24' title='bbox 593 827 741 903; x_wconf 73' lang='grc' dir='ltr'>ἀπαγαγεῖν</span> <span class='ocrx_word' id='word_1_25' title='bbox 750 823 777 891; x_wconf 82' lang='grc' dir='ltr'>ἐξ</span> <span class='ocrx_word' id='word_1_26' title='bbox 792 824 888 892; x_wconf 79' lang='grc' dir='ltr'>αὐτῆς·</span> <span class='ocrx_word' id='word_1_27' title='bbox 904 819 948 880; x_wconf 79' lang='lat' dir='ltr'>tto</span> <span class='ocrx_word' id='word_1_28' title='bbox 961 818 988 879; x_wconf 88' lang='grc' dir='ltr'>δί</span> <span class='ocrx_word' id='word_1_29' title='bbox 1000 816 1037 895; x_wconf 84' lang='grc' dir='ltr'>μὴ</span> 
     </span>
    </p>

    <p class='ocr_par' dir='ltr' id='par_1_4' title="bbox 219 907 1044 1259">
     <span class='ocr_line' id='line_1_6' title="bbox 219 907 1038 993; baseline -0.013 -17"><span class='ocrx_word' id='word_1_30' title='bbox 219 948 232 987; x_wconf 74' lang='grc' dir='ltr'>ς</span> <span class='ocrx_word' id='word_1_31' title='bbox 260 914 422 988; x_wconf 87' lang='grc' dir='ltr'>ποιὴσιοσιν,</span> <span class='ocrx_word' id='word_1_32' title='bbox 453 912 605 993; x_wconf 75' lang='grc' dir='ltr'>Ἀρούγκους</span> <span class='ocrx_word' id='word_1_33' title='bbox 625 911 735 986; x_wconf 77' lang='grc' dir='ltr'>ἥξοντας</span> <span class='ocrx_word' id='word_1_34' title='bbox 760 911 805 970; x_wconf 86' lang='grc' dir='ltr'>ἐπὶ</span> <span class='ocrx_word' id='word_1_35' title='bbox 830 908 878 982; x_wconf 81' lang='grc' dir='ltr'>τὴν</span> <span class='ocrx_word' id='word_1_36' title='bbox 895 907 1038 987; x_wconf 64' lang='grc' dir='ltr'>Ῥωμαίων</span> 
     </span>
     <span class='ocr_line' id='line_1_7' title="bbox 260 998 1041 1082; baseline -0.006 -23"><span class='ocrx_word' id='word_1_37' title='bbox 260 998 349 1078; x_wconf 79' lang='grc' dir='ltr'>ὀλίγον</span> <span class='ocrx_word' id='word_1_38' title='bbox 370 999 479 1081; x_wconf 89' lang='grc' dir='ltr'>χρόνου,</span> <span class='ocrx_word' id='word_1_39' title='bbox 496 1001 542 1057; x_wconf 85' lang='grc' dir='ltr'>καὶ</span> <span class='ocrx_word' id='word_1_40' title='bbox 567 1000 641 1069; x_wconf 82' lang='grc' dir='ltr'>δίκας</span> <span class='ocrx_word' id='word_1_41' title='bbox 655 999 820 1082; x_wconf 78' lang='grc' dir='ltr'>ληψομένους</span> <span class='ocrx_word' id='word_1_42' title='bbox 838 999 906 1058; x_wconf 83' lang='grc' dir='ltr'>ὅσων</span> <span class='ocrx_word' id='word_1_43' title='bbox 919 998 1041 1071; x_wconf 76' lang='grc' dir='ltr'>διέθηκαν</span> 
     </span>
     <span class='ocr_line' id='line_1_8' title="bbox 261 1087 1044 1169; baseline -0.009 -18"><span class='ocrx_word' id='word_1_44' title='bbox 261 1088 321 1157; x_wconf 85' lang='grc' dir='ltr'>τοῦς</span> <span class='ocrx_word' id='word_1_45' title='bbox 343 1087 452 1168; x_wconf 86' lang='grc' dir='ltr'>δμόρους</span> <span class='ocrx_word' id='word_1_46' title='bbox 468 1093 557 1148; x_wconf 82' lang='grc' dir='ltr'>κακῶν</span> <span class='ocrx_word' id='word_1_47' title='bbox 574 1091 742 1169; x_wconf 48' lang='grc' dir='ltr'>ἐκδέχεσθαι,</span> <span class='ocrx_word' id='word_1_48' title='bbox 760 1089 894 1164; x_wconf 78' lang='grc' dir='ltr'>Ῥωμαῖοι</span> <span class='ocrx_word' id='word_1_49' title='bbox 914 1087 941 1145; x_wconf 86' lang='grc' dir='ltr'>δὲ</span> <span class='ocrx_word' id='word_1_50' title='bbox 956 1087 1044 1152; x_wconf 80' lang='grc' dir='ltr'>αὐτοῖς</span> 
     </span>
     <span class='ocr_line' id='line_1_9' title="bbox 259 1166 1036 1259; baseline -0.014 -16"><span class='ocrx_word' id='word_1_51' title='bbox 259 1182 318 1244; x_wconf 82' lang='grc' dir='ltr'>τάδ’</span> <span class='ocrx_word' id='word_1_52' title='bbox 340 1179 528 1259; x_wconf 80' lang='grc' dir='ltr'>ἀπεκρίναντο·</span> <span class='ocrx_word' id='word_1_53' title='bbox 570 1206 583 1232; x_wconf 75' lang='grc' dir='ltr'>ι</span> <span class='ocrx_word' id='word_1_54' title='bbox 608 1176 819 1257; x_wconf 82' lang='grc' dir='ltr'>Ἄπαγγέλλετε,</span> <span class='ocrx_word' id='word_1_55' title='bbox 849 1166 872 1233; x_wconf 76' lang='grc' dir='ltr'><em>ὦ</em></span> <span class='ocrx_word' id='word_1_56' title='bbox 897 1174 1036 1255; x_wconf 80' lang='grc' dir='ltr'>πρέαύεις,</span> 
     </span>
    </p>

    <p class='ocr_par' dir='ltr' id='par_1_5' title="bbox 262 1263 1037 1350">
     <span class='ocr_line' id='line_1_10' title="bbox 262 1263 1037 1350; baseline -0.006 -23"><span class='ocrx_word' id='word_1_57' title='bbox 262 1295 278 1327; x_wconf 89' lang='grc' dir='ltr'>ιι</span> <span class='ocrx_word' id='word_1_58' title='bbox 294 1271 456 1350; x_wconf 77' lang='grc' dir='ltr'>Ἀρούγκοις,</span> <span class='ocrx_word' id='word_1_59' title='bbox 472 1266 512 1327; x_wconf 85' lang='grc' dir='ltr'>ότι</span> <span class='ocrx_word' id='word_1_60' title='bbox 527 1268 603 1344; x_wconf 89' lang='grc' dir='ltr'>ἡμεῖς</span> <span class='ocrx_word' id='word_1_61' title='bbox 622 1269 646 1326; x_wconf 79' lang='grc' dir='ltr'>οἱ</span> <span class='ocrx_word' id='word_1_62' title='bbox 659 1265 792 1343; x_wconf 82' lang='grc' dir='ltr'>Ῥωμαῖοι</span> <span class='ocrx_word' id='word_1_63' title='bbox 808 1267 964 1340; x_wconf 82' lang='grc' dir='ltr'>δικαιοῦμεν</span> <span class='ocrx_word' id='word_1_64' title='bbox 987 1263 1037 1324; x_wconf 80' lang='grc' dir='ltr'>ὅσα</span> 
     </span>
    </p>

    <p class='ocr_par' dir='ltr' id='par_1_6' title="bbox 206 1354 1037 1526">
     <span class='ocr_line' id='line_1_11' title="bbox 206 1354 1037 1437; baseline -0.011 -18"><span class='ocrx_word' id='word_1_65' title='bbox 206 1390 231 1428; x_wconf 75' lang='grc' dir='ltr'>ιο</span> <span class='ocrx_word' id='word_1_66' title='bbox 263 1385 276 1411; x_wconf 75' lang='grc' dir='ltr'>ι</span> <span class='ocrx_word' id='word_1_67' title='bbox 293 1362 388 1418; x_wconf 73' lang='grc' dir='ltr'>κτᾶταί</span> <span class='ocrx_word' id='word_1_68' title='bbox 400 1382 440 1423; x_wconf 86' lang='grc' dir='ltr'>τις</span> <span class='ocrx_word' id='word_1_69' title='bbox 451 1359 531 1437; x_wconf 73' lang='grc' dir='ltr'>ἀρετῇ</span> <span class='ocrx_word' id='word_1_70' title='bbox 541 1355 682 1433; x_wconf 90' lang='grc' dir='ltr'>πολεμίους</span> <span class='ocrx_word' id='word_1_71' title='bbox 694 1354 869 1435; x_wconf 72' lang='grc' dir='ltr'>ἀφελόμενος,</span> <span class='ocrx_word' id='word_1_72' title='bbox 884 1361 968 1415; x_wconf 84' lang='grc' dir='ltr'>ταῦτα</span> <span class='ocrx_word' id='word_1_73' title='bbox 983 1360 1037 1420; x_wconf 88' lang='grc' dir='ltr'>ταῖς</span> 
     </span>
     <span class='ocr_line' id='line_1_12' title="bbox 261 1441 1036 1526; baseline -0.01 -20"><span class='ocrx_word' id='word_1_74' title='bbox 261 1475 274 1501; x_wconf 77' lang='grc' dir='ltr'>ι</span> <span class='ocrx_word' id='word_1_75' title='bbox 292 1446 406 1526; x_wconf 77' lang='grc' dir='ltr'>ἐγγόνοις</span> <span class='ocrx_word' id='word_1_76' title='bbox 415 1448 451 1514; x_wconf 84' lang='grc' dir='ltr'>ώς</span> <span class='ocrx_word' id='word_1_77' title='bbox 462 1448 546 1505; x_wconf 80' lang='grc' dir='ltr'>οἰκεῖοι</span> <span class='ocrx_word' id='word_1_78' title='bbox 560 1443 744 1523; x_wconf 84' lang='grc' dir='ltr'>παραδιδόναι,</span> <span class='ocrx_word' id='word_1_79' title='bbox 755 1443 872 1521; x_wconf 87' lang='grc' dir='ltr'>πόλεμον</span> <span class='ocrx_word' id='word_1_80' title='bbox 888 1442 915 1501; x_wconf 87' lang='grc' dir='ltr'>δέ</span> <span class='ocrx_word' id='word_1_81' title='bbox 926 1443 956 1501; x_wconf 88' lang='grc' dir='ltr'>ού</span> <span class='ocrx_word' id='word_1_82' title='bbox 968 1441 1036 1501; x_wconf 85' lang='grc' dir='ltr'>δέδι·</span> 
     </span>
    </p>

    <p class='ocr_par' dir='ltr' id='par_1_7' title="bbox 261 1529 1036 1614">
     <span class='ocr_line' id='line_1_13' title="bbox 261 1529 1036 1614; baseline -0.01 -19"><span class='ocrx_word' id='word_1_83' title='bbox 261 1564 275 1595; x_wconf 75' lang='grc' dir='ltr'>ε</span> <span class='ocrx_word' id='word_1_84' title='bbox 292 1559 340 1614; x_wconf 94' lang='grc' dir='ltr'>μεν</span> <span class='ocrx_word' id='word_1_85' title='bbox 349 1535 393 1595; x_wconf 83' lang='grc' dir='ltr'>τὸν</span> <span class='ocrx_word' id='word_1_86' title='bbox 403 1537 455 1593; x_wconf 79' lang='grc' dir='ltr'>τῶν</span> <span class='ocrx_word' id='word_1_87' title='bbox 467 1533 625 1611; x_wconf 80' lang='grc' dir='ltr'>Ἀρούγκων,</span> <span class='ocrx_word' id='word_1_88' title='bbox 637 1531 696 1591; x_wconf 88' lang='grc' dir='ltr'>ούτε</span> <span class='ocrx_word' id='word_1_89' title='bbox 703 1533 808 1610; x_wconf 79' lang='grc' dir='ltr'>πρῶτον</span> <span class='ocrx_word' id='word_1_90' title='bbox 818 1529 879 1590; x_wconf 90' lang='grc' dir='ltr'>ούτε</span> <span class='ocrx_word' id='word_1_91' title='bbox 889 1530 1036 1589; x_wconf 86' lang='grc' dir='ltr'>δεινότατον</span> 
     </span>
    </p>

    <p class='ocr_par' dir='ltr' id='par_1_8' title="bbox 262 1618 1037 1701">
     <span class='ocr_line' id='line_1_14' title="bbox 262 1618 1037 1701; baseline -0.003 -21"><span class='ocrx_word' id='word_1_92' title='bbox 262 1654 275 1680; x_wconf 75' lang='grc' dir='ltr'>ι</span> <span class='ocrx_word' id='word_1_93' title='bbox 291 1624 425 1700; x_wconf 83' lang='grc' dir='ltr'>ἐσόμενον·</span> <span class='ocrx_word' id='word_1_94' title='bbox 440 1623 501 1681; x_wconf 72' lang='grc' dir='ltr'>ἀλλ’</span> <span class='ocrx_word' id='word_1_95' title='bbox 516 1625 543 1682; x_wconf 89' lang='grc' dir='ltr'>ἐν</span> <span class='ocrx_word' id='word_1_96' title='bbox 556 1620 608 1681; x_wconf 76' lang='lat' dir='ltr'>iou</span> <span class='ocrx_word' id='word_1_97' title='bbox 619 1621 683 1697; x_wconf 84' lang='grc' dir='ltr'>ἡμῖν</span> <span class='ocrx_word' id='word_1_98' title='bbox 697 1620 812 1700; x_wconf 82' lang='grc' dir='ltr'>ἑνπάρχει</span> <span class='ocrx_word' id='word_1_99' title='bbox 822 1628 890 1678; x_wconf 73' lang='grc' dir='ltr'>πᾶσι</span> <span class='ocrx_word' id='word_1_100' title='bbox 901 1618 1037 1701; x_wconf 87' lang='grc' dir='ltr'>μάχεσθαι</span> 
     </span>
    </p>

    <p class='ocr_par' dir='ltr' id='par_1_9' title="bbox 262 1707 1036 1793">
     <span class='ocr_line' id='line_1_15' title="bbox 262 1707 1036 1793; baseline -0.001 -25"><span class='ocrx_word' id='word_1_101' title='bbox 262 1740 275 1768; x_wconf 80' lang='grc' dir='ltr'>α</span> <span class='ocrx_word' id='word_1_102' title='bbox 291 1711 406 1793; x_wconf 82' lang='grc' dir='ltr'>περίτῆς</span> <span class='ocrx_word' id='word_1_103' title='bbox 420 1710 561 1788; x_wconf 79' lang='grc' dir='ltr'>ἡγεμονίας</span> <span class='ocrx_word' id='word_1_104' title='bbox 571 1710 616 1769; x_wconf 85' lang='grc' dir='ltr'>καί</span> <span class='ocrx_word' id='word_1_105' title='bbox 626 1713 731 1790; x_wconf 76' lang='grc' dir='ltr'>ἀρετῆς,</span> <span class='ocrx_word' id='word_1_106' title='bbox 744 1712 771 1769; x_wconf 87' lang='grc' dir='ltr'>ἐν</span> <span class='ocrx_word' id='word_1_107' title='bbox 783 1710 928 1788; x_wconf 80' lang='grc' dir='ltr'>ἄγωνισμῷ</span> <span class='ocrx_word' id='word_1_108' title='bbox 938 1709 963 1766; x_wconf 86' lang='grc' dir='ltr'>τ’</span> <span class='ocrx_word' id='word_1_109' title='bbox 978 1707 1036 1767; x_wconf 82' lang='grc' dir='ltr'>ἐσό-</span> 
     </span>
    </p>

    <p class='ocr_par' dir='ltr' id='par_1_10' title="bbox 206 1797 1036 2054">
     <span class='ocr_line' id='line_1_16' title="bbox 206 1797 1035 1881; baseline -0.008 -21"><span class='ocrx_word' id='word_1_110' title='bbox 206 1836 230 1873; x_wconf 70' lang='lat'>15</span> <span class='ocrx_word' id='word_1_111' title='bbox 261 1825 276 1860; x_wconf 88' lang='grc' dir='ltr'>ιι</span> <span class='ocrx_word' id='word_1_112' title='bbox 294 1825 372 1881; x_wconf 85' lang='grc' dir='ltr'>μενον</span> <span class='ocrx_word' id='word_1_113' title='bbox 390 1804 500 1879; x_wconf 82' lang='grc' dir='ltr'>δρῶντες</span> <span class='ocrx_word' id='word_1_114' title='bbox 515 1799 612 1875; x_wconf 77' lang='grc' dir='ltr'>αὐτὸν,</span> <span class='ocrx_word' id='word_1_115' title='bbox 633 1797 846 1871; x_wconf 69' lang='grc' dir='ltr'>ἀκαταπλήκτως</span> <span class='ocrx_word' id='word_1_116' title='bbox 868 1797 1035 1875; x_wconf 80' lang='grc' dir='ltr'>δεξόμεθα.»</span> 
     </span>
     <span class='ocr_line' id='line_1_17' title="bbox 258 1887 1036 1971; baseline -0.009 -17"><span class='ocrx_word' id='word_1_117' title='bbox 258 1893 336 1954; x_wconf 77' lang='lat' dir='ltr'>Meris</span> <span class='ocrx_word' id='word_1_118' title='bbox 346 1891 420 1950; x_wconf 83' lang='grc' dir='ltr'>ταῦτ’</span> <span class='ocrx_word' id='word_1_119' title='bbox 429 1890 566 1971; x_wconf 76' lang='grc' dir='ltr'>Ἀροῦγκοί</span> <span class='ocrx_word' id='word_1_120' title='bbox 579 1913 607 1948; x_wconf 94' lang='grc' dir='ltr'>τε</span> <span class='ocrx_word' id='word_1_121' title='bbox 617 1892 704 1969; x_wconf 81' lang='grc' dir='ltr'>πολλῇ</span> <span class='ocrx_word' id='word_1_122' title='bbox 714 1897 827 1969; x_wconf 69' lang='grc' dir='ltr'>στρατιᾷ</span> <span class='ocrx_word' id='word_1_123' title='bbox 837 1887 993 1969; x_wconf 81' lang='grc' dir='ltr'>ὁρμηθέντες</span> <span class='ocrx_word' id='word_1_124' title='bbox 1006 1890 1036 1947; x_wconf 88' lang='grc' dir='ltr'>ἐκ</span> 
     </span>
     <span class='ocr_line' id='line_1_18' title="bbox 257 1972 1035 2054; baseline -0.009 -16"><span class='ocrx_word' id='word_1_125' title='bbox 257 1984 305 2052; x_wconf 80' lang='grc' dir='ltr'>τῆς</span> <span class='ocrx_word' id='word_1_126' title='bbox 318 1981 433 2049; x_wconf 82' lang='grc' dir='ltr'>ἑαυτῶν,</span> <span class='ocrx_word' id='word_1_127' title='bbox 444 1975 491 2036; x_wconf 82' lang='grc' dir='ltr'>καί</span> <span class='ocrx_word' id='word_1_128' title='bbox 505 1975 637 2052; x_wconf 85' lang='grc' dir='ltr'>Ῥωμαῖοι</span> <span class='ocrx_word' id='word_1_129' title='bbox 650 1974 698 2043; x_wconf 86' lang='grc' dir='ltr'>τθις</span> <span class='ocrx_word' id='word_1_130' title='bbox 711 1973 808 2042; x_wconf 73' lang='grc' dir='ltr'>οἰκείας</span> <span class='ocrx_word' id='word_1_131' title='bbox 823 1972 946 2049; x_wconf 85' lang='grc' dir='ltr'>δυνάμεις</span> <span class='ocrx_word' id='word_1_132' title='bbox 958 1973 1035 2054; x_wconf 79' lang='grc' dir='ltr'>ἔχον·</span> 
     </span>
    </p>

    <p class='ocr_par' dir='ltr' id='par_1_11' title="bbox 256 2062 1036 2237">
     <span class='ocr_line' id='line_1_19' title="bbox 257 2062 1035 2149; baseline -0.01 -22"><span class='ocrx_word' id='word_1_133' title='bbox 257 2090 298 2134; x_wconf 88' lang='grc' dir='ltr'>τες</span> <span class='ocrx_word' id='word_1_134' title='bbox 320 2065 465 2145; x_wconf 80' lang='grc' dir='ltr'>ἡγουμένου</span> <span class='ocrx_word' id='word_1_135' title='bbox 481 2064 657 2149; x_wconf 62' lang='grc' dir='ltr'>Σερουϊλίου,1</span> <span class='ocrx_word' id='word_1_136' title='bbox 668 2062 889 2142; x_wconf 79' lang='grc' dir='ltr'>συντυγχάνουσιν</span> <span class='ocrx_word' id='word_1_137' title='bbox 911 2062 1035 2135; x_wconf 78' lang='grc' dir='ltr'>ἀλλήλοις</span> 
     </span>
     <span class='ocr_line' id='line_1_20' title="bbox 256 2151 1036 2237; baseline -0.006 -22"><span class='ocrx_word' id='word_1_138' title='bbox 256 2159 339 2237; x_wconf 74' lang='grc' dir='ltr'>ἀγχοῦ</span> <span class='ocrx_word' id='word_1_139' title='bbox 349 2153 713 2234; x_wconf 79' lang='grc' dir='ltr'>πόλεωςἏρικείας,ἡδιέχει</span> <span class='ocrx_word' id='word_1_140' title='bbox 722 2151 843 2218; x_wconf 87' lang='grc' dir='ltr'>σταδίους</span> <span class='ocrx_word' id='word_1_141' title='bbox 852 2151 945 2213; x_wconf 82' lang='grc' dir='ltr'>ἑκατὸν</span> <span class='ocrx_word' id='word_1_142' title='bbox 953 2153 1036 2212; x_wconf 89' lang='grc' dir='ltr'>είκοσι</span> 
     </span>
    </p>

    <p class='ocr_par' dir='ltr' id='par_1_12' title="bbox 203 2240 1035 2678">
     <span class='ocr_line' id='line_1_21' title="bbox 203 2240 1035 2323; baseline -0.01 -17"><span class='ocrx_word' id='word_1_143' title='bbox 203 2274 229 2312; x_wconf 76' lang='lat'>20</span> <span class='ocrx_word' id='word_1_144' title='bbox 256 2249 302 2320; x_wconf 78' lang='grc' dir='ltr'>τῆς</span> <span class='ocrx_word' id='word_1_145' title='bbox 316 2243 434 2321; x_wconf 84' lang='grc' dir='ltr'>Ῥώμης·</span> <span class='ocrx_word' id='word_1_146' title='bbox 449 2243 494 2304; x_wconf 84' lang='grc' dir='ltr'>καί</span> <span class='ocrx_word' id='word_1_147' title='bbox 514 2240 765 2323; x_wconf 85' lang='grc' dir='ltr'>στρατοπεδεύονται</span> <span class='ocrx_word' id='word_1_148' title='bbox 779 2242 897 2322; x_wconf 86' lang='grc' dir='ltr'>ἑκάτεροι</span> <span class='ocrx_word' id='word_1_149' title='bbox 911 2245 937 2301; x_wconf 89' lang='grc' dir='ltr'>ἐν</span> <span class='ocrx_word' id='word_1_150' title='bbox 950 2241 1035 2321; x_wconf 83' lang='grc' dir='ltr'>ὄρεσιν</span> 
     </span>
     <span class='ocr_line' id='line_1_22' title="bbox 256 2326 1035 2413; baseline -0.01 -20"><span class='ocrx_word' id='word_1_151' title='bbox 256 2336 375 2413; x_wconf 81' lang='grc' dir='ltr'>ὀχυροῖς,</span> <span class='ocrx_word' id='word_1_152' title='bbox 387 2330 473 2408; x_wconf 80' lang='grc' dir='ltr'>ὀλίγον</span> <span class='ocrx_word' id='word_1_153' title='bbox 489 2331 612 2404; x_wconf 80' lang='grc' dir='ltr'>ἄλλὴλων</span> <span class='ocrx_word' id='word_1_154' title='bbox 635 2332 780 2396; x_wconf 80' lang='grc' dir='ltr'>διιστῦτες.</span> <span class='ocrx_word' id='word_1_155' title='bbox 826 2326 906 2390; x_wconf 82' lang='grc' dir='ltr'>Ἐπεί</span> <span class='ocrx_word' id='word_1_156' title='bbox 929 2326 956 2386; x_wconf 86' lang='grc' dir='ltr'>δί</span> <span class='ocrx_word' id='word_1_157' title='bbox 976 2327 1035 2394; x_wconf 81' lang='grc' dir='ltr'>τοὺς</span> 
     </span>
     <span class='ocr_line' id='line_1_23' title="bbox 258 2417 1035 2502; baseline -0.008 -22"><span class='ocrx_word' id='word_1_158' title='bbox 258 2421 380 2502; x_wconf 87' lang='grc' dir='ltr'>χάρακας</span> <span class='ocrx_word' id='word_1_159' title='bbox 399 2418 589 2497; x_wconf 85' lang='grc' dir='ltr'>ἐκρατύναντο,</span> <span class='ocrx_word' id='word_1_160' title='bbox 610 2420 739 2500; x_wconf 74' lang='grc' dir='ltr'>προῆλθον</span> <span class='ocrx_word' id='word_1_161' title='bbox 764 2421 799 2485; x_wconf 85' lang='grc' dir='ltr'>είς</span> <span class='ocrx_word' id='word_1_162' title='bbox 814 2417 842 2478; x_wconf 90' lang='grc' dir='ltr'>τδ</span> <span class='ocrx_word' id='word_1_163' title='bbox 862 2418 950 2476; x_wconf 85' lang='grc' dir='ltr'>πεδίον</span> <span class='ocrx_word' id='word_1_164' title='bbox 965 2419 1035 2494; x_wconf 80' lang='grc' dir='ltr'>ἐγω·</span> 
     </span>
     <span class='ocr_line' id='line_1_24' title="bbox 256 2503 1035 2588; baseline -0.008 -19"><span class='ocrx_word' id='word_1_165' title='bbox 256 2514 400 2587; x_wconf 85' lang='grc' dir='ltr'>νιούμενοι,</span> <span class='ocrx_word' id='word_1_166' title='bbox 413 2509 458 2569; x_wconf 83' lang='grc' dir='ltr'>καὶ</span> <span class='ocrx_word' id='word_1_167' title='bbox 468 2509 647 2588; x_wconf 85' lang='grc' dir='ltr'>συμπεσόντες</span> <span class='ocrx_word' id='word_1_168' title='bbox 661 2507 687 2576; x_wconf 77' lang='grc' dir='ltr'>ἐξ</span> <span class='ocrx_word' id='word_1_169' title='bbox 701 2511 809 2581; x_wconf 70' lang='grc' dir='ltr'>ἑωθινῆς</span> <span class='ocrx_word' id='word_1_170' title='bbox 823 2507 918 2586; x_wconf 88' lang='grc' dir='ltr'>μέχρις</span> <span class='ocrx_word' id='word_1_171' title='bbox 933 2503 1035 2586; x_wconf 83' lang='grc' dir='ltr'>ἡμέρας</span> 
     </span>
     <span class='ocr_line' id='line_1_25' title="bbox 256 2593 1034 2678; baseline -0.01 -17"><span class='ocrx_word' id='word_1_172' title='bbox 256 2599 387 2678; x_wconf 88' lang='grc' dir='ltr'>μισούσης</span> <span class='ocrx_word' id='word_1_173' title='bbox 400 2602 537 2678; x_wconf 74' lang='grc' dir='ltr'>ἀντεῖχον,</span> <span class='ocrx_word' id='word_1_174' title='bbox 551 2597 620 2658; x_wconf 82' lang='grc' dir='ltr'>ώστι</span> <span class='ocrx_word' id='word_1_175' title='bbox 634 2597 715 2658; x_wconf 80' lang='grc' dir='ltr'>πολύν</span> <span class='ocrx_word' id='word_1_176' title='bbox 731 2597 758 2665; x_wconf 79' lang='grc' dir='ltr'>ἐξ</span> <span class='ocrx_word' id='word_1_177' title='bbox 778 2595 934 2678; x_wconf 78' lang='grc' dir='ltr'>ἀμφοτέρων</span> <span class='ocrx_word' id='word_1_178' title='bbox 946 2593 1034 2676; x_wconf 87' lang='grc' dir='ltr'>γενέσ-</span> 
     </span>
    </p>

    <p class='ocr_par' dir='ltr' id='par_1_13' title="bbox 202 2682 1035 2857">
     <span class='ocr_line' id='line_1_26' title="bbox 202 2682 1034 2769; baseline -0.014 -16"><span class='ocrx_word' id='word_1_179' title='bbox 202 2714 228 2753; x_wconf 83' lang='lat' dir='ltr'>so</span> <span class='ocrx_word' id='word_1_180' title='bbox 255 2695 299 2749; x_wconf 92' lang='grc' dir='ltr'>θαι</span> <span class='ocrx_word' id='word_1_181' title='bbox 317 2689 404 2769; x_wconf 90' lang='grc' dir='ltr'>φόνον.</span> <span class='ocrx_word' id='word_1_182' title='bbox 448 2686 634 2764; x_wconf 82' lang='grc' dir='ltr'>Φιλοπολεμον</span> <span class='ocrx_word' id='word_1_183' title='bbox 661 2687 712 2766; x_wconf 73' lang='grc' dir='ltr'>γὰρ</span> <span class='ocrx_word' id='word_1_184' title='bbox 737 2685 769 2758; x_wconf 80' lang='grc' dir='ltr'>δὴ</span> <span class='ocrx_word' id='word_1_185' title='bbox 792 2684 822 2744; x_wconf 86' lang='grc' dir='ltr'>τδ</span> <span class='ocrx_word' id='word_1_186' title='bbox 844 2689 896 2743; x_wconf 84' lang='grc' dir='ltr'>τῶν</span> <span class='ocrx_word' id='word_1_187' title='bbox 927 2682 1034 2764; x_wconf 84' lang='grc' dir='ltr'>Ἀρούγ·</span> 
     </span>
     <span class='ocr_line' id='line_1_27' title="bbox 254 2767 1035 2857; baseline -0.009 -20"><span class='ocrx_word' id='word_1_188' title='bbox 254 2802 308 2837; x_wconf 84' lang='grc' dir='ltr'>κων</span> <span class='ocrx_word' id='word_1_189' title='bbox 327 2778 398 2843; x_wconf 89' lang='grc' dir='ltr'>ἐθνος</span> <span class='ocrx_word' id='word_1_190' title='bbox 411 2767 454 2848; x_wconf 75' lang='grc' dir='ltr'>ἡν,</span> <span class='ocrx_word' id='word_1_191' title='bbox 469 2775 513 2835; x_wconf 82' lang='grc' dir='ltr'>καλ</span> <span class='ocrx_word' id='word_1_192' title='bbox 527 2778 565 2857; x_wconf 78' lang='grc' dir='ltr'>τῷ</span> <span class='ocrx_word' id='word_1_193' title='bbox 581 2777 683 2854; x_wconf 85' lang='grc' dir='ltr'>μεγέθει</span> <span class='ocrx_word' id='word_1_194' title='bbox 697 2798 726 2833; x_wconf 88' lang='grc' dir='ltr'>τε</span> <span class='ocrx_word' id='word_1_195' title='bbox 745 2772 791 2833; x_wconf 80' lang='grc' dir='ltr'>καί</span> <span class='ocrx_word' id='word_1_196' title='bbox 805 2772 899 2854; x_wconf 78' lang='grc' dir='ltr'>ῥώμη,</span> <span class='ocrx_word' id='word_1_197' title='bbox 913 2773 958 2831; x_wconf 85' lang='grc' dir='ltr'>καί</span> <span class='ocrx_word' id='word_1_198' title='bbox 973 2772 1035 2849; x_wconf 86' lang='grc' dir='ltr'>όψε-</span> 
     </span>
    </p>

    <p class='ocr_par' dir='ltr' id='par_1_14' title="bbox 253 2861 1035 3120">
     <span class='ocr_line' id='line_1_28' title="bbox 254 2861 1034 2945; baseline -0.01 -18"><span class='ocrx_word' id='word_1_199' title='bbox 254 2892 290 2934; x_wconf 84' lang='grc' dir='ltr'>ως</span> <span class='ocrx_word' id='word_1_200' title='bbox 304 2865 431 2936; x_wconf 87' lang='grc' dir='ltr'>δεινότητι</span> <span class='ocrx_word' id='word_1_201' title='bbox 445 2863 513 2924; x_wconf 73' lang='grc' dir='ltr'>πολὺ</span> <span class='ocrx_word' id='word_1_202' title='bbox 528 2865 557 2923; x_wconf 90' lang='grc' dir='ltr'>τδ</span> <span class='ocrx_word' id='word_1_203' title='bbox 582 2869 706 2945; x_wconf 85' lang='grc' dir='ltr'>θηριῶδες</span> <span class='ocrx_word' id='word_1_204' title='bbox 722 2864 819 2945; x_wconf 77' lang='grc' dir='ltr'>ἐχούσῃ</span> <span class='ocrx_word' id='word_1_205' title='bbox 844 2861 1034 2945; x_wconf 76' lang='grc' dir='ltr'>φοθερώτατον.</span> 
     </span>
     <span class='ocr_line' id='line_1_29' title="bbox 295 2951 1035 3035; baseline -0.008 -17"><span class='ocrx_word' id='word_1_206' title='bbox 295 2957 429 3018; x_wconf 79' lang='lat' dir='ltr'><strong>XXXIII.</strong></span> <span class='ocrx_word' id='word_1_207' title='bbox 453 2954 500 3015; x_wconf 85' lang='grc' dir='ltr'>Ἐν</span> <span class='ocrx_word' id='word_1_208' title='bbox 526 2951 611 3035; x_wconf 85' lang='grc' dir='ltr'>τούτιρ</span> <span class='ocrx_word' id='word_1_209' title='bbox 639 2954 742 3031; x_wconf 89' lang='grc' dir='ltr'>λέγεται</span> <span class='ocrx_word' id='word_1_210' title='bbox 764 2957 802 3035; x_wconf 80' lang='grc' dir='ltr'>τῷ</span> <span class='ocrx_word' id='word_1_211' title='bbox 838 2953 948 3034; x_wconf 78' lang='grc' dir='ltr'>πολέμῳ</span> <span class='ocrx_word' id='word_1_212' title='bbox 975 2952 1035 3022; x_wconf 80' lang='grc' dir='ltr'>τοῦς</span> 
     </span>
     <span class='ocr_line' id='line_1_30' title="bbox 253 3040 1032 3120; baseline -0.003 -17"><span class='ocrx_word' id='word_1_213' title='bbox 253 3044 342 3111; x_wconf 85' lang='grc' dir='ltr'>ἑππιῖς</span> <span class='ocrx_word' id='word_1_214' title='bbox 355 3048 407 3104; x_wconf 81' lang='grc' dir='ltr'>τῶν</span> <span class='ocrx_word' id='word_1_215' title='bbox 422 3041 567 3120; x_wconf 85' lang='grc' dir='ltr'>Ῥωμαίων</span> <span class='ocrx_word' id='word_1_216' title='bbox 589 3041 744 3120; x_wconf 88' lang='grc' dir='ltr'>κρατίστους</span> <span class='ocrx_word' id='word_1_217' title='bbox 761 3040 897 3119; x_wconf 84' lang='grc' dir='ltr'>γενέσθαι,</span> <span class='ocrx_word' id='word_1_218' title='bbox 918 3042 964 3100; x_wconf 85' lang='grc' dir='ltr'>καλ</span> <span class='ocrx_word' id='word_1_219' title='bbox 988 3042 1032 3101; x_wconf 80' lang='grc' dir='ltr'>τόν</span> 
     </span>
    </p>

    <p class='ocr_par' dir='ltr' id='par_1_15' title="bbox 201 3121 1035 3566">
     <span class='ocr_line' id='line_1_31' title="bbox 201 3121 1033 3211; baseline -0.005 -17"><span class='ocrx_word' id='word_1_220' title='bbox 201 3163 227 3203; x_wconf 73' lang='lat' dir='ltr'>qq</span> <span class='ocrx_word' id='word_1_221' title='bbox 254 3131 371 3211; x_wconf 86' lang='grc' dir='ltr'>ἡγεμόνα</span> <span class='ocrx_word' id='word_1_222' title='bbox 384 3135 471 3192; x_wconf 80' lang='grc' dir='ltr'>αὐτῶν</span> <span class='ocrx_word' id='word_1_223' title='bbox 482 3121 570 3193; x_wconf 69' lang='lat' dir='ltr'>Adios</span> <span class='ocrx_word' id='word_1_224' title='bbox 582 3132 731 3206; x_wconf 88' lang='grc' dir='ltr'>Ποστόμιον</span> <span class='ocrx_word' id='word_1_225' title='bbox 741 3126 854 3201; x_wconf 56' lang='lat' dir='ltr'>&#39;stim</span> <span class='ocrx_word' id='word_1_226' title='bbox 871 3129 898 3196; x_wconf 84' lang='grc' dir='ltr'>θς</span> <span class='ocrx_word' id='word_1_227' title='bbox 909 3131 971 3210; x_wconf 81' lang='grc' dir='ltr'>ἔσχε</span> <span class='ocrx_word' id='word_1_228' title='bbox 985 3131 1033 3203; x_wconf 84' lang='grc' dir='ltr'>τὴν</span> 
     </span>
     <span class='ocr_line' id='line_1_32' title="bbox 255 3217 1035 3300; baseline -0.003 -20"><span class='ocrx_word' id='word_1_229' title='bbox 255 3223 405 3300; x_wconf 85' lang='grc' dir='ltr'>δικτάτορος</span> <span class='ocrx_word' id='word_1_230' title='bbox 422 3218 508 3300; x_wconf 78' lang='grc' dir='ltr'>ἀρχὴν</span> <span class='ocrx_word' id='word_1_231' title='bbox 532 3220 612 3298; x_wconf 80' lang='grc' dir='ltr'>ἐντῷ</span> <span class='ocrx_word' id='word_1_232' title='bbox 635 3218 747 3297; x_wconf 88' lang='grc' dir='ltr'>πρόσθεν</span> <span class='ocrx_word' id='word_1_233' title='bbox 759 3220 881 3296; x_wconf 79' lang='grc' dir='ltr'>ἐνιαυτῷ.</span> <span class='ocrx_word' id='word_1_234' title='bbox 925 3217 964 3278; x_wconf 83' lang='grc' dir='ltr'>Τὸ</span> <span class='ocrx_word' id='word_1_235' title='bbox 986 3219 1035 3296; x_wconf 89' lang='grc' dir='ltr'>μὲν</span> 
     </span>
     <span class='ocr_line' id='line_1_33' title="bbox 254 3297 1034 3389; baseline 0.001 -24"><span class='ocrx_word' id='word_1_236' title='bbox 254 3308 305 3389; x_wconf 86' lang='grc' dir='ltr'>γδιρ</span> <span class='ocrx_word' id='word_1_237' title='bbox 320 3307 433 3387; x_wconf 87' lang='grc' dir='ltr'>χωρίον,</span> <span class='ocrx_word' id='word_1_238' title='bbox 448 3311 474 3367; x_wconf 81' lang='grc' dir='ltr'>ἐν</span> <span class='ocrx_word' id='word_1_239' title='bbox 492 3297 543 3389; x_wconf 83' lang='grc' dir='ltr'>ᾧὴ</span> <span class='ocrx_word' id='word_1_240' title='bbox 559 3307 634 3387; x_wconf 86' lang='grc' dir='ltr'>μάχη</span> <span class='ocrx_word' id='word_1_241' title='bbox 649 3303 765 3380; x_wconf 86' lang='grc' dir='ltr'>ἐγένετο,</span> <span class='ocrx_word' id='word_1_242' title='bbox 781 3304 870 3376; x_wconf 84' lang='grc' dir='ltr'>ἥκισθ’</span> <span class='ocrx_word' id='word_1_243' title='bbox 884 3305 1034 3383; x_wconf 76' lang='grc' dir='ltr'>ἱππάσιμον</span> 
     </span>
     <span class='ocr_line' id='line_1_34' title="bbox 255 3386 1035 3475; baseline 0 -22"><span class='ocrx_word' id='word_1_244' title='bbox 255 3386 304 3468; x_wconf 83' lang='grc' dir='ltr'>ἡν,</span> <span class='ocrx_word' id='word_1_245' title='bbox 328 3393 457 3462; x_wconf 88' lang='grc' dir='ltr'>κολωνούς</span> <span class='ocrx_word' id='word_1_246' title='bbox 482 3417 510 3453; x_wconf 89' lang='grc' dir='ltr'>τε</span> <span class='ocrx_word' id='word_1_247' title='bbox 532 3394 673 3473; x_wconf 83' lang='grc' dir='ltr'>πετρώδεις</span> <span class='ocrx_word' id='word_1_248' title='bbox 697 3395 743 3452; x_wconf 82' lang='grc' dir='ltr'>καί</span> <span class='ocrx_word' id='word_1_249' title='bbox 765 3394 902 3475; x_wconf 74' lang='grc' dir='ltr'>φάραγγας</span> <span class='ocrx_word' id='word_1_250' title='bbox 928 3395 1035 3471; x_wconf 82' lang='grc' dir='ltr'>βαθείας</span> 
     </span>
     <span class='ocr_line' id='line_1_35' title="bbox 256 3476 1035 3566; baseline 0.003 -24"><span class='ocrx_word' id='word_1_251' title='bbox 256 3482 334 3563; x_wconf 83' lang='grc' dir='ltr'>ἑχον,</span> <span class='ocrx_word' id='word_1_252' title='bbox 350 3479 418 3542; x_wconf 78' lang='grc' dir='ltr'>ὥστε</span> <span class='ocrx_word' id='word_1_253' title='bbox 433 3482 515 3562; x_wconf 84' lang='grc' dir='ltr'>μηδὲν</span> <span class='ocrx_word' id='word_1_254' title='bbox 528 3483 659 3566; x_wconf 73' lang='grc' dir='ltr'>ἑκατέροις</span> <span class='ocrx_word' id='word_1_255' title='bbox 676 3482 723 3556; x_wconf 71' lang='lat' dir='ltr'>rip</span> <span class='ocrx_word' id='word_1_256' title='bbox 743 3482 825 3552; x_wconf 70' lang='lat' dir='ltr'>ipson</span> <span class='ocrx_word' id='word_1_257' title='bbox 838 3485 897 3543; x_wconf 86' lang='grc' dir='ltr'>οίαν</span> <span class='ocrx_word' id='word_1_258' title='bbox 920 3485 942 3541; x_wconf 87' lang='grc' dir='ltr'>τ’</span> <span class='ocrx_word' id='word_1_259' title='bbox 966 3476 1035 3545; x_wconf 82' lang='grc' dir='ltr'>εῖναι</span> 
     </span>
    </p>

    <p class='ocr_par' dir='ltr' id='par_1_16' title="bbox 201 3571 1036 4009">
     <span class='ocr_line' id='line_1_36' title="bbox 201 3571 1036 3652; baseline 0.006 -23"><span class='ocrx_word' id='word_1_260' title='bbox 201 3602 227 3641; x_wconf 67' lang='lat'>35</span> <span class='ocrx_word' id='word_1_261' title='bbox 256 3574 446 3652; x_wconf 78' lang='grc' dir='ltr'>προσωφελεῖν.</span> <span class='ocrx_word' id='word_1_262' title='bbox 488 3571 524 3633; x_wconf 88' lang='grc' dir='ltr'><strong>Ὁ</strong></span> <span class='ocrx_word' id='word_1_263' title='bbox 546 3572 574 3632; x_wconf 81' lang='grc' dir='ltr'>δέ</span> <span class='ocrx_word' id='word_1_264' title='bbox 602 3573 751 3652; x_wconf 88' lang='grc' dir='ltr'>Ποστόμιος</span> <span class='ocrx_word' id='word_1_265' title='bbox 773 3574 1036 3651; x_wconf 75' lang='grc' dir='ltr'>παρακελευσάμενος</span> 
     </span>
     <span class='ocr_line' id='line_1_37' title="bbox 254 3659 1036 3742; baseline 0 -20"><span class='ocrx_word' id='word_1_266' title='bbox 254 3670 309 3729; x_wconf 88' lang='grc' dir='ltr'>τοῖς</span> <span class='ocrx_word' id='word_1_267' title='bbox 319 3664 385 3742; x_wconf 76' lang='grc' dir='ltr'>ἀμφ’</span> <span class='ocrx_word' id='word_1_268' title='bbox 396 3659 473 3721; x_wconf 82' lang='grc' dir='ltr'>αῦτδν</span> <span class='ocrx_word' id='word_1_269' title='bbox 486 3659 540 3720; x_wconf 79' lang='grc' dir='ltr'>άπὸ</span> <span class='ocrx_word' id='word_1_270' title='bbox 549 3664 602 3721; x_wconf 76' lang='grc' dir='ltr'>τῶν</span> <span class='ocrx_word' id='word_1_271' title='bbox 617 3661 707 3721; x_wconf 83' lang='grc' dir='ltr'>ίππιον</span> <span class='ocrx_word' id='word_1_272' title='bbox 717 3661 883 3735; x_wconf 79' lang='grc' dir='ltr'>καταύῆναι,</span> <span class='ocrx_word' id='word_1_273' title='bbox 897 3662 943 3722; x_wconf 82' lang='grc' dir='ltr'>καλ</span> <span class='ocrx_word' id='word_1_274' title='bbox 959 3664 1036 3737; x_wconf 74' lang='grc' dir='ltr'>ποιή-</span> 
     </span>
     <span class='ocr_line' id='line_1_38' title="bbox 255 3748 1036 3831; baseline -0.003 -19"><span class='ocrx_word' id='word_1_275' title='bbox 255 3776 303 3820; x_wconf 92' lang='grc' dir='ltr'>σας</span> <span class='ocrx_word' id='word_1_276' title='bbox 314 3754 404 3830; x_wconf 89' lang='grc' dir='ltr'>στῖφος</span> <span class='ocrx_word' id='word_1_277' title='bbox 422 3751 524 3831; x_wconf 73' lang='grc' dir='ltr'>ἀνδρῶν</span> <span class='ocrx_word' id='word_1_278' title='bbox 543 3748 699 3824; x_wconf 76' lang='grc' dir='ltr'>ἑξακοσίων,</span> <span class='ocrx_word' id='word_1_279' title='bbox 718 3750 779 3809; x_wconf 86' lang='grc' dir='ltr'>ἐνθα</span> <span class='ocrx_word' id='word_1_280' title='bbox 800 3751 916 3825; x_wconf 86' lang='grc' dir='ltr'>μάλιστα</span> <span class='ocrx_word' id='word_1_281' title='bbox 936 3752 1036 3828; x_wconf 88' lang='grc' dir='ltr'>ἑκαμνε</span> 
     </span>
     <span class='ocr_line' id='line_1_39' title="bbox 256 3837 1035 3918; baseline -0.003 -18"><span class='ocrx_word' id='word_1_282' title='bbox 256 3842 308 3909; x_wconf 85' lang='grc' dir='ltr'>τοῖς</span> <span class='ocrx_word' id='word_1_283' title='bbox 326 3839 471 3917; x_wconf 87' lang='grc' dir='ltr'>Ῥωμαίοις</span> <span class='ocrx_word' id='word_1_284' title='bbox 489 3839 558 3897; x_wconf 67' lang='lat' dir='ltr'>sest</span> <span class='ocrx_word' id='word_1_285' title='bbox 578 3844 690 3918; x_wconf 90' lang='grc' dir='ltr'>πρανοῦς</span> <span class='ocrx_word' id='word_1_286' title='bbox 714 3837 871 3916; x_wconf 82' lang='grc' dir='ltr'>ὠθουμένοις</span> <span class='ocrx_word' id='word_1_287' title='bbox 894 3839 994 3917; x_wconf 89' lang='grc' dir='ltr'>χωρίου</span> <span class='ocrx_word' id='word_1_288' title='bbox 1018 3845 1035 3911; x_wconf 89' lang='grc' dir='ltr'>ἡ</span> 
     </span>
     <span class='ocr_line' id='line_1_40' title="bbox 254 3925 1036 4009; baseline -0.001 -21"><span class='ocrx_word' id='word_1_289' title='bbox 254 3927 367 4009; x_wconf 77' lang='grc' dir='ltr'>φάλαγξ,</span> <span class='ocrx_word' id='word_1_290' title='bbox 379 3931 406 3988; x_wconf 84' lang='grc' dir='ltr'>ἐν</span> <span class='ocrx_word' id='word_1_291' title='bbox 415 3925 516 3994; x_wconf 91' lang='grc' dir='ltr'>τούτοις</span> <span class='ocrx_word' id='word_1_292' title='bbox 526 3926 654 3986; x_wconf 88' lang='grc' dir='ltr'>συνάπτει</span> <span class='ocrx_word' id='word_1_293' title='bbox 663 3934 715 3991; x_wconf 87' lang='grc' dir='ltr'>τοῖς</span> <span class='ocrx_word' id='word_1_294' title='bbox 726 3925 874 4001; x_wconf 85' lang='grc' dir='ltr'>πολεμίοις,</span> <span class='ocrx_word' id='word_1_295' title='bbox 885 3930 930 3985; x_wconf 85' lang='grc' dir='ltr'>καὶ</span> <span class='ocrx_word' id='word_1_296' title='bbox 940 3926 1036 3987; x_wconf 80' lang='grc' dir='ltr'>αὐτίκα</span> 
     </span>
    </p>

    <p class='ocr_par' dir='ltr' id='par_1_17' title="bbox 201 4013 1036 4454">
     <span class='ocr_line' id='line_1_41' title="bbox 201 4013 1035 4089; baseline -0.001 -14"><span class='ocrx_word' id='word_1_297' title='bbox 201 4048 227 4087; x_wconf 70' lang='grc' dir='ltr'>ω</span> <span class='ocrx_word' id='word_1_298' title='bbox 254 4017 404 4089; x_wconf 87' lang='grc' dir='ltr'>συνίστησιν</span> <span class='ocrx_word' id='word_1_299' title='bbox 416 4018 500 4076; x_wconf 83' lang='grc' dir='ltr'>αύτῦν</span> <span class='ocrx_word' id='word_1_300' title='bbox 510 4013 558 4084; x_wconf 72' lang='grc' dir='ltr'>τίς</span> <span class='ocrx_word' id='word_1_301' title='bbox 568 4017 662 4084; x_wconf 81' lang='grc' dir='ltr'>τάξεις.</span> <span class='ocrx_word' id='word_1_302' title='bbox 692 4014 770 4081; x_wconf 76' lang='grc' dir='ltr'>Ὡςδ·</span> <span class='ocrx_word' id='word_1_303' title='bbox 783 4013 853 4083; x_wconf 80' lang='grc' dir='ltr'>ἅπαξ</span> <span class='ocrx_word' id='word_1_304' title='bbox 868 4015 1035 4085; x_wconf 82' lang='grc' dir='ltr'>ἀνεκόπησαν</span> 
     </span>
     <span class='ocr_line' id='line_1_42' title="bbox 255 4102 1033 4187; baseline 0.001 -23"><span class='ocrx_word' id='word_1_305' title='bbox 255 4107 279 4164; x_wconf 79' lang='lat' dir='ltr'>ot</span> <span class='ocrx_word' id='word_1_306' title='bbox 292 4106 437 4183; x_wconf 83' lang='grc' dir='ltr'>βάρύαροι,</span> <span class='ocrx_word' id='word_1_307' title='bbox 449 4107 544 4187; x_wconf 87' lang='grc' dir='ltr'>θάρσος</span> <span class='ocrx_word' id='word_1_308' title='bbox 554 4104 661 4165; x_wconf 87' lang='grc' dir='ltr'>ἐνέπεσε</span> <span class='ocrx_word' id='word_1_309' title='bbox 680 4108 735 4171; x_wconf 86' lang='grc' dir='ltr'>τοῖς</span> <span class='ocrx_word' id='word_1_310' title='bbox 744 4102 890 4182; x_wconf 84' lang='grc' dir='ltr'>Ῥωμαίοις</span> <span class='ocrx_word' id='word_1_311' title='bbox 903 4105 948 4164; x_wconf 85' lang='grc' dir='ltr'>καὶ</span> <span class='ocrx_word' id='word_1_312' title='bbox 961 4106 1033 4185; x_wconf 87' lang='grc' dir='ltr'>φιλο·</span> 
     </span>
     <span class='ocr_line' id='line_1_43' title="bbox 255 4190 1036 4276; baseline 0.005 -25"><span class='ocrx_word' id='word_1_313' title='bbox 255 4190 338 4252; x_wconf 83' lang='grc' dir='ltr'>νεικία</span> <span class='ocrx_word' id='word_1_314' title='bbox 353 4199 405 4258; x_wconf 84' lang='grc' dir='ltr'>τοῖς</span> <span class='ocrx_word' id='word_1_315' title='bbox 414 4197 502 4261; x_wconf 78' lang='grc' dir='ltr'>πεζοῖς</span> <span class='ocrx_word' id='word_1_316' title='bbox 516 4193 580 4272; x_wconf 89' lang='grc' dir='ltr'>πρὸς</span> <span class='ocrx_word' id='word_1_317' title='bbox 596 4192 655 4262; x_wconf 84' lang='grc' dir='ltr'>τοῦς</span> <span class='ocrx_word' id='word_1_318' title='bbox 664 4194 770 4260; x_wconf 86' lang='grc' dir='ltr'>ίππεῖς·</span> <span class='ocrx_word' id='word_1_319' title='bbox 781 4192 827 4251; x_wconf 81' lang='grc' dir='ltr'>καί</span> <span class='ocrx_word' id='word_1_320' title='bbox 838 4195 896 4251; x_wconf 89' lang='grc' dir='ltr'>καθ’</span> <span class='ocrx_word' id='word_1_321' title='bbox 906 4192 934 4252; x_wconf 79' lang='grc' dir='ltr'>ἐν</span> <span class='ocrx_word' id='word_1_322' title='bbox 950 4194 1036 4276; x_wconf 76' lang='grc' dir='ltr'>ἐμφό-</span> 
     </span>
     <span class='ocr_line' id='line_1_44' title="bbox 255 4280 1035 4365; baseline 0.001 -22"><span class='ocrx_word' id='word_1_323' title='bbox 255 4305 324 4365; x_wconf 90' lang='grc' dir='ltr'>τεροι</span> <span class='ocrx_word' id='word_1_324' title='bbox 334 4280 467 4361; x_wconf 78' lang='grc' dir='ltr'>πυργηδὸν</span> <span class='ocrx_word' id='word_1_325' title='bbox 476 4281 598 4349; x_wconf 76' lang='grc' dir='ltr'>ἐξωθοῦσι</span> <span class='ocrx_word' id='word_1_326' title='bbox 613 4282 643 4341; x_wconf 83' lang='grc' dir='ltr'>τὸ</span> <span class='ocrx_word' id='word_1_327' title='bbox 652 4280 733 4350; x_wconf 74' lang='grc' dir='ltr'>δεξιόν</span> <span class='ocrx_word' id='word_1_328' title='bbox 748 4281 825 4361; x_wconf 88' lang='grc' dir='ltr'>κέρας</span> <span class='ocrx_word' id='word_1_329' title='bbox 835 4284 886 4341; x_wconf 85' lang='grc' dir='ltr'>τῶν</span> <span class='ocrx_word' id='word_1_330' title='bbox 899 4283 1035 4362; x_wconf 86' lang='grc' dir='ltr'>πολεμίων</span> 
     </span>
     <span class='ocr_line' id='line_1_45' title="bbox 255 4369 1034 4454; baseline 0 -21"><span class='ocrx_word' id='word_1_331' title='bbox 255 4371 304 4442; x_wconf 83' lang='grc' dir='ltr'>ίως</span> <span class='ocrx_word' id='word_1_332' title='bbox 317 4377 363 4433; x_wconf 87' lang='grc' dir='ltr'>τοῦ</span> <span class='ocrx_word' id='word_1_333' title='bbox 377 4369 470 4450; x_wconf 85' lang='grc' dir='ltr'>λόφου·</span> <span class='ocrx_word' id='word_1_334' title='bbox 482 4372 527 4430; x_wconf 78' lang='grc' dir='ltr'>καί</span> <span class='ocrx_word' id='word_1_335' title='bbox 546 4375 570 4431; x_wconf 80' lang='grc' dir='ltr'>οἱ</span> <span class='ocrx_word' id='word_1_336' title='bbox 581 4369 629 4450; x_wconf 81' lang='grc' dir='ltr'>μὲν</span> <span class='ocrx_word' id='word_1_337' title='bbox 649 4381 703 4439; x_wconf 89' lang='grc' dir='ltr'>τοῖς</span> <span class='ocrx_word' id='word_1_338' title='bbox 717 4370 780 4450; x_wconf 81' lang='grc' dir='ltr'>πρὸς</span> <span class='ocrx_word' id='word_1_339' title='bbox 794 4371 838 4432; x_wconf 90' lang='grc' dir='ltr'>τδν</span> <span class='ocrx_word' id='word_1_340' title='bbox 848 4371 956 4452; x_wconf 85' lang='grc' dir='ltr'>χάρακα</span> <span class='ocrx_word' id='word_1_341' title='bbox 969 4373 1034 4454; x_wconf 85' lang='grc' dir='ltr'>φεύ-</span> 
     </span>
    </p>

    <p class='ocr_par' dir='ltr' id='par_1_18' title="bbox 201 4459 1037 4899">
     <span class='ocr_line' id='line_1_46' title="bbox 201 4459 1034 4542; baseline -0.004 -18"><span class='ocrx_word' id='word_1_342' title='bbox 201 4489 226 4526; x_wconf 85' lang='lat' dir='ltr'>ss</span> <span class='ocrx_word' id='word_1_343' title='bbox 253 4486 343 4542; x_wconf 77' lang='grc' dir='ltr'>γαισιν</span> <span class='ocrx_word' id='word_1_344' title='bbox 355 4459 479 4538; x_wconf 88' lang='grc' dir='ltr'>ἑπόμενοι</span> <span class='ocrx_word' id='word_1_345' title='bbox 489 4460 601 4527; x_wconf 84' lang='grc' dir='ltr'>πολλοῦς</span> <span class='ocrx_word' id='word_1_346' title='bbox 611 4461 782 4533; x_wconf 80' lang='grc' dir='ltr'>ἀπέκτειναν,</span> <span class='ocrx_word' id='word_1_347' title='bbox 794 4465 817 4521; x_wconf 87' lang='grc' dir='ltr'>οὲ</span> <span class='ocrx_word' id='word_1_348' title='bbox 829 4461 856 4522; x_wconf 86' lang='grc' dir='ltr'>δί</span> <span class='ocrx_word' id='word_1_349' title='bbox 866 4466 920 4529; x_wconf 89' lang='grc' dir='ltr'>τοῖς</span> <span class='ocrx_word' id='word_1_350' title='bbox 930 4463 968 4521; x_wconf 89' lang='grc' dir='ltr'>ἐτι</span> <span class='ocrx_word' id='word_1_351' title='bbox 979 4487 1034 4540; x_wconf 85' lang='grc' dir='ltr'>μα·</span> 
     </span>
     <span class='ocr_line' id='line_1_47' title="bbox 254 4547 1035 4633; baseline 0.001 -23"><span class='ocrx_word' id='word_1_352' title='bbox 254 4551 376 4633; x_wconf 86' lang='grc' dir='ltr'>χομένοις</span> <span class='ocrx_word' id='word_1_353' title='bbox 385 4549 455 4609; x_wconf 86' lang='grc' dir='ltr'>κατδι</span> <span class='ocrx_word' id='word_1_354' title='bbox 467 4547 548 4608; x_wconf 83' lang='grc' dir='ltr'>νώτου</span> <span class='ocrx_word' id='word_1_355' title='bbox 570 4551 678 4628; x_wconf 83' lang='grc' dir='ltr'>ἐπῆγον.</span> <span class='ocrx_word' id='word_1_356' title='bbox 721 4550 891 4632; x_wconf 82' lang='grc' dir='ltr'>Τρεψάμενοι</span> <span class='ocrx_word' id='word_1_357' title='bbox 906 4550 933 4610; x_wconf 86' lang='grc' dir='ltr'>δέ</span> <span class='ocrx_word' id='word_1_358' title='bbox 944 4551 1035 4611; x_wconf 75' lang='grc' dir='ltr'>κάκεί-</span> 
     </span>
     <span class='ocr_line' id='line_1_48' title="bbox 255 4638 1037 4724; baseline -0.001 -24"><span class='ocrx_word' id='word_1_359' title='bbox 255 4665 313 4709; x_wconf 91' lang='grc' dir='ltr'>νους</span> <span class='ocrx_word' id='word_1_360' title='bbox 327 4643 363 4710; x_wconf 80' lang='grc' dir='ltr'>εἰς</span> <span class='ocrx_word' id='word_1_361' title='bbox 383 4640 480 4724; x_wconf 80' lang='grc' dir='ltr'>φυγὴν,</span> <span class='ocrx_word' id='word_1_362' title='bbox 493 4638 615 4699; x_wconf 84' lang='grc' dir='ltr'>ἐπίπονόν</span> <span class='ocrx_word' id='word_1_363' title='bbox 626 4662 654 4698; x_wconf 92' lang='grc' dir='ltr'>τε</span> <span class='ocrx_word' id='word_1_364' title='bbox 669 4639 715 4699; x_wconf 86' lang='grc' dir='ltr'>καὶ</span> <span class='ocrx_word' id='word_1_365' title='bbox 731 4643 855 4719; x_wconf 89' lang='grc' dir='ltr'>βραδεῖαν</span> <span class='ocrx_word' id='word_1_366' title='bbox 865 4640 913 4713; x_wconf 70' lang='lat' dir='ltr'>rip</span> <span class='ocrx_word' id='word_1_367' title='bbox 928 4640 1037 4721; x_wconf 79' lang='grc' dir='ltr'>ἐποχώ·</span> 
     </span>
     <span class='ocr_line' id='line_1_49' title="bbox 256 4728 1033 4812; baseline -0.003 -21"><span class='ocrx_word' id='word_1_368' title='bbox 256 4754 332 4812; x_wconf 89' lang='grc' dir='ltr'>ρησιν</span> <span class='ocrx_word' id='word_1_369' title='bbox 351 4728 533 4808; x_wconf 84' lang='grc' dir='ltr'>ποιουμένους,</span> <span class='ocrx_word' id='word_1_370' title='bbox 544 4729 608 4811; x_wconf 78' lang='grc' dir='ltr'>πρὸς</span> <span class='ocrx_word' id='word_1_371' title='bbox 626 4729 731 4810; x_wconf 78' lang='grc' dir='ltr'>ὀχθώδη</span> <span class='ocrx_word' id='word_1_372' title='bbox 750 4729 837 4810; x_wconf 81' lang='grc' dir='ltr'>χωρία</span> <span class='ocrx_word' id='word_1_373' title='bbox 849 4728 968 4802; x_wconf 86' lang='grc' dir='ltr'>ἐδίωκον,</span> <span class='ocrx_word' id='word_1_374' title='bbox 990 4729 1033 4789; x_wconf 87' lang='grc' dir='ltr'>τέ-</span> 
     </span>
     <span class='ocr_line' id='line_1_50' title="bbox 255 4818 1036 4899; baseline 0.003 -22"><span class='ocrx_word' id='word_1_375' title='bbox 255 4819 346 4888; x_wconf 89' lang='grc' dir='ltr'>νοντοίς</span> <span class='ocrx_word' id='word_1_376' title='bbox 356 4842 384 4878; x_wconf 91' lang='grc' dir='ltr'>τε</span> <span class='ocrx_word' id='word_1_377' title='bbox 397 4819 592 4887; x_wconf 83' lang='grc' dir='ltr'>ἀποκόπτοντες</span> <span class='ocrx_word' id='word_1_378' title='bbox 600 4819 687 4879; x_wconf 87' lang='grc' dir='ltr'>ποδῶν</span> <span class='ocrx_word' id='word_1_379' title='bbox 703 4820 748 4878; x_wconf 83' lang='grc' dir='ltr'>καὶ</span> <span class='ocrx_word' id='word_1_380' title='bbox 762 4818 810 4886; x_wconf 77' lang='grc' dir='ltr'>τός</span> <span class='ocrx_word' id='word_1_381' title='bbox 825 4821 896 4899; x_wconf 78' lang='grc' dir='ltr'>ἰγνῦς</span> <span class='ocrx_word' id='word_1_382' title='bbox 914 4818 1036 4899; x_wconf 90' lang='grc' dir='ltr'>πλαγίοις</span> 
     </span>
    </p>

    <p class='ocr_par' dir='ltr' id='par_1_19' title="bbox 200 4906 1036 5077">
     <span class='ocr_line' id='line_1_51' title="bbox 200 4906 1036 4990; baseline 0.002 -25"><span class='ocrx_word' id='word_1_383' title='bbox 200 4944 226 4981; x_wconf 69' lang='grc' dir='ltr'>,υ</span> <span class='ocrx_word' id='word_1_384' title='bbox 256 4916 309 4974; x_wconf 79' lang='grc' dir='ltr'>τοῖς</span> <span class='ocrx_word' id='word_1_385' title='bbox 328 4906 412 4987; x_wconf 78' lang='grc' dir='ltr'>ξίφεσι</span> <span class='ocrx_word' id='word_1_386' title='bbox 431 4909 604 4989; x_wconf 88' lang='grc' dir='ltr'>διαιροῦντες,</span> <span class='ocrx_word' id='word_1_387' title='bbox 629 4908 678 4976; x_wconf 87' lang='grc' dir='ltr'>ἑως</span> <span class='ocrx_word' id='word_1_388' title='bbox 701 4908 745 4967; x_wconf 84' lang='grc' dir='ltr'>ἐπί</span> <span class='ocrx_word' id='word_1_389' title='bbox 763 4910 807 4969; x_wconf 90' lang='grc' dir='ltr'>τδν</span> <span class='ocrx_word' id='word_1_390' title='bbox 825 4909 933 4990; x_wconf 91' lang='grc' dir='ltr'>χάρακα</span> <span class='ocrx_word' id='word_1_391' title='bbox 952 4913 1036 4970; x_wconf 76' lang='grc' dir='ltr'>αὐτῶν</span> 
     </span>
     <span class='ocr_line' id='line_1_52' title="bbox 259 4991 1036 5077; baseline 0.009 -28"><span class='ocrx_word' id='word_1_392' title='bbox 259 4991 392 5072; x_wconf 78' lang='grc' dir='ltr'>ἀφίκοντο.</span> <span class='ocrx_word' id='word_1_393' title='bbox 433 4995 596 5073; x_wconf 84' lang='grc' dir='ltr'>Βιαοοίμενοι</span> <span class='ocrx_word' id='word_1_394' title='bbox 621 4997 648 5057; x_wconf 85' lang='grc' dir='ltr'>δέ</span> <span class='ocrx_word' id='word_1_395' title='bbox 659 4995 704 5056; x_wconf 80' lang='grc' dir='ltr'>καί</span> <span class='ocrx_word' id='word_1_396' title='bbox 724 4997 816 5059; x_wconf 92' lang='grc' dir='ltr'>τούτου</span> <span class='ocrx_word' id='word_1_397' title='bbox 836 4995 896 5065; x_wconf 85' lang='grc' dir='ltr'>τοῦς</span> <span class='ocrx_word' id='word_1_398' title='bbox 915 4998 1036 5077; x_wconf 89' lang='grc' dir='ltr'>φύλακας</span> 
     </span>
    </p>

    <p class='ocr_par' dir='ltr' id='par_1_20' title="bbox 259 5081 1036 5167">
     <span class='ocr_line' id='line_1_53' title="bbox 259 5081 1036 5167; baseline 0.008 -27"><span class='ocrx_word' id='word_1_399' title='bbox 259 5081 290 5140; x_wconf 87' lang='grc' dir='ltr'>ού</span> <span class='ocrx_word' id='word_1_400' title='bbox 312 5081 422 5149; x_wconf 83' lang='grc' dir='ltr'>πολλοῦς</span> <span class='ocrx_word' id='word_1_401' title='bbox 440 5083 527 5157; x_wconf 83' lang='grc' dir='ltr'>ὄντας,</span> <span class='ocrx_word' id='word_1_402' title='bbox 559 5085 707 5164; x_wconf 83' lang='grc' dir='ltr'>ἐκράτησαν</span> <span class='ocrx_word' id='word_1_403' title='bbox 726 5093 772 5147; x_wconf 88' lang='grc' dir='ltr'>τοῦ</span> <span class='ocrx_word' id='word_1_404' title='bbox 790 5085 968 5167; x_wconf 84' lang='grc' dir='ltr'>στρατοπέδου</span> <span class='ocrx_word' id='word_1_405' title='bbox 991 5087 1036 5146; x_wconf 83' lang='grc' dir='ltr'>καί</span> 
     </span>
    </p>
   </div>
   <div class='ocr_carea' id='block_1_4' title="bbox 260 5166 1036 5255">
    <p class='ocr_par' dir='ltr' id='par_1_21' title="bbox 260 5166 1036 5255">
     <span class='ocr_line' id='line_1_54' title="bbox 260 5166 1036 5255; baseline 0.012 -28"><span class='ocrx_word' id='word_1_406' title='bbox 260 5166 426 5248; x_wconf 88' lang='grc' dir='ltr'>διὴρπασαν·</span> <span class='ocrx_word' id='word_1_407' title='bbox 437 5171 566 5250; x_wconf 79' lang='grc' dir='ltr'>ὠφελείας</span> <span class='ocrx_word' id='word_1_408' title='bbox 585 5171 675 5248; x_wconf 82' lang='grc' dir='ltr'>μέντοι</span> <span class='ocrx_word' id='word_1_409' title='bbox 685 5175 714 5233; x_wconf 84' lang='grc' dir='ltr'>ού</span> <span class='ocrx_word' id='word_1_410' title='bbox 729 5172 828 5242; x_wconf 76' lang='grc' dir='ltr'>πολλάς</span> <span class='ocrx_word' id='word_1_411' title='bbox 838 5166 927 5255; x_wconf 68' lang='grc' dir='ltr'>εὗρον,</span> <span class='ocrx_word' id='word_1_412' title='bbox 942 5176 982 5236; x_wconf 83' lang='grc' dir='ltr'>ότι</span> <span class='ocrx_word' id='word_1_413' title='bbox 997 5173 1036 5253; x_wconf 79' lang='grc' dir='ltr'>μὴ</span> 
     </span>
    </p>
   </div>
   <div class='ocr_carea' id='block_1_5' title="bbox 261 5254 1065 5344">
    <p class='ocr_par' dir='ltr' id='par_1_22' title="bbox 261 5254 1065 5344">
     <span class='ocr_line' id='line_1_55' title="bbox 261 5254 1065 5344; baseline -0.001 -22"><span class='ocrx_word' id='word_1_414' title='bbox 261 5257 333 5318; x_wconf 66' lang='grc' dir='ltr'>ὅπλα</span> <span class='ocrx_word' id='word_1_415' title='bbox 350 5255 397 5317; x_wconf 71' lang='lat' dir='ltr'>set</span> <span class='ocrx_word' id='word_1_416' title='bbox 406 5254 502 5323; x_wconf 66' lang='lat' dir='ltr'>tesso&lt;</span> <span class='ocrx_word' id='word_1_417' title='bbox 515 5260 562 5320; x_wconf 78' lang='grc' dir='ltr'>καλ</span> <span class='ocrx_word' id='word_1_418' title='bbox 573 5260 598 5321; x_wconf 85' lang='grc' dir='ltr'>τί</span> <span class='ocrx_word' id='word_1_419' title='bbox 608 5284 635 5321; x_wconf 88' lang='grc' dir='ltr'>τι</span> <span class='ocrx_word' id='word_1_420' title='bbox 651 5262 716 5322; x_wconf 72' lang='grc' dir='ltr'>ἄλλο</span> <span class='ocrx_word' id='word_1_421' title='bbox 730 5262 932 5344; x_wconf 78' lang='grc' dir='ltr'>πολεμιστήριον</span> <span class='ocrx_word' id='word_1_422' title='bbox 944 5267 1038 5343; x_wconf 80' lang='grc' dir='ltr'>χρῆμα</span> <span class='ocrx_word' id='word_1_423' title='bbox 1061 5256 1065 5344; x_wconf 51' lang='grc' dir='ltr'>ἡ</span> 
     </span>
    </p>
   </div>
   <div class='ocr_carea' id='block_1_6' title="bbox 781 416 1352 483">
    <p class='ocr_par' dir='ltr' id='par_1_23' title="bbox 781 416 1352 483">
     <span class='ocr_line' id='line_1_56' title="bbox 781 416 1352 483; baseline -0.002 0"><span class='ocrx_word' id='word_1_424' title='bbox 781 421 949 483; x_wconf 87' lang='lat' dir='ltr'><strong>DIONYSII</strong></span> <span class='ocrx_word' id='word_1_425' title='bbox 971 416 1352 482; x_wconf 80' lang='lat' dir='ltr'><strong>HALIGARNASSENSIS</strong></span> 
     </span>
    </p>
   </div>
   <div class='ocr_carea' id='block_1_7' title="bbox 1088 558 1873 1167">
    <p class='ocr_par' dir='ltr' id='par_1_24' title="bbox 1088 558 1873 1167">
     <span class='ocr_line' id='line_1_57' title="bbox 1088 558 1867 629; baseline 0.012 -23"><span class='ocrx_word' id='word_1_426' title='bbox 1088 558 1152 608; x_wconf 87' lang='lat' dir='ltr'>trsnl</span> <span class='ocrx_word' id='word_1_427' title='bbox 1175 561 1327 612; x_wconf 70' lang='lat' dir='ltr'>vocabantur</span> <span class='ocrx_word' id='word_1_428' title='bbox 1347 562 1437 626; x_wconf 85' lang='lat' dir='ltr'>(quem</span> <span class='ocrx_word' id='word_1_429' title='bbox 1459 563 1562 614; x_wconf 78' lang='lat' dir='ltr'>Romani</span> <span class='ocrx_word' id='word_1_430' title='bbox 1579 565 1707 615; x_wconf 79' lang='lat' dir='ltr'>Ecetranis</span> <span class='ocrx_word' id='word_1_431' title='bbox 1722 564 1867 629; x_wconf 74' lang='lat' dir='ltr'>ademptum</span> 
     </span>
     <span class='ocr_line' id='line_1_58' title="bbox 1091 646 1871 715; baseline 0.01 -20"><span class='ocrx_word' id='word_1_432' title='bbox 1091 646 1183 696; x_wconf 85' lang='lat' dir='ltr'>colonis</span> <span class='ocrx_word' id='word_1_433' title='bbox 1198 647 1229 698; x_wconf 85' lang='lat' dir='ltr'>nd</span> <span class='ocrx_word' id='word_1_434' title='bbox 1246 649 1300 699; x_wconf 90' lang='lat' dir='ltr'>eius</span> <span class='ocrx_word' id='word_1_435' title='bbox 1317 651 1395 713; x_wconf 80' lang='lat' dir='ltr'>gentIs</span> <span class='ocrx_word' id='word_1_436' title='bbox 1412 649 1557 715; x_wconf 80' lang='lat' dir='ltr'>presidium</span> <span class='ocrx_word' id='word_1_437' title='bbox 1570 652 1653 702; x_wconf 86' lang='lat' dir='ltr'>missis</span> <span class='ocrx_word' id='word_1_438' title='bbox 1669 650 1822 715; x_wconf 78' lang='lat' dir='ltr'>diviseram)</span> <span class='ocrx_word' id='word_1_439' title='bbox 1844 658 1871 703; x_wconf 87' lang='lat' dir='ltr'>et</span> 
     </span>
     <span class='ocr_line' id='line_1_59' title="bbox 1092 733 1869 805; baseline 0.012 -21"><span class='ocrx_word' id='word_1_440' title='bbox 1092 733 1147 785; x_wconf 89' lang='lat' dir='ltr'>inde</span> <span class='ocrx_word' id='word_1_441' title='bbox 1159 736 1301 800; x_wconf 75' lang='lat' dir='ltr'>presidium</span> <span class='ocrx_word' id='word_1_442' title='bbox 1309 738 1477 790; x_wconf 73' lang='lat' dir='ltr'>deducerent:</span> <span class='ocrx_word' id='word_1_443' title='bbox 1490 753 1548 805; x_wconf 76' lang='lat' dir='ltr'>que</span> <span class='ocrx_word' id='word_1_444' title='bbox 1562 739 1611 791; x_wconf 89' lang='lat' dir='ltr'>nIsi</span> <span class='ocrx_word' id='word_1_445' title='bbox 1621 740 1752 801; x_wconf 83' lang='lat' dir='ltr'>iecissent,</span> <span class='ocrx_word' id='word_1_446' title='bbox 1765 747 1869 793; x_wconf 89' lang='lat' dir='ltr'>Aurun-</span> 
     </span>
     <span class='ocr_line' id='line_1_60' title="bbox 1092 826 1871 899; baseline 0.009 -23"><span class='ocrx_word' id='word_1_447' title='bbox 1092 840 1136 877; x_wconf 89' lang='lat' dir='ltr'>cos</span> <span class='ocrx_word' id='word_1_448' title='bbox 1148 826 1218 878; x_wconf 83' lang='lat' dir='ltr'>brevi</span> <span class='ocrx_word' id='word_1_449' title='bbox 1228 828 1253 879; x_wconf 90' lang='lat' dir='ltr'>ln</span> <span class='ocrx_word' id='word_1_450' title='bbox 1271 843 1357 893; x_wconf 80' lang='lat' dir='ltr'>agrum</span> <span class='ocrx_word' id='word_1_451' title='bbox 1373 833 1512 882; x_wconf 76' lang='lat' dir='ltr'>Romanum</span> <span class='ocrx_word' id='word_1_452' title='bbox 1531 834 1661 894; x_wconf 82' lang='lat' dir='ltr'>venturos,</span> <span class='ocrx_word' id='word_1_453' title='bbox 1684 834 1710 883; x_wconf 91' lang='lat' dir='ltr'>et</span> <span class='ocrx_word' id='word_1_454' title='bbox 1723 847 1809 897; x_wconf 77' lang='lat' dir='ltr'>pronas</span> <span class='ocrx_word' id='word_1_455' title='bbox 1824 848 1871 899; x_wconf 86' lang='lat' dir='ltr'>pro</span> 
     </span>
     <span class='ocr_line' id='line_1_61' title="bbox 1093 916 1873 987; baseline 0.012 -21"><span class='ocrx_word' id='word_1_456' title='bbox 1093 916 1203 978; x_wconf 87' lang='lat' dir='ltr'>iniuriis,</span> <span class='ocrx_word' id='word_1_457' title='bbox 1220 931 1283 982; x_wconf 86' lang='lat' dir='ltr'>quas</span> <span class='ocrx_word' id='word_1_458' title='bbox 1303 918 1400 984; x_wconf 87' lang='lat' dir='ltr'>populis</span> <span class='ocrx_word' id='word_1_459' title='bbox 1420 919 1532 972; x_wconf 85' lang='lat' dir='ltr'>Irnttlrnls</span> <span class='ocrx_word' id='word_1_460' title='bbox 1552 921 1704 980; x_wconf 82' lang='lat' dir='ltr'>intulerant,</span> <span class='ocrx_word' id='word_1_461' title='bbox 1725 929 1873 987; x_wconf 87' lang='lat' dir='ltr'>sumpturos</span> 
     </span>
     <span class='ocr_line' id='line_1_62' title="bbox 1093 1008 1872 1074; baseline 0.013 -19"><span class='ocrx_word' id='word_1_462' title='bbox 1093 1008 1273 1069; x_wconf 69' lang='lat' dir='ltr'>exspectarent.</span> <span class='ocrx_word' id='word_1_463' title='bbox 1285 1008 1386 1058; x_wconf 77' lang='lat' dir='ltr'>Romani</span> <span class='ocrx_word' id='word_1_464' title='bbox 1396 1022 1455 1060; x_wconf 83' lang='lat' dir='ltr'>roro</span> <span class='ocrx_word' id='word_1_465' title='bbox 1467 1008 1522 1059; x_wconf 76' lang='lat' dir='ltr'>brec</span> <span class='ocrx_word' id='word_1_466' title='bbox 1540 1023 1659 1074; x_wconf 84' lang='lat' dir='ltr'>response</span> <span class='ocrx_word' id='word_1_467' title='bbox 1671 1010 1719 1061; x_wconf 86' lang='lat' dir='ltr'>iliis</span> <span class='ocrx_word' id='word_1_468' title='bbox 1729 1011 1872 1065; x_wconf 83' lang='lat' dir='ltr'>dederunt:</span> 
     </span>
     <span class='ocr_line' id='line_1_63' title="bbox 1095 1094 1873 1167; baseline 0.01 -22"><span class='ocrx_word' id='word_1_469' title='bbox 1095 1110 1108 1137; x_wconf 74' lang='grc' dir='ltr'>α</span> <span class='ocrx_word' id='word_1_470' title='bbox 1120 1094 1278 1156; x_wconf 86' lang='lat' dir='ltr'>IteuuutIate,</span> <span class='ocrx_word' id='word_1_471' title='bbox 1297 1095 1385 1160; x_wconf 76' lang='lat' dir='ltr'>legetl,</span> <span class='ocrx_word' id='word_1_472' title='bbox 1402 1098 1540 1160; x_wconf 77' lang='lat' dir='ltr'><strong>Auruncis,</strong></span> <span class='ocrx_word' id='word_1_473' title='bbox 1561 1111 1608 1148; x_wconf 88' lang='lat' dir='ltr'>nos</span> <span class='ocrx_word' id='word_1_474' title='bbox 1628 1102 1752 1151; x_wconf 79' lang='lat' dir='ltr'>Romanos</span> <span class='ocrx_word' id='word_1_475' title='bbox 1771 1114 1873 1167; x_wconf 74' lang='lat' dir='ltr'>equum</span> 
     </span>
    </p>
   </div>
   <div class='ocr_carea' id='block_1_8' title="bbox 1093 1186 1984 1249">
    <p class='ocr_par' dir='ltr' id='par_1_25' title="bbox 1093 1186 1984 1249">
     <span class='ocr_line' id='line_1_64' title="bbox 1093 1186 1984 1249; baseline 0.007 -19"><span class='ocrx_word' id='word_1_476' title='bbox 1093 1199 1106 1224; x_wconf 73' lang='grc' dir='ltr'>ι</span> <span class='ocrx_word' id='word_1_477' title='bbox 1123 1194 1177 1232; x_wconf 88' lang='lat' dir='ltr'>esse</span> <span class='ocrx_word' id='word_1_478' title='bbox 1189 1186 1337 1243; x_wconf 69' lang='lat' dir='ltr'>censerent</span> <span class='ocrx_word' id='word_1_479' title='bbox 1352 1197 1508 1248; x_wconf 71' lang='lat' dir='ltr'>quecunque</span> <span class='ocrx_word' id='word_1_480' title='bbox 1524 1186 1581 1249; x_wconf 91' lang='lat' dir='ltr'>quis</span> <span class='ocrx_word' id='word_1_481' title='bbox 1592 1199 1639 1236; x_wconf 86' lang='lat' dir='ltr'>sos</span> <span class='ocrx_word' id='word_1_482' title='bbox 1650 1186 1743 1238; x_wconf 78' lang='lat' dir='ltr'>virtute</span> <span class='ocrx_word' id='word_1_483' title='bbox 1758 1188 1874 1240; x_wconf 81' lang='lat' dir='ltr'>hostibus</span> <span class='ocrx_word' id='word_1_484' title='bbox 1981 1232 1984 1236; x_wconf 77' lang='grc'>,</span> 
     </span>
    </p>
   </div>
   <div class='ocr_carea' id='block_1_9' title="bbox 1093 1270 1875 1786">
    <p class='ocr_par' dir='ltr' id='par_1_26' title="bbox 1093 1270 1875 1786">
     <span class='ocr_line' id='line_1_65' title="bbox 1095 1270 1874 1340; baseline 0.01 -20"><span class='ocrx_word' id='word_1_485' title='bbox 1095 1289 1107 1314; x_wconf 79' lang='grc' dir='ltr'>ι</span> <span class='ocrx_word' id='word_1_486' title='bbox 1121 1270 1241 1322; x_wconf 85' lang='lat' dir='ltr'>sdemerIt</span> <span class='ocrx_word' id='word_1_487' title='bbox 1252 1276 1278 1322; x_wconf 89' lang='lat' dir='ltr'>et</span> <span class='ocrx_word' id='word_1_488' title='bbox 1290 1272 1336 1322; x_wconf 85' lang='lat' dir='ltr'>sibi</span> <span class='ocrx_word' id='word_1_489' title='bbox 1349 1274 1513 1337; x_wconf 80' lang='lat' dir='ltr'>compererIt,</span> <span class='ocrx_word' id='word_1_490' title='bbox 1533 1288 1563 1325; x_wconf 88' lang='lat' dir='ltr'>ea</span> <span class='ocrx_word' id='word_1_491' title='bbox 1583 1276 1687 1339; x_wconf 90' lang='lat' dir='ltr'>posten&#39;s</span> <span class='ocrx_word' id='word_1_492' title='bbox 1702 1279 1821 1340; x_wconf 88' lang='lat' dir='ltr'>tanquam</span> <span class='ocrx_word' id='word_1_493' title='bbox 1834 1292 1874 1329; x_wconf 85' lang='lat' dir='ltr'>res</span> 
     </span>
     <span class='ocr_line' id='line_1_66' title="bbox 1094 1359 1875 1424; baseline 0.01 -15"><span class='ocrx_word' id='word_1_494' title='bbox 1094 1378 1107 1402; x_wconf 73' lang='grc' dir='ltr'>ε</span> <span class='ocrx_word' id='word_1_495' title='bbox 1122 1359 1233 1423; x_wconf 83' lang='lat' dir='ltr'>proprios</span> <span class='ocrx_word' id='word_1_496' title='bbox 1243 1359 1367 1424; x_wconf 87' lang='lat' dir='ltr'>relinquat</span> <span class='ocrx_word' id='word_1_497' title='bbox 1378 1379 1385 1412; x_wconf 74' lang='grc' dir='ltr'>ι</span> <span class='ocrx_word' id='word_1_498' title='bbox 1395 1361 1489 1413; x_wconf 91' lang='lat' dir='ltr'>bellum</span> <span class='ocrx_word' id='word_1_499' title='bbox 1502 1365 1585 1414; x_wconf 85' lang='lat' dir='ltr'>autern</span> <span class='ocrx_word' id='word_1_500' title='bbox 1597 1368 1770 1415; x_wconf 74' lang='lat' dir='ltr'>Auruncorum</span> <span class='ocrx_word' id='word_1_501' title='bbox 1785 1380 1834 1417; x_wconf 90' lang='lat' dir='ltr'>nou</span> <span class='ocrx_word' id='word_1_502' title='bbox 1845 1367 1875 1418; x_wconf 89' lang='lat' dir='ltr'>ti·</span> 
     </span>
     <span class='ocr_line' id='line_1_67' title="bbox 1093 1451 1874 1521; baseline 0.013 -22"><span class='ocrx_word' id='word_1_503' title='bbox 1093 1467 1105 1491; x_wconf 75' lang='grc'>·</span> <span class='ocrx_word' id='word_1_504' title='bbox 1120 1461 1197 1513; x_wconf 85' lang='lat' dir='ltr'>mere,</span> <span class='ocrx_word' id='word_1_505' title='bbox 1207 1452 1294 1516; x_wconf 89' lang='lat' dir='ltr'>utpote</span> <span class='ocrx_word' id='word_1_506' title='bbox 1303 1451 1371 1514; x_wconf 91' lang='lat' dir='ltr'>quod</span> <span class='ocrx_word' id='word_1_507' title='bbox 1380 1465 1461 1516; x_wconf 87' lang='lat' dir='ltr'>neque</span> <span class='ocrx_word' id='word_1_508' title='bbox 1476 1453 1593 1518; x_wconf 86' lang='lat' dir='ltr'>prtmnm,</span> <span class='ocrx_word' id='word_1_509' title='bbox 1609 1467 1689 1521; x_wconf 89' lang='lat' dir='ltr'>neque</span> <span class='ocrx_word' id='word_1_510' title='bbox 1699 1456 1874 1521; x_wconf 78' lang='lat' dir='ltr'>gravissimum</span> 
     </span>
     <span class='ocr_line' id='line_1_68' title="bbox 1094 1538 1875 1606; baseline 0.01 -17"><span class='ocrx_word' id='word_1_511' title='bbox 1094 1559 1106 1583; x_wconf 76' lang='grc' dir='ltr'>ι</span> <span class='ocrx_word' id='word_1_512' title='bbox 1122 1539 1234 1590; x_wconf 82' lang='lat' dir='ltr'>futurum</span> <span class='ocrx_word' id='word_1_513' title='bbox 1247 1538 1293 1600; x_wconf 89' lang='lat' dir='ltr'>sit·,</span> <span class='ocrx_word' id='word_1_514' title='bbox 1306 1540 1349 1590; x_wconf 89' lang='lat' dir='ltr'>sed</span> <span class='ocrx_word' id='word_1_515' title='bbox 1359 1553 1416 1591; x_wconf 86' lang='lat' dir='ltr'>eum</span> <span class='ocrx_word' id='word_1_516' title='bbox 1423 1540 1518 1591; x_wconf 85' lang='lat' dir='ltr'>sssuetl</span> <span class='ocrx_word' id='word_1_517' title='bbox 1529 1540 1607 1592; x_wconf 83' lang='lat' dir='ltr'>almus</span> <span class='ocrx_word' id='word_1_518' title='bbox 1621 1555 1679 1593; x_wconf 86' lang='lat' dir='ltr'>cum</span> <span class='ocrx_word' id='word_1_519' title='bbox 1695 1543 1828 1606; x_wconf 79' lang='lat' dir='ltr'>quibusvis</span> <span class='ocrx_word' id='word_1_520' title='bbox 1842 1547 1875 1597; x_wconf 92' lang='lat' dir='ltr'>de</span> 
     </span>
     <span class='ocr_line' id='line_1_69' title="bbox 1093 1625 1874 1691; baseline 0.01 -16"><span class='ocrx_word' id='word_1_521' title='bbox 1093 1643 1106 1669; x_wconf 77' lang='grc' dir='ltr'>ι</span> <span class='ocrx_word' id='word_1_522' title='bbox 1120 1625 1222 1691; x_wconf 86' lang='lat' dir='ltr'>Imperio</span> <span class='ocrx_word' id='word_1_523' title='bbox 1236 1626 1304 1678; x_wconf 89' lang='lat' dir='ltr'>etde</span> <span class='ocrx_word' id='word_1_524' title='bbox 1322 1628 1414 1678; x_wconf 84' lang='lat' dir='ltr'>virtute</span> <span class='ocrx_word' id='word_1_525' title='bbox 1426 1627 1569 1691; x_wconf 86' lang='lat' dir='ltr'>decertare,</span> <span class='ocrx_word' id='word_1_526' title='bbox 1586 1631 1669 1681; x_wconf 87' lang='lat' dir='ltr'>etboc</span> <span class='ocrx_word' id='word_1_527' title='bbox 1684 1634 1811 1683; x_wconf 88' lang='lat' dir='ltr'>certarnen</span> <span class='ocrx_word' id='word_1_528' title='bbox 1825 1632 1874 1682; x_wconf 90' lang='lat' dir='ltr'>bo-</span> 
     </span>
     <span class='ocr_line' id='line_1_70' title="bbox 1093 1714 1871 1786; baseline 0.01 -22"><span class='ocrx_word' id='word_1_529' title='bbox 1093 1732 1106 1757; x_wconf 82' lang='grc' dir='ltr'>ι</span> <span class='ocrx_word' id='word_1_530' title='bbox 1121 1718 1220 1765; x_wconf 87' lang='lat' dir='ltr'>nestum</span> <span class='ocrx_word' id='word_1_531' title='bbox 1234 1714 1304 1764; x_wconf 89' lang='lat' dir='ltr'>nobis</span> <span class='ocrx_word' id='word_1_532' title='bbox 1322 1714 1433 1765; x_wconf 82' lang='lat' dir='ltr'>futuroru</span> <span class='ocrx_word' id='word_1_533' title='bbox 1445 1715 1494 1779; x_wconf 87' lang='lat' dir='ltr'>sit,</span> <span class='ocrx_word' id='word_1_534' title='bbox 1510 1716 1633 1780; x_wconf 87' lang='lat' dir='ltr'>impetum</span> <span class='ocrx_word' id='word_1_535' title='bbox 1648 1718 1771 1783; x_wconf 85' lang='lat' dir='ltr'>intrepide</span> <span class='ocrx_word' id='word_1_536' title='bbox 1780 1733 1871 1786; x_wconf 84' lang='lat' dir='ltr'>excep·</span> 
     </span>
    </p>
   </div>
   <div class='ocr_carea' id='block_1_10' title="bbox 1092 1807 1876 2238">
    <p class='ocr_par' dir='ltr' id='par_1_27' title="bbox 1092 1807 1876 2238">
     <span class='ocr_line' id='line_1_71' title="bbox 1092 1807 1873 1873; baseline 0.01 -18"><span class='ocrx_word' id='word_1_537' title='bbox 1092 1823 1105 1848; x_wconf 80' lang='grc' dir='ltr'>ι</span> <span class='ocrx_word' id='word_1_538' title='bbox 1121 1807 1199 1856; x_wconf 88' lang='lat' dir='ltr'>turos.</span> <span class='ocrx_word' id='word_1_539' title='bbox 1225 1824 1238 1849; x_wconf 76' lang='grc' dir='ltr'>ν</span> <span class='ocrx_word' id='word_1_540' title='bbox 1271 1808 1360 1856; x_wconf 86' lang='lat' dir='ltr'>Postea</span> <span class='ocrx_word' id='word_1_541' title='bbox 1371 1807 1509 1870; x_wconf 90' lang='lat' dir='ltr'>Auruncis,</span> <span class='ocrx_word' id='word_1_542' title='bbox 1523 1820 1582 1858; x_wconf 87' lang='lat' dir='ltr'>curn</span> <span class='ocrx_word' id='word_1_543' title='bbox 1600 1807 1694 1873; x_wconf 78' lang='lat' dir='ltr'>Ingenti</span> <span class='ocrx_word' id='word_1_544' title='bbox 1716 1811 1829 1862; x_wconf 71' lang='lat' dir='ltr'>cumcito</span> <span class='ocrx_word' id='word_1_545' title='bbox 1844 1826 1873 1863; x_wconf 83' lang='lat' dir='ltr'>er</span> 
     </span>
     <span class='ocr_line' id='line_1_72' title="bbox 1093 1891 1874 1965; baseline 0.013 -24"><span class='ocrx_word' id='word_1_546' title='bbox 1093 1903 1151 1954; x_wconf 78' lang='lat' dir='ltr'>agro</span> <span class='ocrx_word' id='word_1_547' title='bbox 1171 1906 1218 1942; x_wconf 89' lang='lat' dir='ltr'>suo</span> <span class='ocrx_word' id='word_1_548' title='bbox 1240 1891 1409 1953; x_wconf 85' lang='lat' dir='ltr'>venientibus,</span> <span class='ocrx_word' id='word_1_549' title='bbox 1431 1894 1534 1945; x_wconf 81' lang='lat' dir='ltr'>Itomsnl</span> <span class='ocrx_word' id='word_1_550' title='bbox 1556 1909 1613 1945; x_wconf 84' lang='lat' dir='ltr'>curn</span> <span class='ocrx_word' id='word_1_551' title='bbox 1632 1896 1778 1950; x_wconf 78' lang='lat' dir='ltr'>domesticis</span> <span class='ocrx_word' id='word_1_552' title='bbox 1798 1901 1874 1965; x_wconf 87' lang='lat' dir='ltr'>copiis</span> 
     </span>
     <span class='ocr_line' id='line_1_73' title="bbox 1093 1981 1875 2054; baseline 0.014 -23"><span class='ocrx_word' id='word_1_553' title='bbox 1093 1981 1155 2032; x_wconf 90' lang='lat' dir='ltr'>duce</span> <span class='ocrx_word' id='word_1_554' title='bbox 1168 1982 1271 2034; x_wconf 79' lang='lat' dir='ltr'>servibo</span> <span class='ocrx_word' id='word_1_555' title='bbox 1288 1988 1448 2036; x_wconf 87' lang='lat' dir='ltr'>occurrerunt</span> <span class='ocrx_word' id='word_1_556' title='bbox 1463 1986 1496 2037; x_wconf 88' lang='lat' dir='ltr'>ed</span> <span class='ocrx_word' id='word_1_557' title='bbox 1514 1985 1622 2038; x_wconf 76' lang='lat' dir='ltr'>Arietem</span> <span class='ocrx_word' id='word_1_558' title='bbox 1641 1987 1745 2052; x_wconf 89' lang='lat' dir='ltr'>urbem,</span> <span class='ocrx_word' id='word_1_559' title='bbox 1765 2004 1823 2054; x_wconf 77' lang='lat' dir='ltr'>qno</span> <span class='ocrx_word' id='word_1_560' title='bbox 1843 1991 1875 2041; x_wconf 85' lang='lat' dir='ltr'>ab</span> 
     </span>
     <span class='ocr_line' id='line_1_74' title="bbox 1095 2072 1876 2144; baseline 0.015 -23"><span class='ocrx_word' id='word_1_561' title='bbox 1095 2072 1157 2122; x_wconf 88' lang='lat' dir='ltr'>urbe</span> <span class='ocrx_word' id='word_1_562' title='bbox 1167 2075 1266 2125; x_wconf 83' lang='lat' dir='ltr'>centum</span> <span class='ocrx_word' id='word_1_563' title='bbox 1277 2073 1400 2138; x_wconf 77' lang='lat' dir='ltr'>et&#39;vigluti</span> <span class='ocrx_word' id='word_1_564' title='bbox 1422 2075 1503 2127; x_wconf 84' lang='lat' dir='ltr'>stadis</span> <span class='ocrx_word' id='word_1_565' title='bbox 1515 2075 1607 2129; x_wconf 80' lang='lat' dir='ltr'>abest:</span> <span class='ocrx_word' id='word_1_566' title='bbox 1624 2080 1652 2130; x_wconf 92' lang='lat' dir='ltr'>et</span> <span class='ocrx_word' id='word_1_567' title='bbox 1670 2079 1771 2144; x_wconf 85' lang='lat' dir='ltr'>utrique</span> <span class='ocrx_word' id='word_1_568' title='bbox 1790 2086 1876 2133; x_wconf 80' lang='lat' dir='ltr'>castra</span> 
     </span>
     <span class='ocr_line' id='line_1_75' title="bbox 1094 2167 1874 2238; baseline 0.012 -21"><span class='ocrx_word' id='word_1_569' title='bbox 1094 2171 1230 2230; x_wconf 87' lang='lat' dir='ltr'>posuerunt</span> <span class='ocrx_word' id='word_1_570' title='bbox 1239 2167 1265 2218; x_wconf 87' lang='lat' dir='ltr'>tn</span> <span class='ocrx_word' id='word_1_571' title='bbox 1284 2169 1410 2220; x_wconf 85' lang='lat' dir='ltr'>montibus</span> <span class='ocrx_word' id='word_1_572' title='bbox 1421 2173 1510 2220; x_wconf 87' lang='lat' dir='ltr'>natura</span> <span class='ocrx_word' id='word_1_573' title='bbox 1529 2171 1646 2234; x_wconf 87' lang='lat' dir='ltr'>munitis,</span> <span class='ocrx_word' id='word_1_574' title='bbox 1662 2174 1750 2238; x_wconf 85' lang='lat' dir='ltr'>perrim</span> <span class='ocrx_word' id='word_1_575' title='bbox 1763 2172 1829 2225; x_wconf 89' lang='lat' dir='ltr'>inter</span> <span class='ocrx_word' id='word_1_576' title='bbox 1843 2188 1874 2227; x_wconf 90' lang='lat' dir='ltr'>se</span> 
     </span>
    </p>
   </div>
   <div class='ocr_carea' id='block_1_11' title="bbox 1089 2262 1875 2859">
    <p class='ocr_par' dir='ltr' id='par_1_28' title="bbox 1089 2262 1875 2859">
     <span class='ocr_line' id='line_1_76' title="bbox 1089 2262 1870 2337; baseline 0.015 -24"><span class='ocrx_word' id='word_1_577' title='bbox 1089 2262 1215 2316; x_wconf 83' lang='lat' dir='ltr'>distantte.</span> <span class='ocrx_word' id='word_1_578' title='bbox 1249 2265 1365 2317; x_wconf 86' lang='lat' dir='ltr'>Uvaero</span> <span class='ocrx_word' id='word_1_579' title='bbox 1379 2266 1471 2318; x_wconf 84' lang='lat' dir='ltr'>vultum</span> <span class='ocrx_word' id='word_1_580' title='bbox 1489 2269 1632 2321; x_wconf 81' lang='lat' dir='ltr'>munierant</span> <span class='ocrx_word' id='word_1_581' title='bbox 1642 2271 1752 2337; x_wconf 88' lang='lat' dir='ltr'>utrique,</span> <span class='ocrx_word' id='word_1_582' title='bbox 1767 2272 1794 2323; x_wconf 89' lang='lat' dir='ltr'>in</span> <span class='ocrx_word' id='word_1_583' title='bbox 1812 2287 1870 2325; x_wconf 92' lang='lat' dir='ltr'>me·</span> 
     </span>
     <span class='ocr_line' id='line_1_77' title="bbox 1089 2348 1872 2422; baseline 0.015 -24"><span class='ocrx_word' id='word_1_584' title='bbox 1089 2348 1156 2402; x_wconf 85' lang='lat' dir='ltr'>diens</span> <span class='ocrx_word' id='word_1_585' title='bbox 1166 2351 1292 2414; x_wconf 84' lang='lat' dir='ltr'>ptenittem</span> <span class='ocrx_word' id='word_1_586' title='bbox 1305 2352 1445 2403; x_wconf 75' lang='lat' dir='ltr'>diffiteaturi</span> <span class='ocrx_word' id='word_1_587' title='bbox 1463 2358 1653 2418; x_wconf 88' lang='lat' dir='ltr'>processerunt,</span> <span class='ocrx_word' id='word_1_588' title='bbox 1671 2357 1818 2422; x_wconf 76' lang='lat' dir='ltr'>collatisque</span> <span class='ocrx_word' id='word_1_589' title='bbox 1835 2362 1872 2409; x_wconf 88' lang='lat' dir='ltr'>st·</span> 
     </span>
     <span class='ocr_line' id='line_1_78' title="bbox 1089 2438 1873 2508; baseline 0.01 -21"><span class='ocrx_word' id='word_1_590' title='bbox 1089 2438 1144 2502; x_wconf 80' lang='lat' dir='ltr'>gnis</span> <span class='ocrx_word' id='word_1_591' title='bbox 1162 2452 1177 2488; x_wconf 89' lang='lat' dir='ltr'>a</span> <span class='ocrx_word' id='word_1_592' title='bbox 1195 2441 1326 2490; x_wconf 78' lang='lat' dir='ltr'>matutinis</span> <span class='ocrx_word' id='word_1_593' title='bbox 1343 2441 1411 2492; x_wconf 91' lang='lat' dir='ltr'>boris</span> <span class='ocrx_word' id='word_1_594' title='bbox 1422 2454 1503 2504; x_wconf 90' lang='lat' dir='ltr'>usque</span> <span class='ocrx_word' id='word_1_595' title='bbox 1522 2441 1555 2492; x_wconf 82' lang='lat' dir='ltr'>ad</span> <span class='ocrx_word' id='word_1_596' title='bbox 1569 2442 1696 2494; x_wconf 76' lang='lat' dir='ltr'>mer-idlem</span> <span class='ocrx_word' id='word_1_597' title='bbox 1716 2448 1873 2508; x_wconf 80' lang='lat' dir='ltr'>pugnarunt,</span> 
     </span>
     <span class='ocr_line' id='line_1_79' title="bbox 1089 2524 1875 2594; baseline 0.01 -20"><span class='ocrx_word' id='word_1_598' title='bbox 1089 2524 1161 2575; x_wconf 83' lang='lat' dir='ltr'>alteri</span> <span class='ocrx_word' id='word_1_599' title='bbox 1172 2525 1257 2576; x_wconf 89' lang='lat' dir='ltr'>alteris</span> <span class='ocrx_word' id='word_1_600' title='bbox 1269 2526 1367 2578; x_wconf 86' lang='lat' dir='ltr'>tortiier</span> <span class='ocrx_word' id='word_1_601' title='bbox 1381 2530 1539 2590; x_wconf 82' lang='lat' dir='ltr'>resistentes,</span> <span class='ocrx_word' id='word_1_602' title='bbox 1554 2528 1591 2578; x_wconf 84' lang='lat' dir='ltr'>iia</span> <span class='ocrx_word' id='word_1_603' title='bbox 1602 2531 1630 2579; x_wconf 89' lang='lat' dir='ltr'>ot</span> <span class='ocrx_word' id='word_1_604' title='bbox 1644 2543 1734 2594; x_wconf 72' lang='lat' dir='ltr'>magna</span> <span class='ocrx_word' id='word_1_605' title='bbox 1742 2529 1802 2582; x_wconf 89' lang='lat' dir='ltr'>hinc</span> <span class='ocrx_word' id='word_1_606' title='bbox 1815 2530 1875 2582; x_wconf 88' lang='lat' dir='ltr'>iude</span> 
     </span>
     <span class='ocr_line' id='line_1_80' title="bbox 1090 2611 1874 2681; baseline 0.009 -17"><span class='ocrx_word' id='word_1_607' title='bbox 1090 2611 1172 2664; x_wconf 78' lang='lat' dir='ltr'>cedes</span> <span class='ocrx_word' id='word_1_608' title='bbox 1181 2612 1245 2665; x_wconf 86' lang='lat' dir='ltr'>lecta</span> <span class='ocrx_word' id='word_1_609' title='bbox 1257 2614 1299 2664; x_wconf 88' lang='lat' dir='ltr'>sit.</span> <span class='ocrx_word' id='word_1_610' title='bbox 1333 2618 1400 2666; x_wconf 83' lang='lat' dir='ltr'>Gens</span> <span class='ocrx_word' id='word_1_611' title='bbox 1411 2615 1478 2666; x_wconf 87' lang='lat' dir='ltr'>enim</span> <span class='ocrx_word' id='word_1_612' title='bbox 1492 2619 1664 2668; x_wconf 76' lang='lat' dir='ltr'>Auruncorum</span> <span class='ocrx_word' id='word_1_613' title='bbox 1675 2617 1798 2670; x_wconf 82' lang='lat' dir='ltr'>bellicose</span> <span class='ocrx_word' id='word_1_614' title='bbox 1810 2627 1874 2681; x_wconf 85' lang='lat' dir='ltr'>erat,</span> 
     </span>
     <span class='ocr_line' id='line_1_81' title="bbox 1089 2700 1874 2766; baseline 0.01 -15"><span class='ocrx_word' id='word_1_615' title='bbox 1089 2700 1235 2765; x_wconf 83' lang='lat' dir='ltr'>etcorporis</span> <span class='ocrx_word' id='word_1_616' title='bbox 1252 2703 1433 2766; x_wconf 76' lang='lat' dir='ltr'>magnitudine,</span> <span class='ocrx_word' id='word_1_617' title='bbox 1456 2706 1482 2754; x_wconf 91' lang='lat' dir='ltr'>et</span> <span class='ocrx_word' id='word_1_618' title='bbox 1493 2703 1594 2766; x_wconf 86' lang='lat' dir='ltr'>robore,</span> <span class='ocrx_word' id='word_1_619' title='bbox 1614 2705 1642 2755; x_wconf 90' lang='lat' dir='ltr'>et</span> <span class='ocrx_word' id='word_1_620' title='bbox 1657 2705 1725 2756; x_wconf 84' lang='lat' dir='ltr'>truci</span> <span class='ocrx_word' id='word_1_621' title='bbox 1747 2706 1797 2757; x_wconf 85' lang='lat' dir='ltr'>oris</span> <span class='ocrx_word' id='word_1_622' title='bbox 1815 2709 1874 2759; x_wconf 82' lang='lat' dir='ltr'>eds·</span> 
     </span>
     <span class='ocr_line' id='line_1_82' title="bbox 1089 2791 1658 2859; baseline 0.009 -16"><span class='ocrx_word' id='word_1_623' title='bbox 1089 2795 1163 2856; x_wconf 84' lang='lat' dir='ltr'>pecto</span> <span class='ocrx_word' id='word_1_624' title='bbox 1171 2791 1295 2844; x_wconf 76' lang='lat' dir='ltr'>terlietem</span> <span class='ocrx_word' id='word_1_625' title='bbox 1308 2795 1439 2846; x_wconf 78' lang='lat' dir='ltr'>mutorum</span> <span class='ocrx_word' id='word_1_626' title='bbox 1452 2808 1502 2859; x_wconf 79' lang='lat' dir='ltr'>pre</span> <span class='ocrx_word' id='word_1_627' title='bbox 1514 2808 1542 2846; x_wconf 91' lang='lat' dir='ltr'>se</span> <span class='ocrx_word' id='word_1_628' title='bbox 1554 2795 1658 2847; x_wconf 85' lang='lat' dir='ltr'>terebat.</span> 
     </span>
    </p>
   </div>
   <div class='ocr_carea' id='block_1_12' title="bbox 1090 2966 1875 4341">
    <p class='ocr_par' dir='ltr' id='par_1_29' title="bbox 1090 2966 1875 4341">
     <span class='ocr_line' id='line_1_83' title="bbox 1123 2966 1873 3037; baseline 0.011 -22"><span class='ocrx_word' id='word_1_629' title='bbox 1123 2967 1234 3019; x_wconf 88' lang='lat' dir='ltr'><strong>XXXIII.</strong></span> <span class='ocrx_word' id='word_1_630' title='bbox 1252 2967 1281 3017; x_wconf 95' lang='lat' dir='ltr'>In</span> <span class='ocrx_word' id='word_1_631' title='bbox 1303 2966 1352 3018; x_wconf 86' lang='lat' dir='ltr'>hoe</span> <span class='ocrx_word' id='word_1_632' title='bbox 1369 2966 1456 3031; x_wconf 75' lang='lat' dir='ltr'>proelio</span> <span class='ocrx_word' id='word_1_633' title='bbox 1475 2969 1557 3019; x_wconf 78' lang='lat' dir='ltr'>virtus</span> <span class='ocrx_word' id='word_1_634' title='bbox 1573 2972 1650 3035; x_wconf 87' lang='lat' dir='ltr'>eiquo</span> <span class='ocrx_word' id='word_1_635' title='bbox 1674 2972 1774 3037; x_wconf 74' lang='lat' dir='ltr'>egregia</span> <span class='ocrx_word' id='word_1_636' title='bbox 1795 2985 1873 3037; x_wconf 74' lang='lat' dir='ltr'>opere</span> 
     </span>
     <span class='ocr_line' id='line_1_84' title="bbox 1090 3068 1869 3138; baseline 0.009 -19"><span class='ocrx_word' id='word_1_637' title='bbox 1090 3068 1203 3132; x_wconf 88' lang='lat' dir='ltr'>equitum</span> <span class='ocrx_word' id='word_1_638' title='bbox 1212 3071 1393 3132; x_wconf 74' lang='lat' dir='ltr'>Romanorum,</span> <span class='ocrx_word' id='word_1_639' title='bbox 1405 3073 1432 3121; x_wconf 88' lang='lat' dir='ltr'>et</span> <span class='ocrx_word' id='word_1_640' title='bbox 1445 3069 1514 3121; x_wconf 86' lang='lat' dir='ltr'>ducis</span> <span class='ocrx_word' id='word_1_641' title='bbox 1523 3084 1609 3122; x_wconf 88' lang='lat' dir='ltr'>eorum</span> <span class='ocrx_word' id='word_1_642' title='bbox 1619 3074 1649 3122; x_wconf 92' lang='lat' dir='ltr'>A.</span> <span class='ocrx_word' id='word_1_643' title='bbox 1666 3075 1788 3126; x_wconf 83' lang='lat' dir='ltr'>Postumii</span> <span class='ocrx_word' id='word_1_644' title='bbox 1798 3074 1869 3138; x_wconf 87' lang='lat' dir='ltr'>AlbI,</span> 
     </span>
     <span class='ocr_line' id='line_1_85' title="bbox 1090 3170 1874 3236; baseline 0.013 -16"><span class='ocrx_word' id='word_1_645' title='bbox 1090 3170 1133 3233; x_wconf 90' lang='lat' dir='ltr'>qui</span> <span class='ocrx_word' id='word_1_646' title='bbox 1154 3185 1217 3221; x_wconf 89' lang='lat' dir='ltr'>anno</span> <span class='ocrx_word' id='word_1_647' title='bbox 1230 3172 1357 3236; x_wconf 79' lang='lat' dir='ltr'>superiore</span> <span class='ocrx_word' id='word_1_648' title='bbox 1374 3172 1482 3223; x_wconf 87' lang='lat' dir='ltr'>dictator</span> <span class='ocrx_word' id='word_1_649' title='bbox 1501 3172 1598 3235; x_wconf 81' lang='lat' dir='ltr'>Inerat,</span> <span class='ocrx_word' id='word_1_650' title='bbox 1619 3176 1728 3228; x_wconf 78' lang='lat' dir='ltr'>maxime</span> <span class='ocrx_word' id='word_1_651' title='bbox 1751 3177 1874 3231; x_wconf 84' lang='lat' dir='ltr'>entiulsse</span> 
     </span>
     <span class='ocr_line' id='line_1_86' title="bbox 1091 3268 1874 3339; baseline 0.017 -21"><span class='ocrx_word' id='word_1_652' title='bbox 1091 3268 1179 3319; x_wconf 84' lang='lat' dir='ltr'>serior.</span> <span class='ocrx_word' id='word_1_653' title='bbox 1211 3273 1291 3322; x_wconf 88' lang='lat' dir='ltr'>Locus</span> <span class='ocrx_word' id='word_1_654' title='bbox 1306 3272 1372 3323; x_wconf 88' lang='lat' dir='ltr'>enim</span> <span class='ocrx_word' id='word_1_655' title='bbox 1392 3273 1434 3325; x_wconf 92' lang='lat' dir='ltr'>ubi</span> <span class='ocrx_word' id='word_1_656' title='bbox 1455 3275 1570 3339; x_wconf 77' lang='lat' dir='ltr'>punitum</span> <span class='ocrx_word' id='word_1_657' title='bbox 1585 3276 1745 3329; x_wconf 86' lang='lat' dir='ltr'>commissum</span> <span class='ocrx_word' id='word_1_658' title='bbox 1764 3283 1805 3329; x_wconf 89' lang='lat' dir='ltr'>est</span> <span class='ocrx_word' id='word_1_659' title='bbox 1820 3281 1874 3331; x_wconf 89' lang='lat' dir='ltr'>ml·</span> 
     </span>
     <span class='ocr_line' id='line_1_87' title="bbox 1091 3373 1875 3448; baseline 0.015 -25"><span class='ocrx_word' id='word_1_660' title='bbox 1091 3373 1157 3424; x_wconf 88' lang='lat' dir='ltr'>nime</span> <span class='ocrx_word' id='word_1_661' title='bbox 1167 3374 1308 3439; x_wconf 81' lang='lat' dir='ltr'>eqrdtsbilis</span> <span class='ocrx_word' id='word_1_662' title='bbox 1318 3380 1385 3436; x_wconf 84' lang='lat' dir='ltr'>eret,</span> <span class='ocrx_word' id='word_1_663' title='bbox 1398 3379 1425 3428; x_wconf 91' lang='lat' dir='ltr'>et</span> <span class='ocrx_word' id='word_1_664' title='bbox 1436 3378 1596 3444; x_wconf 75' lang='lat' dir='ltr'>confragosos</span> <span class='ocrx_word' id='word_1_665' title='bbox 1604 3382 1680 3433; x_wconf 84' lang='lat' dir='ltr'>colles</span> <span class='ocrx_word' id='word_1_666' title='bbox 1691 3384 1718 3434; x_wconf 90' lang='lat' dir='ltr'>et</span> <span class='ocrx_word' id='word_1_667' title='bbox 1731 3383 1875 3448; x_wconf 76' lang='lat' dir='ltr'>profundos</span> 
     </span>
     <span class='ocr_line' id='line_1_88' title="bbox 1091 3476 1874 3547; baseline 0.014 -21"><span class='ocrx_word' id='word_1_668' title='bbox 1091 3476 1215 3528; x_wconf 79' lang='lat' dir='ltr'>conualles</span> <span class='ocrx_word' id='word_1_669' title='bbox 1230 3476 1351 3540; x_wconf 78' lang='lat' dir='ltr'>babebat,</span> <span class='ocrx_word' id='word_1_670' title='bbox 1371 3478 1406 3529; x_wconf 88' lang='lat' dir='ltr'>ita</span> <span class='ocrx_word' id='word_1_671' title='bbox 1423 3482 1451 3531; x_wconf 91' lang='lat' dir='ltr'>ut</span> <span class='ocrx_word' id='word_1_672' title='bbox 1473 3480 1568 3532; x_wconf 88' lang='lat' dir='ltr'>uentris</span> <span class='ocrx_word' id='word_1_673' title='bbox 1582 3483 1710 3547; x_wconf 74' lang='lat' dir='ltr'>equitatus</span> <span class='ocrx_word' id='word_1_674' title='bbox 1732 3484 1874 3537; x_wconf 88' lang='lat' dir='ltr'>ullomodo</span> 
     </span>
     <span class='ocr_line' id='line_1_89' title="bbox 1092 3577 1874 3648; baseline 0.013 -21"><span class='ocrx_word' id='word_1_675' title='bbox 1092 3577 1229 3642; x_wconf 88' lang='lat' dir='ltr'>prodesset.</span> <span class='ocrx_word' id='word_1_676' title='bbox 1263 3579 1312 3630; x_wconf 86' lang='lat' dir='ltr'>Sed</span> <span class='ocrx_word' id='word_1_677' title='bbox 1325 3581 1483 3640; x_wconf 85' lang='lat' dir='ltr'>Postumius,</span> <span class='ocrx_word' id='word_1_678' title='bbox 1505 3581 1580 3632; x_wconf 84' lang='lat' dir='ltr'>iussis</span> <span class='ocrx_word' id='word_1_679' title='bbox 1599 3582 1726 3648; x_wconf 85' lang='lat' dir='ltr'>equitibus</span> <span class='ocrx_word' id='word_1_680' title='bbox 1743 3597 1807 3648; x_wconf 90' lang='lat' dir='ltr'>quos</span> <span class='ocrx_word' id='word_1_681' title='bbox 1833 3598 1874 3636; x_wconf 88' lang='lat' dir='ltr'>se·</span> 
     </span>
     <span class='ocr_line' id='line_1_90' title="bbox 1092 3675 1874 3742; baseline 0.009 -17"><span class='ocrx_word' id='word_1_682' title='bbox 1092 3689 1151 3726; x_wconf 88' lang='lat' dir='ltr'>cum</span> <span class='ocrx_word' id='word_1_683' title='bbox 1162 3675 1271 3728; x_wconf 77' lang='lat' dir='ltr'>babebat</span> <span class='ocrx_word' id='word_1_684' title='bbox 1280 3691 1312 3729; x_wconf 85' lang='lat' dir='ltr'>ex</span> <span class='ocrx_word' id='word_1_685' title='bbox 1320 3679 1390 3742; x_wconf 88' lang='lat' dir='ltr'>equis</span> <span class='ocrx_word' id='word_1_686' title='bbox 1405 3679 1571 3742; x_wconf 85' lang='lat' dir='ltr'>descendere,</span> <span class='ocrx_word' id='word_1_687' title='bbox 1584 3685 1611 3733; x_wconf 92' lang='lat' dir='ltr'>et</span> <span class='ocrx_word' id='word_1_688' title='bbox 1621 3682 1687 3733; x_wconf 87' lang='lat' dir='ltr'>tecto</span> <span class='ocrx_word' id='word_1_689' title='bbox 1698 3686 1874 3734; x_wconf 77' lang='lat' dir='ltr'>sescentorum</span> 
     </span>
     <span class='ocr_line' id='line_1_91' title="bbox 1091 3775 1874 3844; baseline 0.01 -18"><span class='ocrx_word' id='word_1_690' title='bbox 1091 3775 1219 3828; x_wconf 87' lang='lat' dir='ltr'>bomtnurn</span> <span class='ocrx_word' id='word_1_691' title='bbox 1238 3779 1325 3843; x_wconf 80' lang='lat' dir='ltr'>globo,</span> <span class='ocrx_word' id='word_1_692' title='bbox 1340 3793 1389 3844; x_wconf 84' lang='lat' dir='ltr'>qne</span> <span class='ocrx_word' id='word_1_693' title='bbox 1409 3781 1513 3833; x_wconf 80' lang='lat' dir='ltr'>menime</span> <span class='ocrx_word' id='word_1_694' title='bbox 1531 3782 1662 3834; x_wconf 77' lang='lat' dir='ltr'>laborabat</span> <span class='ocrx_word' id='word_1_695' title='bbox 1674 3782 1743 3833; x_wconf 89' lang='lat' dir='ltr'>acies</span> <span class='ocrx_word' id='word_1_696' title='bbox 1762 3785 1874 3834; x_wconf 82' lang='lat' dir='ltr'>Romana</span> 
     </span>
     <span class='ocr_line' id='line_1_92' title="bbox 1091 3878 1875 3948; baseline 0.009 -19"><span class='ocrx_word' id='word_1_697' title='bbox 1091 3879 1147 3930; x_wconf 89' lang='lat' dir='ltr'>loco</span> <span class='ocrx_word' id='word_1_698' title='bbox 1165 3878 1231 3930; x_wconf 88' lang='lat' dir='ltr'>edito</span> <span class='ocrx_word' id='word_1_699' title='bbox 1249 3880 1336 3945; x_wconf 77' lang='lat' dir='ltr'>pulsa,</span> <span class='ocrx_word' id='word_1_700' title='bbox 1358 3881 1393 3930; x_wconf 88' lang='lat' dir='ltr'>ibi</span> <span class='ocrx_word' id='word_1_701' title='bbox 1411 3895 1469 3932; x_wconf 87' lang='lat' dir='ltr'>curn</span> <span class='ocrx_word' id='word_1_702' title='bbox 1483 3882 1597 3933; x_wconf 90' lang='lat' dir='ltr'>hostibus</span> <span class='ocrx_word' id='word_1_703' title='bbox 1612 3896 1760 3946; x_wconf 76' lang='lat' dir='ltr'>congressus</span> <span class='ocrx_word' id='word_1_704' title='bbox 1780 3887 1834 3948; x_wconf 86' lang='lat' dir='ltr'>est,</span> <span class='ocrx_word' id='word_1_705' title='bbox 1848 3889 1875 3936; x_wconf 88' lang='lat' dir='ltr'>et</span> 
     </span>
     <span class='ocr_line' id='line_1_93' title="bbox 1091 3982 1873 4055; baseline 0.012 -25"><span class='ocrx_word' id='word_1_706' title='bbox 1091 3982 1222 4034; x_wconf 88' lang='lat' dir='ltr'>contestim</span> <span class='ocrx_word' id='word_1_707' title='bbox 1235 3996 1322 4055; x_wconf 84' lang='lat' dir='ltr'>eorum</span> <span class='ocrx_word' id='word_1_708' title='bbox 1334 3998 1422 4049; x_wconf 79' lang='lat' dir='ltr'>agmen</span> <span class='ocrx_word' id='word_1_709' title='bbox 1438 3987 1564 4050; x_wconf 85' lang='lat' dir='ltr'>repressli.</span> <span class='ocrx_word' id='word_1_710' title='bbox 1598 3989 1634 4038; x_wconf 84' lang='lat' dir='ltr'>Ut</span> <span class='ocrx_word' id='word_1_711' title='bbox 1648 4000 1709 4039; x_wconf 83' lang='lat' dir='ltr'>vero</span> <span class='ocrx_word' id='word_1_712' title='bbox 1725 3994 1805 4039; x_wconf 86' lang='lat' dir='ltr'>semel</span> <span class='ocrx_word' id='word_1_713' title='bbox 1819 3988 1873 4038; x_wconf 82' lang='lat' dir='ltr'>ber·</span> 
     </span>
     <span class='ocr_line' id='line_1_94' title="bbox 1091 4077 1874 4145; baseline 0.011 -17"><span class='ocrx_word' id='word_1_714' title='bbox 1091 4077 1145 4130; x_wconf 87' lang='lat' dir='ltr'>bari</span> <span class='ocrx_word' id='word_1_715' title='bbox 1156 4081 1243 4132; x_wconf 87' lang='lat' dir='ltr'>reiecti</span> <span class='ocrx_word' id='word_1_716' title='bbox 1258 4081 1371 4143; x_wconf 83' lang='lat' dir='ltr'>luerunt,</span> <span class='ocrx_word' id='word_1_717' title='bbox 1388 4082 1491 4133; x_wconf 83' lang='lat' dir='ltr'>ondecIa</span> <span class='ocrx_word' id='word_1_718' title='bbox 1511 4086 1635 4135; x_wconf 83' lang='lat' dir='ltr'>Itomenos</span> <span class='ocrx_word' id='word_1_719' title='bbox 1656 4083 1746 4145; x_wconf 85' lang='lat' dir='ltr'>sublii,</span> <span class='ocrx_word' id='word_1_720' title='bbox 1760 4085 1874 4137; x_wconf 84' lang='lat' dir='ltr'>accensis</span> 
     </span>
     <span class='ocr_line' id='line_1_95' title="bbox 1091 4176 1874 4247; baseline 0.006 -20"><span class='ocrx_word' id='word_1_721' title='bbox 1091 4176 1218 4241; x_wconf 86' lang='lat' dir='ltr'>peditibus</span> <span class='ocrx_word' id='word_1_722' title='bbox 1239 4178 1352 4244; x_wconf 88' lang='lat' dir='ltr'>equitum</span> <span class='ocrx_word' id='word_1_723' title='bbox 1380 4178 1551 4242; x_wconf 54' lang='lat' dir='ltr'>aemulatione</span> <span class='ocrx_word' id='word_1_724' title='bbox 1574 4180 1688 4245; x_wconf 80' lang='lat' dir='ltr'>tectoque</span> <span class='ocrx_word' id='word_1_725' title='bbox 1708 4193 1741 4231; x_wconf 81' lang='lat' dir='ltr'>ex</span> <span class='ocrx_word' id='word_1_726' title='bbox 1760 4181 1874 4247; x_wconf 83' lang='lat' dir='ltr'>ntrIsqne</span> 
     </span>
     <span class='ocr_line' id='line_1_96' title="bbox 1091 4275 1874 4341; baseline 0 -14"><span class='ocrx_word' id='word_1_727' title='bbox 1091 4288 1183 4336; x_wconf 86' lang='lat' dir='ltr'>cuneo,</span> <span class='ocrx_word' id='word_1_728' title='bbox 1193 4276 1309 4326; x_wconf 82' lang='lat' dir='ltr'>dextrum</span> <span class='ocrx_word' id='word_1_729' title='bbox 1321 4275 1432 4327; x_wconf 88' lang='lat' dir='ltr'>hostium</span> <span class='ocrx_word' id='word_1_730' title='bbox 1440 4287 1518 4326; x_wconf 92' lang='lat' dir='ltr'>cornu</span> <span class='ocrx_word' id='word_1_731' title='bbox 1531 4277 1636 4327; x_wconf 83' lang='lat' dir='ltr'>excolis</span> <span class='ocrx_word' id='word_1_732' title='bbox 1650 4275 1801 4341; x_wconf 88' lang='lat' dir='ltr'>depulerunt</span> <span class='ocrx_word' id='word_1_733' title='bbox 1812 4297 1820 4329; x_wconf 74' lang='grc' dir='ltr'>τ</span> <span class='ocrx_word' id='word_1_734' title='bbox 1833 4281 1874 4328; x_wconf 90' lang='lat' dir='ltr'>st·</span> 
     </span>
    </p>
   </div>
   <div class='ocr_carea' id='block_1_13' title="bbox 1090 4372 1873 4533">
    <p class='ocr_par' dir='ltr' id='par_1_30' title="bbox 1090 4372 1873 4533">
     <span class='ocr_line' id='line_1_97' title="bbox 1090 4372 1873 4438; baseline 0.001 -15"><span class='ocrx_word' id='word_1_735' title='bbox 1090 4373 1187 4437; x_wconf 87' lang='lat' dir='ltr'>queatii</span> <span class='ocrx_word' id='word_1_736' title='bbox 1200 4373 1300 4436; x_wconf 89' lang='lat' dir='ltr'>quidem</span> <span class='ocrx_word' id='word_1_737' title='bbox 1309 4373 1395 4423; x_wconf 89' lang='lat' dir='ltr'>hostes</span> <span class='ocrx_word' id='word_1_738' title='bbox 1405 4372 1435 4422; x_wconf 84' lang='lat' dir='ltr'>ed</span> <span class='ocrx_word' id='word_1_739' title='bbox 1448 4375 1530 4423; x_wconf 85' lang='lat' dir='ltr'>castra</span> <span class='ocrx_word' id='word_1_740' title='bbox 1546 4373 1668 4438; x_wconf 76' lang='lat' dir='ltr'>fuglentes</span> <span class='ocrx_word' id='word_1_741' title='bbox 1682 4374 1803 4437; x_wconf 88' lang='lat' dir='ltr'>insecuti,</span> <span class='ocrx_word' id='word_1_742' title='bbox 1818 4387 1873 4424; x_wconf 87' lang='lat' dir='ltr'>ms·</span> 
     </span>
     <span class='ocr_line' id='line_1_98' title="bbox 1092 4467 1873 4533; baseline -0.001 -15"><span class='ocrx_word' id='word_1_743' title='bbox 1092 4483 1168 4533; x_wconf 84' lang='lat' dir='ltr'>gnum</span> <span class='ocrx_word' id='word_1_744' title='bbox 1188 4483 1276 4521; x_wconf 88' lang='lat' dir='ltr'>eorum</span> <span class='ocrx_word' id='word_1_745' title='bbox 1297 4483 1427 4520; x_wconf 88' lang='lat' dir='ltr'>numerum</span> <span class='ocrx_word' id='word_1_746' title='bbox 1448 4467 1663 4529; x_wconf 87' lang='lat' dir='ltr'>oeciderunt,alii</span> <span class='ocrx_word' id='word_1_747' title='bbox 1679 4481 1740 4520; x_wconf 87' lang='lat' dir='ltr'>raro</span> <span class='ocrx_word' id='word_1_748' title='bbox 1762 4468 1873 4533; x_wconf 91' lang='lat' dir='ltr'>eosqui</span> 
     </span>
    </p>
   </div>
   <div class='ocr_carea' id='block_1_14' title="bbox 1090 4564 1873 4730">
    <p class='ocr_par' dir='ltr' id='par_1_31' title="bbox 1090 4564 1873 4730">
     <span class='ocr_line' id='line_1_99' title="bbox 1090 4564 1873 4632; baseline -0.004 -13"><span class='ocrx_word' id='word_1_749' title='bbox 1090 4566 1171 4619; x_wconf 85' lang='lat' dir='ltr'>adbuc</span> <span class='ocrx_word' id='word_1_750' title='bbox 1184 4568 1348 4632; x_wconf 76' lang='lat' dir='ltr'>pugnabants</span> <span class='ocrx_word' id='word_1_751' title='bbox 1363 4571 1432 4631; x_wconf 74' lang='lat' dir='ltr'>tergo</span> <span class='ocrx_word' id='word_1_752' title='bbox 1445 4565 1597 4632; x_wconf 75' lang='lat' dir='ltr'>premebant.</span> <span class='ocrx_word' id='word_1_753' title='bbox 1630 4568 1700 4625; x_wconf 87' lang='lat' dir='ltr'>Quos</span> <span class='ocrx_word' id='word_1_754' title='bbox 1711 4565 1787 4617; x_wconf 88' lang='lat' dir='ltr'>etiam</span> <span class='ocrx_word' id='word_1_755' title='bbox 1796 4564 1823 4616; x_wconf 85' lang='lat' dir='ltr'>in</span> <span class='ocrx_word' id='word_1_756' title='bbox 1834 4566 1873 4617; x_wconf 87' lang='lat' dir='ltr'>In·</span> 
     </span>
     <span class='ocr_line' id='line_1_100' title="bbox 1090 4660 1871 4730; baseline -0.005 -15"><span class='ocrx_word' id='word_1_757' title='bbox 1090 4677 1146 4730; x_wconf 76' lang='lat' dir='ltr'>garn</span> <span class='ocrx_word' id='word_1_758' title='bbox 1159 4677 1260 4724; x_wconf 72' lang='lat' dir='ltr'>tomos,</span> <span class='ocrx_word' id='word_1_759' title='bbox 1284 4676 1361 4725; x_wconf 84' lang='lat' dir='ltr'>quum</span> <span class='ocrx_word' id='word_1_760' title='bbox 1384 4660 1507 4712; x_wconf 80' lang='lat' dir='ltr'>laboriose</span> <span class='ocrx_word' id='word_1_761' title='bbox 1524 4662 1550 4712; x_wconf 88' lang='lat' dir='ltr'>et</span> <span class='ocrx_word' id='word_1_762' title='bbox 1570 4661 1640 4712; x_wconf 88' lang='lat' dir='ltr'>tarde</span> <span class='ocrx_word' id='word_1_763' title='bbox 1656 4660 1818 4722; x_wconf 81' lang='lat' dir='ltr'>recederent,</span> <span class='ocrx_word' id='word_1_764' title='bbox 1841 4661 1871 4711; x_wconf 84' lang='lat' dir='ltr'>ad</span> 
     </span>
    </p>
   </div>
   <div class='ocr_carea' id='block_1_15' title="bbox 1089 4760 1869 5332">
    <p class='ocr_par' dir='ltr' id='par_1_32' title="bbox 1089 4760 1869 5332">
     <span class='ocr_line' id='line_1_101' title="bbox 1089 4760 1869 4826; baseline -0.009 -9"><span class='ocrx_word' id='word_1_765' title='bbox 1089 4765 1144 4817; x_wconf 89' lang='lat' dir='ltr'>locs</span> <span class='ocrx_word' id='word_1_766' title='bbox 1163 4762 1265 4816; x_wconf 79' lang='lat' dir='ltr'>ecclisia</span> <span class='ocrx_word' id='word_1_767' title='bbox 1284 4775 1380 4826; x_wconf 81' lang='lat' dir='ltr'>aspero</span> <span class='ocrx_word' id='word_1_768' title='bbox 1403 4761 1505 4813; x_wconf 80' lang='lat' dir='ltr'>Romani</span> <span class='ocrx_word' id='word_1_769' title='bbox 1531 4760 1754 4826; x_wconf 86' lang='lat' dir='ltr'>persequebantur,</span> <span class='ocrx_word' id='word_1_770' title='bbox 1780 4773 1869 4811; x_wconf 81' lang='lat' dir='ltr'>nervos</span> 
     </span>
     <span class='ocr_line' id='line_1_102' title="bbox 1090 4865 1866 4934; baseline -0.008 -12"><span class='ocrx_word' id='word_1_771' title='bbox 1090 4871 1182 4934; x_wconf 87' lang='lat' dir='ltr'>pedum</span> <span class='ocrx_word' id='word_1_772' title='bbox 1195 4869 1364 4927; x_wconf 87' lang='lat' dir='ltr'>succidentes,</span> <span class='ocrx_word' id='word_1_773' title='bbox 1375 4871 1402 4919; x_wconf 82' lang='lat' dir='ltr'>et</span> <span class='ocrx_word' id='word_1_774' title='bbox 1414 4867 1520 4932; x_wconf 87' lang='lat' dir='ltr'>popIItes</span> <span class='ocrx_word' id='word_1_775' title='bbox 1532 4866 1640 4932; x_wconf 86' lang='lat' dir='ltr'>obliquis</span> <span class='ocrx_word' id='word_1_776' title='bbox 1649 4866 1738 4933; x_wconf 74' lang='lat' dir='ltr'>gladiis</span> <span class='ocrx_word' id='word_1_777' title='bbox 1751 4865 1866 4918; x_wconf 81' lang='lat' dir='ltr'>dividen-</span> 
     </span>
     <span class='ocr_line' id='line_1_103' title="bbox 1090 4966 1867 5037; baseline -0.009 -14"><span class='ocrx_word' id='word_1_778' title='bbox 1090 4974 1143 5034; x_wconf 86' lang='lat' dir='ltr'>tes,</span> <span class='ocrx_word' id='word_1_779' title='bbox 1152 4973 1231 5024; x_wconf 89' lang='lat' dir='ltr'>douec</span> <span class='ocrx_word' id='word_1_780' title='bbox 1242 4969 1376 5022; x_wconf 80' lang='lat' dir='ltr'>edredum</span> <span class='ocrx_word' id='word_1_781' title='bbox 1388 4972 1565 5034; x_wconf 81' lang='lat' dir='ltr'>pervenerunt.</span> <span class='ocrx_word' id='word_1_782' title='bbox 1599 4969 1678 5021; x_wconf 82' lang='lat' dir='ltr'>culus</span> <span class='ocrx_word' id='word_1_783' title='bbox 1685 4966 1867 5037; x_wconf 74' lang='lat' dir='ltr'>defensoribus,</span> 
     </span>
     <span class='ocr_line' id='line_1_104' title="bbox 1089 5072 1868 5141; baseline -0.003 -16"><span class='ocrx_word' id='word_1_784' title='bbox 1089 5075 1134 5139; x_wconf 92' lang='lat' dir='ltr'>qut</span> <span class='ocrx_word' id='word_1_785' title='bbox 1148 5075 1220 5141; x_wconf 84' lang='lat' dir='ltr'>pauci</span> <span class='ocrx_word' id='word_1_786' title='bbox 1235 5077 1313 5136; x_wconf 72' lang='lat' dir='ltr'>eunt,</span> <span class='ocrx_word' id='word_1_787' title='bbox 1327 5075 1352 5124; x_wconf 86' lang='lat' dir='ltr'>ri</span> <span class='ocrx_word' id='word_1_788' title='bbox 1366 5072 1500 5135; x_wconf 89' lang='lat' dir='ltr'>submotis,</span> <span class='ocrx_word' id='word_1_789' title='bbox 1514 5073 1603 5125; x_wconf 85' lang='lat' dir='ltr'>castris</span> <span class='ocrx_word' id='word_1_790' title='bbox 1613 5075 1673 5125; x_wconf 89' lang='lat' dir='ltr'>suut</span> <span class='ocrx_word' id='word_1_791' title='bbox 1686 5072 1776 5140; x_wconf 81' lang='lat' dir='ltr'>potIti,</span> <span class='ocrx_word' id='word_1_792' title='bbox 1790 5084 1868 5136; x_wconf 83' lang='lat' dir='ltr'>esque</span> 
     </span>
     <span class='ocr_line' id='line_1_105' title="bbox 1090 5167 1867 5234; baseline -0.005 -12"><span class='ocrx_word' id='word_1_793' title='bbox 1090 5169 1246 5233; x_wconf 89' lang='lat' dir='ltr'>diripuerunt</span> <span class='ocrx_word' id='word_1_794' title='bbox 1266 5189 1274 5220; x_wconf 76' lang='grc' dir='ltr'>τ</span> <span class='ocrx_word' id='word_1_795' title='bbox 1291 5182 1340 5220; x_wconf 93' lang='lat' dir='ltr'>non</span> <span class='ocrx_word' id='word_1_796' title='bbox 1356 5181 1469 5233; x_wconf 79' lang='lat' dir='ltr'>magnam</span> <span class='ocrx_word' id='word_1_797' title='bbox 1482 5169 1566 5221; x_wconf 80' lang='lat' dir='ltr'>tamm</span> <span class='ocrx_word' id='word_1_798' title='bbox 1578 5167 1689 5234; x_wconf 71' lang='lat' dir='ltr'>pmdam</span> <span class='ocrx_word' id='word_1_799' title='bbox 1706 5167 1742 5221; x_wconf 91' lang='lat' dir='ltr'>ibt</span> <span class='ocrx_word' id='word_1_800' title='bbox 1765 5167 1867 5220; x_wconf 82' lang='lat' dir='ltr'>Iurene·</span> 
     </span>
     <span class='ocr_line' id='line_1_106' title="bbox 1089 5262 1867 5332; baseline -0.009 -13"><span class='ocrx_word' id='word_1_801' title='bbox 1089 5273 1163 5327; x_wconf 88' lang='lat' dir='ltr'>runt,</span> <span class='ocrx_word' id='word_1_802' title='bbox 1175 5271 1266 5332; x_wconf 80' lang='lat' dir='ltr'>preter</span> <span class='ocrx_word' id='word_1_803' title='bbox 1284 5277 1352 5314; x_wconf 86' lang='lat' dir='ltr'>arms</span> <span class='ocrx_word' id='word_1_804' title='bbox 1367 5269 1393 5314; x_wconf 90' lang='lat' dir='ltr'>et</span> <span class='ocrx_word' id='word_1_805' title='bbox 1405 5276 1497 5328; x_wconf 85' lang='lat' dir='ltr'>equos,</span> <span class='ocrx_word' id='word_1_806' title='bbox 1510 5267 1536 5315; x_wconf 90' lang='lat' dir='ltr'>et</span> <span class='ocrx_word' id='word_1_807' title='bbox 1549 5262 1572 5315; x_wconf 91' lang='lat' dir='ltr'>si</span> <span class='ocrx_word' id='word_1_808' title='bbox 1588 5262 1656 5328; x_wconf 90' lang='lat' dir='ltr'>quod</span> <span class='ocrx_word' id='word_1_809' title='bbox 1669 5263 1737 5315; x_wconf 91' lang='lat' dir='ltr'>aliud</span> <span class='ocrx_word' id='word_1_810' title='bbox 1753 5263 1867 5315; x_wconf 87' lang='lat' dir='ltr'>bellicum</span> 
     </span>
    </p>
   </div>
   <div class='ocr_carea' id='block_1_16' title="bbox 0 0 2030 5926">
    <p class='ocr_par' dir='ltr' id='par_1_33' title="bbox 0 0 2030 5926">
     <span class='ocr_line' id='line_1_107' title="bbox 0 0 2030 5926; baseline 0 0"><span class='ocrx_word' id='word_1_811' title='bbox 0 0 2030 5926; x_wconf 95' lang='lat' dir='ltr'> </span> 
     </span>
    </p>
   </div>
  </div>
 </body>
</html>
