4048 5924
253 337 314 397 θθΰ

256 471 322 553 πρὸς
344 468 403 536 τοθς
423 459 695 543 συμπολιτευομένους
714 461 755 520 ἀπ’
779 459 867 540 εὐνοία
885 457 1035 539 γινόμενον·

260 558 355 638 μανίαν
368 579 397 616 τε
412 555 555 630 ἀπέφαινον
576 552 655 610 αύτού
669 548 718 621 τὴν
737 546 910 626 συμύουλήν,
923 548 953 606 οθ
967 567 1036 625 παρ-

250 644 352 724 ,ρησίαν
377 643 431 702 οὐδ’
457 636 617 719 ἐλευθερίαν.
641 633 737 717 Βραχθ
765 634 812 713 μὲν
835 625 879 695 oio
903 637 982 694 τοῦτο
1004 631 1036 690 τθ

250 734 336 814 ’μέρος
373 726 545 793 καὶ-ἀσθενὲς
568 724 597 785 δν
613 726 769 805 περιωθοῖτο
791 724 842 783 ύπδ
855 728 902 782 τοῦ
924 718 1036 801 βιαιοτέ-

216 854 230 893 5
259 843 312 901 ρου.
354 822 448 879 Ταῦτα
463 815 490 875 δὲ
507 818 618 894 δρῶντες
638 816 662 873 oi
678 813 827 891 δήμαρχοι·
842 813 968 890 παρῆσαν
984 808 1036 889 γάρ

257 913 294 989 τῷ
330 906 455 984 συνεδρίῳ
492 900 707 984 παρακληθέντες
742 900 794 960 ύπθ
825 905 877 960 τῶν
912 896 1034 958 ὑπάτων·

257 995 339 1056 ίόόων
351 1019 381 1055 τε
394 993 440 1055 καί
454 991 587 1071 ἤσπαιρον
602 989 704 1050 καὶτὸν
719 987 838 1067 Μάρκιον
851 990 974 1064 λυμεῶνα
989 983 1035 1043 καί

256 1086 361 1164 ὄλεθρον
382 1087 429 1155 τῆς
449 1080 550 1148 πολιως
573 1078 740 1152 ἀπεκάλουν,
755 1076 886 1153 πονηροὺς
908 1072 1035 1144 διεξιόντα

256 1173 325 1234 κατθι
339 1177 385 1231 τοῖν
399 1169 484 1247 δήμου
500 1168 606 1249 λόγους·
622 1166 669 1227 καῖ
687 1168 711 1225 εί
729 1164 767 1243 μή
787 1163 934 1223 κωλύσειαν
956 1162 1035 1220 αύτθν

205 1280 231 1320 ιο
257 1263 282 1322 ol
300 1259 436 1340 πατρίκιοι
451 1257 567 1333 πολεμον
588 1253 714 1338 θμρύλιον
737 1258 773 1320 τίς
795 1276 810 1310 τ
822 1276 842 1325 ,ν
863 1252 939 1310 πόλιν
960 1250 1035 1310 είσά-

256 1372 337 1431 γοντα
357 1347 462 1428 θανάτῳ
479 1340 695 1422 ζημιώσαντεςή
717 1344 805 1422 φυγῇ,
824 1337 896 1398 αὐτοί
910 1338 1032 1409 ποιήσειν

250 1441 324 1502 τοῦτ’
340 1439 441 1516 ἔλεγον.
485 1432 607 1514 Θορύύου
624 1431 652 1492 di
673 1430 712 1489 ἔτι
729 1429 848 1495 πλείονος
863 1426 907 1486 tel
922 1433 975 1493 τοῖς
989 1425 1033 1485 λό·

256 1551 312 1609 γοις
332 1530 383 1587 τῶν
405 1522 552 1604 δημάρχων
572 1518 714 1598 γενομένου
732 1517 778 1577 καί
800 1516 915 1593 μάλιστα
933 1516 964 1574 ἐκ
980 1517 1033 1574 τῶν

256 1615 388 1698 νεωτέρων
412 1615 459 1682 τθς
483 1610 594 1679 ἀπειλάς
613 1607 889 1690 δυσανασχετούντων,
914 1605 1035 1686 ἐπαρθείς

205 1723 230 1762 ιο
256 1705 356 1773 τούτοις
373 1709 388 1764 θ
406 1703 527 1783 Μάρκιος
541 1698 730 1777 αὐθαδέστερον
744 1696 797 1770 ήδη
815 1693 967 1763 καθήπτετο
981 1696 1033 1752 τῶν

257 1794 402 1874 δημάρχων
414 1789 460 1852 καί
471 1788 646 1870 θρασύτερον·
668 1812 681 1839 ιι
695 1787 729 1845 Εί
742 1784 781 1862 μὴ
792 1781 924 1841 παύσεσθε
937 1780 1034 1857 μέντοι,

257 1912 271 1939 ο
284 1884 386 1964 λέγων,
401 1880 572 1961 ταράττοντες
596 1875 644 1948 τήν
660 1873 736 1935 πόλιν
759 1877 833 1948 ύμεῐς
848 1868 895 1928 καί
913 1869 1034 1945 ἐκδημα-

258 1980 428 2054 αγωγούντες
449 1967 509 2036 τοὺς
532 1966 665 2046 ἀπόρους,
693 1961 780 2023 etate
801 1959 872 2039 λόγῳ
901 1956 1034 2034 διοίσομαι

258 2088 272 2115 ιι
285 2061 350 2141 πρὸς
363 2063 447 2136 ὑμᾶς,
465 2055 526 2115 ἀλλ’
540 2054 620 2135 ἔργῳ.
636 2079 650 2105 ν

205 2172 231 2210 au
298 2151 403 2212 xxvi.
426 2144 613 2226 Ἠγριωμένης
629 2141 657 2202 δθ
676 2146 724 2214 τῆς
747 2141 856 2220 βουλῆς,
881 2139 917 2203 ὡς
936 2134 1033 2212 ἔμαθον

249 2242 281 2300 οί
303 2240 437 2320 δήμαρχοι
460 2234 567 2302 πλείους
590 2232 667 2299 ὄντας
686 2229 747 2298 τοθς
773 2228 947 2309 βουλομένους
969 2229 1034 2306 ἀρε-

257 2328 350 2389 λέσθαι
363 2327 412 2399 τήν
427 2329 548 2385 δοθεῖσαν
562 2318 680 2390 ίξουσίαν
691 2320 730 2396 τῷ
749 2316 828 2397 δήμῳ
839 2318 891 2375 τῶν
912 2313 1034 2391 ίμμίνιιν

257 2424 316 2483 ταῖς
337 2414 488 2495 ὁμολογίαις
508 2409 671 2485 ἀξιούντων,
696 2406 838 2487 θξέδραμον
859 2407 890 2464 ἐκ
906 2407 952 2462 τού
969 2406 1034 2481 βου-

257 2506 406 2588 λευιηρίου,
422 2501 580 2586 κεκραγότος
593 2499 640 2560 καί
656 2495 728 2564 θεοὺς
742 2492 802 2560 τοὺς
818 2492 921 2572 ὁρκίους
942 2493 1035 2550 ἐπικα-

206 2622 232 2662 οι
258 2595 391 2672 λούμενοι.
435 2590 492 2652 Καὶ
517 2589 586 2667 μετά
608 2589 703 2664 τοῦτο,
717 2579 909 2658 συναγαγόντες
931 2578 968 2645 είς
990 2581 1035 2636 ἐκ·

258 2683 370 2755 κλησίαν
383 2679 428 2740 τδν
442 2680 537 2755 δῆμον,
551 2675 688 2749 θδήλωααν
702 2673 774 2752 αύτῷ
787 2668 847 2735 τοθς
862 2671 887 2728 ἐν
903 2670 937 2745 τῇ
952 2667 1034 2747 βουλῇ

251 2771 385 2853 »ῥηθέντας
397 2768 489 2845 λόγους
506 2767 557 2826 ἀπὸ
569 2769 615 2825 τοῖν
630 2761 772 2843 Μαρκίου,
784 2758 830 2818 καὶ
844 2754 887 2815 τθν
901 2754 983 2833 ἄνδρα
1000 2756 1036 2822 τίς

259 2855 404 2934 ἀπολογίαν
427 2854 550 2915 ἐκάλουν.
592 2850 643 2918 Ὦς
666 2848 694 2909 δὲ
715 2852 745 2908 ού
769 2853 909 2925 προσεῖχεν
931 2843 1035 2920 αὐτοῖς,

260 2944 391 3008 ἀλλὰκαὶ
413 2942 473 3011 τοὺς
496 2940 646 3023 ὑπηρέτας,
670 2941 713 3020 ἀρ’
731 2927 767 2996 bn
785 2936 918 3005 ἐκαλεῖτο,
932 2953 1036 3010 προπη·

206 3056 233 3096 ao
259 3037 372 3106 λακίζων
394 3043 448 3102 τοῖς
470 3033 558 3109 λόγοις
582 3026 715 3107 ἀνεῖρξεν,
741 3020 974 3103 ἀγανακτήσαντες
998 3019 1037 3078 ἔτι

260 3129 362 3205 μᾶλλον
380 3126 404 3183 ol
421 3120 555 3200 δήμαρχοι
569 3115 768 3196 παραλαύόντες
783 3111 843 3179 τούς
858 3134 888 3169 τε
902 3107 1036 3189 ἀγορανό-

259 3237 323 3291 μους
341 3211 387 3271 καί
405 3213 457 3269 τῶν
478 3208 565 3266 ἄλλων
586 3206 701 3264 πολιτῶν
719 3199 830 3281 συχνοθς
847 3198 977 3278 ὥρμησαν
992 3200 1035 3257 ἐπ’

260 3301 352 3361 αὐτόν·
369 3300 421 3359 ὁδ’
438 3297 531 3376 ἔτυχεν
543 3295 582 3356 ἔτι
599 3292 741 3374 διατρίόων
754 3289 805 3372 πρδ
824 3294 871 3348 τοῦ
892 3289 1037 3367 βουλευτη-

261 3388 326 3469 ρίου,
345 3389 397 3446 τιῗιν
411 3408 441 3445 τε
454 3382 602 3463 πατρικίων
620 3378 734 3447 πολλούς
752 3375 915 3454 ἐπαγόμενος
927 3374 972 3433 καλ
987 3375 1036 3447 τήν

206 3514 233 3554 35
259 3477 343 3548 ἀλλην
363 3474 481 3553 ἑταιρίαν
502 3473 564 3552 περὶ
586 3468 664 3529 ababa
687 3467 767 3548 ίχων.
811 3462 861 3528 Ὡς
878 3464 907 3522 δὲ
921 3463 1037 3522 συνεῖδον

260 3566 339 3624 αύτδν
348 3565 372 3622 οῖ
381 3561 531 3641 δήμαρχοι,
544 3555 709 3638 προσέταξαν
722 3563 778 3622 τοῖς
792 3552 965 3634 ἀγορανόμοις
979 3553 1036 3611 ἔπι·

260 3651 389 3712 λαύέσθαι
411 3655 455 3708 τοῦ
477 3649 613 3722 σώματος,
641 3645 687 3706 καί
712 3647 735 3704 εί
758 3641 795 3722 μή
821 3639 888 3702 ἑκὼν
915 3640 1038 3720 βούλεται

259 3742 427 3810 ἀκολουθεῖν,
445 3736 491 3818 βίογ
506 3737 597 3813 άγειν·
615 3723 687 3812 ι’ίχον
705 3731 732 3791 di
753 3731 812 3791 τότε
836 3728 883 3802 τὴν
907 3731 1036 3806 ἀγορανο-

260 3830 342 3906 μικὴν
365 3826 482 3897 ἐξουσίαν
505 3827 585 3889 Τῖτος
611 3822 717 3894 Ἰούνιος
742 3823 857 3899 Βροῦτος
885 3818 931 3874 καί
957 3815 1037 3882 Γάϊος

206 3953 234 3992 ςη
261 3918 417 3984 Οθῖσέλλιος
431 3914 556 3991 Ῥούγας.
601 3912 635 3972 Οί
651 3909 743 3984 μὲνδὴ
763 3906 913 3985 προσήισαν
933 3907 967 3970 ὡς
979 3907 1038 3964 ίπι·

260 4006 405 4083 ληψόμενοι
419 4008 466 4063 τοῖ
480 3998 583 4080 ἀνδρός·
602 4000 626 4057 ol
639 3996 666 4056 δὲ
683 3994 816 4076 πατρίκιοι
834 3990 916 4051 δεινὸν
932 3993 1038 4069 ἡγησά-

262 4114 335 4170 μενοι
348 4083 476 4173 τούργον,
489 4090 540 4148 tui
556 4091 609 4148 τῶν
619 4085 765 4165 δημάρχων
780 4080 833 4162 πρδ
844 4080 919 4152 δίκης
929 4079 1039 4160 άγεσθαί

260 4203 320 4239 τινα
338 4183 410 4259 σφῶν
431 4178 490 4259 βία,
510 4177 679 4257 προύστησαν
696 4179 742 4233 τοῦ
763 4171 888 4252 Μαρκίου
910 4169 956 4229 καί
971 4170 1037 4229 τύπ·

260 4290 347 4335 τοντες
368 4264 427 4333 τοθς
446 4266 527 4343 δμόοε
551 4269 702 4345 χωροῦντας
728 4259 882 4332 ἀπήλασαν.
924 4259 1040 4332 Διαύοη-

207 4391 234 4431 ςς
260 4358 346 4425 θέντος
360 4355 388 4416 δὲ
408 4360 456 4415 τοῦ
474 4355 572 4422 πάθους
587 4352 637 4413 άνδι
651 4351 700 4424 τήν
719 4349 795 4411 πολιν
806 4348 889 4423 ὅλην,
904 4346 1038 4418 ἐξεπήδων

260 4447 374 4514 ἀπαντες
399 4446 429 4504 ta
454 4447 506 4502 τῶν
530 4445 635 4502 οἰκιῶν·
657 4445 681 4501 οῖ
706 4436 753 4516 μὲν
773 4439 800 4497 έν
819 4445 873 4504 τοῖς
892 4436 1039 4511 ἀξιώμασιν

258 4537 331 4600 ὄντες
346 4535 391 4596 καί
403 4531 548 4617 χρημάτων
562 4533 665 4611 ἔχοντες
679 4521 708 4589 εύ
719 4528 764 4588 τδν
782 4528 906 4605 Μάρκιον
919 4529 1037 4601 ὑπερασ-

259 4630 378 4692 πιοῦντες
394 4624 452 4701 άμα
466 4630 519 4690 τοῖς
534 4619 684 4701 πατρικίοις
704 4617 749 4678 καί
764 4616 813 4689 τήν
827 4612 943 4695 ἀρχαίαν
959 4615 1039 4671 ἀνακ·

180 4706 182 4709 ’
259 4721 400 4791 τησόμενοι
425 4710 574 4773 πολιτείαν·
599 4711 623 4768 oi
649 4707 676 4767 δθ
715 4704 834 4767 ταπεινοί
859 4710 916 4767 ταῖς
945 4697 1039 4779 τύχαις

207 4842 234 4881 ,0
258 4804 304 4862 καὶ
321 4804 378 4884 βίου
397 4801 566 4871 σπανίζοντες
587 4797 696 4876 ἀμύνειν
718 4787 966 4874 παρεσκευασμένοι
984 4791 1038 4855 τοῖς

260 4891 409 4972 δημάρχοις
418 4888 466 4949 καί
477 4896 561 4949 ποιεῖν
576 4884 593 4946 ὅ
600 4909 626 4946 τι
641 4886 672 4945 διν
684 4884 778 4945 ἀκεῖνοι
789 4878 960 4941 κελεύσωσιν·
975 4876 993 4949 il
1009 4899 1038 4935 τε

260 4975 358 5050 αἰδὼς,
382 4980 425 5059 ὑφ’
448 4969 480 5051 ἧς
502 4974 568 5042 τέως
595 4974 669 5034 οὐδὲν
699 4972 819 5050 ἐτόλμων
846 4970 882 5034 εἷς
906 4964 1038 5037 ἀλλήλους

260 5073 435 5141 παρανομεῖν,
461 5063 521 5125 τότε
549 5062 666 5142 ἀνήρητο
692 5058 737 5119 ὑπ’
772 5061 867 5118 αὐτῶν.
911 5056 953 5115 Ob
984 5052 1038 5127 μὴν

259 5150 373 5230 ἔδρασάν
380 5175 411 5229 γε
420 5152 494 5214 otilo
510 5149 654 5223 ἀνήκεστον
664 5148 712 5221 τήν
723 5145 827 5225 ἡμέραν
839 5142 953 5221 ἐκείνην,
968 5140 1038 5200 ἀλλά

711 384 713 389 ,
761 324 945 390 ¹lllONYSll
967 323 1364 388 HALlcnaansan'srs«

1090 471 1174 520 autem
1188 468 1288 520 dicendi
1304 467 1445 530 licentiam,
1463 469 1509 520 aut
1526 467 1664 520 libertatem
1674 481 1733 521 esse
1747 468 1871 522 dicebant

1090 568 1150 618 llaec
1162 569 1246 619 tamen
1261 580 1333 632 pars,
1346 581 1404 632 qna
1417 580 1492 633 parva
1510 570 1535 618 et
1549 566 1639 618 debilis
1649 569 1711 628 erat,
1730 566 1819 618 cedere
1831 581 1872 618 co·

1090 664 1195 728 gebatur
1208 664 1233 715 ri
1242 678 1396 729 numeroque
1409 665 1595 730 potentioribus.
1629 670 1692 725 Qua
1706 666 1818 718 ridentes
1827 668 1871 718 tri·

1091 761 1151 813 boni
1162 761 1280 828 (aderaut
1291 763 1355 814 enim
1370 763 1395 812 in
1406 766 1494 815 senatu
1507 777 1522 813 a
1535 764 1678 815 consulibus
1690 764 1787 827 vocati)
1801 764 1871 816 roci-

1092 860 1234 911 lerabaniur
1244 860 1430 922 etitemebant·,
1444 864 1470 912 et
1480 862 1601 913 ilorcium
1615 863 1758 926 reipublicae
1772 864 1873 928 pestem

1091 960 1271 1024 perniciemque
1291 960 1460 1025 appellabant,
1484 960 1528 1025 qui
1551 961 1617 1025 plebi
1633 962 1819 1014 malediceret:
1844 944 1872 1013 et

1091 1058 1220 1118 uilicum,
1231 1057 1305 1109 civile
1317 1056 1410 1107 bellum
1425 1058 1451 1109 iu
1461 1057 1638 1121 rempublicam
1651 1057 1812 1110 inducentem
1823 1073 1870 1123 pa·

1091 1153 1158 1204 tricii
1171 1150 1329 1213 cohiberent,
1345 1151 1386 1202 net
1397 1157 1494 1213 morte,
1508 1152 1549 1203 vei
1563 1151 1650 1204 exsilio
1661 1190 1668 1212 ,
1682 1152 1731 1219 ipsi
1743 1167 1771 1205 se
1781 1153 1807 1204 id
1819 1154 1873 1209 lace

1091 1253 1161 1301 turos
1182 1249 1350 1301 minabantur.
1394 1250 1455 1301 cum
1477 1252 1561 1301 autem
1581 1253 1614 1303 ob
1637 1251 1693 1304 hac
1717 1252 1874 1305 tribunorum
1916 1302 1920 1307 .

1090 1344 1167 1395 rerba
1183 1344 1255 1408 longe
1271 1345 1349 1396 maior
1362 1347 1485 1401 tumultus
1503 1348 1651 1410 exoriretur,
1668 1351 1794 1415 precipue
1812 1364 1874 1404 reru

1089 1457 1121 1495 ex
1139 1443 1275 1494 iunioribus
1294 1444 1373 1495 mines
1391 1445 1445 1497 illas
1464 1445 1563 1512 indigne
1582 1448 1732 1511 terentibus,
1747 1451 1873 1511 llercius3

1090 1540 1130 1592 bis
1142 1542 1220 1594 iratus
1228 1545 1255 1594 et
1263 1542 1356 1607 elatus,
1371 1546 1524 1610 arrogantius
1535 1547 1619 1598 iamet
1631 1547 1751 1599 audacius
1767 1551 1793 1598 in
1805 1549 1873 1612 ipsos

1091 1639 1205 1691 tribunos
1233 1639 1348 1692 insectus
1369 1646 1417 1694 est
1445 1663 1457 1688 u
1489 1645 1559 1706 Nisi,
1581 1644 1723 1708 inquiebat.
1748 1645 1873 1697 desieritis

1093 1733 1299 1799 «rempublicam
1315 1738 1475 1801 perturbare,
1487 1741 1513 1790 et
1533 1740 1623 1790 vestris
1640 1738 1800 1790 concionibus
1818 1743 1875 1789 ino·

1095 1852 1107 1875 a
1121 1844 1166 1897 pes
1178 1830 1315 1892 concitare,
1333 1846 1382 1883 non
1401 1833 1508 1897 amplius
1530 1834 1627 1895 verbis,
1644 1835 1689 1887 sed
1705 1834 1776 1885 lactis
1788 1834 1871 1886 vobis·

1092 1949 1106 1975 e
1125 1942 1183 1980 cum
1194 1927 1349 1982 contendam.
1366 1949 1379 1975 ν

1128 2133 1217 2183 xxvi.
1236 2130 1389 2183 Exacerbato
1401 2135 1484 2183 autem
1493 2135 1597 2192 εεαεια,
1607 2144 1665 2182 eum
1680 2130 1769 2182 tribuni
1778 2143 1875 2194 cogno·

1094 2234 1189 2285 nissam
1217 2235 1336 2285 maiorem
1347 2247 1543 2286 essenumernrn
1554 2247 1655 2295 conam,
1668 2233 1710 2298 qui
1722 2232 1806 2284 mlum
1825 2245 1874 2296 po·

1093 2333 1151 2398 pulo
1171 2335 1318 2399 potestatem
1339 2332 1449 2384 adlmere
1476 2335 1580 2397 vellent,
1608 2346 1683 2397 qnam
1703 2346 1803 2391 eorum,
1826 2334 1875 2398 qul

1093 2436 1159 2501 pacis
1180 2435 1361 2486 conditionibus
1380 2435 1495 2488 standum
1518 2441 1661 2497 censerent,
1677 2450 1731 2487 sese
1750 2450 1782 2487 ex
1803 2436 1876 2488 curia

1093 2536 1269 2599 vociterantes,
1286 2541 1312 2589 et
1324 2539 1384 2589 deos
1396 2539 1519 2590 ioederum
1533 2543 1610 2590 testes
1622 2539 1794 2603 implorantes,
1813 2552 1877 2604 pro·

1095 2639 1233 2702 ripucrunt.
1270 2642 1375 2701 Postea,
1389 2641 1460 2706 plebe
1476 2640 1506 2691 ad
1523 2643 1666 2693 concionem
1680 2646 1827 2701 convocata.
1839 2644 1877 2693 in·

1094 2739 1209 2790 dicarunt
1225 2739 1263 2810 ei,-
1275 2740 1337 2804 qnid
1357 2742 1381 2792 in
1402 2746 1488 2793 senatu
1506 2743 1616 2794 llarcius
1631 2743 1750 2805 dixisset,
1769 2757 1875 2807 eumque

1092 2840 1124 2903 ad
1146 2855 1259 2893 caussam
1279 2842 1408 2893 dicendam
1431 2843 1622 2895 arcessirerunt.
1665 2846 1734 2902 Quos
1755 2859 1813 2896 cum
1836 2845 1876 2897 ille

1095 2944 1276 3002 contemneret,
1290 2947 1367 3006 atque
1384 2945 1447 2995 adeo
1460 2957 1546 2995 eorum
1561 2943 1702 3008 ministros,
1716 2947 1877 3011 aquibusci·

1094 3048 1200 3111 labatur,
1223 3047 1407 3098 contumeliosis
1429 3047 1512 3098 verbis
1533 3046 1675 3111 repelleret,
1700 3045 1803 3096 obeam
1823 3058 1876 3096 rem

1094 3152 1174 3202 multo
1187 3150 1265 3215 magis
1284 3150 1403 3215 indignati
1417 3149 1525 3210 tribuni,
1543 3148 1678 3212 assumptis
1689 3147 1749 3213 ipsis
1763 3147 1877 3199 aeditibus

1093 3257 1120 3305 el
1135 3253 1220 3304 multis
1240 3253 1294 3303 aliis
1308 3251 1417 3312 civibus,
1435 3251 1555 3315 impetum
1575 3250 1600 3300 in
1611 3263 1670 3301 eum
1685 3251 1794 3300 lecerunt
1812 3269 1818 3297 :
1835 3250 1878 3301 ille

1094 3353 1159 3403 enim
1179 3352 1261 3403 adbuc
1275 3364 1320 3416 pro
1341 3350 1410 3401 curia
1426 3350 1526 3416 stabat„
1538 3351 1626 3401 multis
1644 3350 1751 3416 patriciis
1767 3348 1877 3412 stipatus

1093 3458 1119 3505 et
1133 3454 1253 3518 reliquam
1271 3450 1427 3503 sodalitatem
1450 3450 1516 3501 circa
1534 3465 1562 3502 se
1584 3451 1687 3502 liabens.
1718 3453 1797 3509 Quem
1817 3463 1878 3501 curn

1094 3551 1281 3616 conspexissent
1297 3548 1403 3610 tribuni,
1418 3546 1532 3598 aedilibus
1545 3547 1714 3613 imperarunt,
1724 3547 1878 3598 utmanibus

1093 3665 1255 3717 iniectiseurn
1264 3656 1509 3723 comprehenderent,
1517 3658 1544 3705 et
1553 3652 1599 3703 nisi
1610 3653 1699 3715 sponte
1708 3649 1778 3713 sequi
1790 3647 1873 3709 vellet,

1093 3782 1151 3818 curn
1166 3766 1193 3816 vi
1210 3762 1376 3817 adducereut;
1390 3760 1460 3810 erant
1475 3759 1559 3805 aulem
1573 3756 1633 3803 tunc
1648 3749 1734 3801 ediles
1744 3751 1774 3800 T.
1790 3748 1876 3799 iunius

1096 3869 1196 3926 Brutus,
1215 3868 1242 3916 et
1258 3865 1286 3915 o.
1304 3860 1418 3912 Visellius
1430 3861 1507 3923 Ruga.
1541 3854 1573 3904 lli
1587 3851 1664 3917 igitur
1672 3849 1832 3912 accedebant,
1844 3852 1875 3901 ut

1093 3993 1152 4031 eum
1163 3971 1416 4041 comprehenderent:
1430 3966 1456 4014 at
1471 3957 1566 4026 patricii
1580 3954 1674 4005 lemnus
1687 3951 1870 4003 intolerandum

1094 4079 1150 4139 rati,
1161 4077 1267 4141 aliquem
1278 4073 1316 4123 sui
1326 4065 1420 4119 ordinis
1432 4057 1561 4113 atribunis
1572 4056 1630 4104 ante
1639 4065 1736 4104 caussae
1745 4050 1878 4101 dictionem

1095 4178 1119 4228 ni
1134 4176 1228 4243 abripi,
1241 4188 1285 4240 pro
1296 4168 1388 4222 Marcio
1407 4176 1434 4214 se
1443 4159 1492 4212 illis
1504 4155 1687 4223 opposuerunt,
1699 4157 1727 4202 ut
1738 4166 1797 4203 eum
1808 4154 1878 4201 tula-

1094 4278 1188 4333 rentur,
1202 4278 1228 4324 ct
1243 4270 1330 4323 obuios
1348 4274 1477 4330 quemue,
1497 4256 1542 4320 qui
1554 4251 1733 4313 accessissent,
1753 4250 1880 4300 cedentes

1094 4356 1244 4439 repulerant.
1278 4368 1352 4418 cuius
1372 4359 1487 4415 iocinoris
1504 4351 1671 4407 rumeseiam
1685 4364 1729 4415 per
1743 4351 1820 4399 totam
1838 4360 1879 4396 ur·

1094 4468 1150 4518 bem
1162 4467 1274 4531 vulgato,
1289 4475 1375 4512 omnes
1390 4471 1421 4508 ex
1431 4454 1526 4507 aedibus
1538 4448 1699 4517 prosiliebant
1715 4463 1722 4495 t
1738 4456 1766 4492 ae
1784 4441 1801 4491 ii
1812 4440 1875 4505 qui·

1094 4564 1164 4625 dem,
1179 4563 1256 4625 quiin
1266 4559 1349 4623 aliqua
1360 4554 1479 4619 dignitate
1493 4553 1519 4601 et
1534 4544 1646 4611 opulenti
1664 4542 1747 4601 erant,
1759 4541 1787 4587 ut
1806 4538 1878 4586 liar·

1095 4665 1176 4724 cium,
1189 4659 1366 4714 adiuvantibus
1381 4654 1500 4722 patriciis,
1522 4648 1691 4713 protegerent,
1706 4646 1732 4693 et
1745 4637 1879 4705 pristinum

1095 4755 1237 4820 reipublice
1253 4756 1345 4804 statum
1367 4743 1541 4810 recuperarent
1562 4753 1569 4784 τ
1588 4739 1631 4801 qui
1644 4748 1704 4786 vero
1716 4730 1807 4782 humili
1826 4729 1879 4778 lor-

1095 4857 1156 4905 tuna
1177 4856 1263 4913 erant,
1283 4853 1309 4900 et
1328 4847 1411 4897 metus
1426 4840 1509 4907 inopia
1527 4833 1687 4893 laborabant,
1711 4833 1740 4880 ut
1762 4830 1880 4878 anemos

1094 4949 1267 5009 defenderent,
1282 4944 1361 5010 parati
1385 4942 1465 4992 iacere
1495 4932 1618 5001 quidquid
1641 4930 1676 4983 illi
1703 4914 1878 4993 imperassent

1095 5046 1233 5111 Omnisque
1247 5038 1406 5099 verecundia,
1432 5049 1481 5100 qua
1502 5035 1622 5083 hacteuus
1645 5026 1763 5078 retentis
1783 5022 1878 5071 mutuis

1094 5144 1189 5197 iniuriis
1201 5140 1382 5198 abstinuerant,
1402 5140 1460 5188 tunc
1472 5131 1568 5184 sublata
1581 5131 1627 5181 est.
1652 5123 1831 5176 verumtamen
1848 5130 1879 5168 eo
