4068 5924
643 366 935 440 ANTtQUtt'At‘UM
959 367 1109 429 ttettnit.
1135 369 1207 428 LlB.
1229 369 1279 427 ΙΙΙ.

144 496 229 577 ‹te-pte
243 498 384 568 διαστῆσαι
395 495 441 563 ed<
452 495 558 573 πόλεις,
574 497 618 555 καὶ
631 497 674 556 erl
687 502 763 556 τοῦτο
775 501 823 567 τῆς
837 499 921 576 ἀρχῆς

144 585 213 662 μετὰ
224 586 269 645 τὸν
282 583 422 645 Κλυυιλίσυ
434 585 543 644 θάνατον
554 584 684 662 ἀξιωθείς,
695 584 785 655 ἐπειδὴ
796 588 843 656 τῆς
859 589 921 663 ἡγε-

144 673 238 748 μονίας
252 671 344 752 ἔτυχε,
357 672 404 730 καὶ
417 670 455 730 δυ’
477 663 508 739 ήν
525 673 552 731 δν
574 681 626 739 τοῖς
647 673 786 752 πράγμασι
807 672 921 751 δυσχερῆ

144 762 189 821 καί
204 760 296 840 ἄπορα
310 761 444 833 συνεῖδεν,
458 757 545 820 odnie
565 761 689 836 διέμεινεν
704 759 748 819 ἐπὶ
767 759 820 826 τοῖς
835 760 922 826 αὐτοῖς

105 864 117 900 ⁵
143 848 342 930 βουλεύμασιν,
359 848 420 906 ἀλλ’
434 852 469 916 εἷς
484 846 614 913 άναύσλδις
631 849 675 907 καί
697 847 832 927 διατριόδις
849 848 921 923 ἄγειν

142 938 215 1009 ἠξίου
228 936 263 996 τά
277 938 438 1017 πράγματα,
453 939 519 1015 θριῗιν
532 936 591 995 οὔτε
604 938 662 1003 τοὺς
679 936 817 1002 Ἀλάανυθς
831 934 920 995 άπαι-

141 1051 189 1093 τας
217 1025 311 1103 δμοίαν
338 1025 446 1103 ἔχοντας
468 1023 507 1082 ἔτι
529 1024 675 1103 προθυμίαν
699 1024 763 1106 πρὸς
786 1021 920 1102 πόλεμον,

142 1116 201 1176 οὔτε
214 1114 252 1173 τά
272 1111 362 1192 σφάγι’
376 1113 455 1171 ὁπότε
469 1112 554 1171 θύοιτο
573 1114 632 1192 περὶ
653 1113 741 1192 μάχης
761 1111 831 1170 καλά
850 1113 920 1189 γινό-

142 1222 226 1273 μενα·
246 1202 374 1259 τελευτῶν
394 1200 481 1259 diurni
500 1204 536 1266 είς
559 1200 728 1280 καταλλαγάς
743 1200 809 1279 ἔγνω
824 1224 923 1281 προκα-

98 1301 118 1338 ¹⁰
142 1291 248 1350 λεῖσθαι
263 1289 321 1356 τοὺς
338 1289 479 1365 πολεμίους
492 1288 615 1370 πρότερος
634 1289 922 1370 ἐπικηρυκευσάμενος,

143 1379 236 1454 μαθὼν
257 1379 301 1436 τὸν
325 1376 536 1456 ἐπικρεμάμενον
562 1377 653 1446 ίξωθεν
677 1376 811 1444 Ἀλύανοῖς
831 1400 860 1436 τε
877 1377 923 1436 καί

142 1466 292 1541 Ῥωμαίοις
307 1465 443 1540 κίνδυνον,
464 1470 486 1526 τί
508 1464 546 1544 μή
562 1467 713 1526 σπείσονται
731 1466 776 1525 τδν
793 1465 858 1546 πρὸς
874 1467 922 1525 άλ-

141 1556 241 1628 λήλους
258 1555 392 1632 πόλεμον,
409 1555 522 1636 άφυκτον
537 1553 618 1633 ὄντα,
635 1554 662 1621 θς
680 1554 789 1632 ἔμελλεν
805 1553 921 1636 ἀμφασί-

143 1668 192 1722 ρας
207 1642 412 1724 ἀναρπάσασθαι
424 1642 470 1711 τδις
484 1643 614 1720 δυνάμεις.
656 1633 712 1703 Ἦν
724 1645 751 1702 di
767 1642 880 1702 τοιόσδε.

99 1746 118 1782 ¹³
181 1734 236 1794 Vl.
250 1730 406 1792 Οὖῖεντανυλ
416 1730 462 1791 καί
473 1733 614 1803 Φιδηναῖοι
625 1732 742 1810 μεγάλας
753 1729 798 1789 καί
807 1732 920 1789 πολυαν·

143 1819 264 1900 θρόιπους
279 1819 384 1900 ἔχοντες
394 1818 497 1891 πόλεις,
511 1820 555 1877 ἐπί
571 1819 618 1893 μὲν
633 1823 679 1891 τῆς
690 1817 829 1893 Ῥωμύλου
845 1821 923 1897 βασι-

144 1907 216 1975 Λείας
223 1909 260 1975 είς
270 1908 387 1983 πόλεμον
399 1906 464 1985 θπίρ
472 1909 556 1988 ἀρχῆς
564 1906 609 1965 καὶ
620 1905 923 1983 δυναστείαςῬωμαίοις
935 1934 939 1942 ·
957 1960 959 1963 ,

143 1995 334 2068 κατίστησαν,
350 1997 377 2052 ἐν
394 1984 416 2075 ᾧ
431 1994 531 2061 πολλὰς
545 1994 720 2059 ἀπολέσαντες
734 1994 857 2072 δυνάμεις
871 1997 924 2071 άμ-

144 2084 264 2163 φότεροι,
283 2082 329 2141 καί
343 2083 432 2163 χώρας
444 2082 592 2162 ἀποδασμῷ
606 2081 795 2160 ζημιωθέντες,
811 2082 924 2154 ὑπήκοοι

98 2187 121 2220 ³¹
144 2176 201 2237 τοῖς
212 2170 406 2249 κεκρατηκόσιν
415 2172 619 2247 ἠναγκάσθησαν
628 2170 763 2250 γενίσθαι·
774 2169 835 2250 περὶ
848 2161 885 2230 ὧν
897 2172 923 2229 ἐν

145 2266 178 2339 τῇ
203 2259 256 2339 πρὸ
276 2257 375 2331 ταύτης
390 2260 525 2331 δεδήλωκα
539 2264 628 2340 γραφῇ
647 2259 677 2318 τδ
700 2258 816 2337 άκριόίς.
860 2258 924 2320 Ἐπί

145 2349 172 2407 δὲ
188 2350 236 2418 τῆς
252 2346 333 2422 Νόμα
347 2347 501 2424 Πομπιλίου
516 2346 667 2415 δυναστείας
681 2347 785 2426 είρήνης
804 2348 923 2407 ἀπολαύ-

144 2457 237 2502 σαντες
259 2432 373 2514 βεθαίου
390 2432 490 2504 πολλήν
506 2435 584 2512 ἔσχον
605 2435 720 2493 ἐπίδοσιν
735 2436 770 2501 είς
785 2434 923 2515 εὖανδρίαν

145 2547 173 2582 τε
189 2523 233 2581 καὶ
247 2525 363 2582 πλοῦτον
378 2524 423 2580 καί
434 2521 481 2591 τήν
495 2522 577 2594 ἄλλην
592 2519 770 2598 εὐδαιμονίαν.
814 2520 924 2587 Τούτοις

37 2632 38 2671 t
97 2628 121 2665 κε
146 2612 181 2680 δὴ
196 2616 248 2679 τοῖς
262 2614 369 2688 άγαθυῖς
385 2610 540 2689 ίπαρθίντες
549 2656 559 2686 ,
575 2611 720 2690 ίλευθερίας
734 2610 757 2667 τ’
772 2601 844 2676 etti<
857 2610 925 2688 ὠρί·

37 2706 38 2775 ]
145 2723 221 2775 γοντα
244 2700 290 2759 καί
321 2699 434 2779 φρόνημ’
460 2697 609 2774 ἔλάμάανον
640 2697 814 2779 ὑψηλότερον,
839 2719 924 2775 παρε-

37 2780 38 2783 “
146 2785 303 2855 σκευάζοντό
318 2790 341 2844 θ’
353 2790 389 2853 ὥς
403 2786 489 2846 etsie
500 2784 642 2864 ‘Purpurione
654 2785 826 2866 ἀκροώμενοι.
849 2784 924 2852 Τέως

148 2874 197 2950 μὲν
213 2866 258 2934 σόν
274 2875 370 2946 άδηλος
382 2875 469 2933 αὐτῶν
484 2878 502 2944 ή
518 2874 619 2934 διάνοια
630 2877 677 2945 τῆς
692 2873 863 2942 ἀποστάσεως
877 2867 920 2949 ἦν,

145 2966 172 3020 ἐν
189 2962 216 3021 δδ
234 2966 272 3043 τῷ
294 2962 359 3042 πρὸς
383 2960 523 3029 littorei<
543 2962 692 3044 ίφανερόιθη
714 2962 834 3044 πολέμῳ.
877 2960 924 3031 Ὦς

96 3071 120 3107 εν
145 3052 198 3130 γάρ
221 3050 343 3110 ὶπύθυντυ
369 3059 537 3134 πανστρατιᾷ
557 3049 708 3128 Ῥωμαίους
738 3050 923 3124 ἐξεληλυθότας

146 3140 192 3198 ἐπὶ
206 3136 250 3199 τθν
265 3139 327 3216 πρὸς
344 3136 484 3206 ’λλόανοθς
499 3141 604 3216 ἀγῶνα,
621 3138 759 3219 κράτιστον
775 3140 922 3201 ὑπολαόόν·

147 3251 190 3294 τες
204 3226 341 3305 εἰληφέναι
363 3226 454 3305 καιρὸν
469 3226 622 3299 ἐπιθέσεως,
647 3226 809 3307 ἀπορρήτους
827 3228 924 3300 ἐποιή-

148 3336 229 3374 εσντα
248 3315 292 3372 διὰ
319 3318 371 3373 τῶν
399 3314 590 3375 δυνατωτάτων
617 3316 717 3392 ἀνδρῶν
743 3317 921 3391 συνωμοσίας,

146 3402 265 3469 ἅπαντας
293 3400 354 3466 τοὺς
382 3403 549 3483 ὁπλοφορεῖν,
564 3401 721 3478 δυναμένους
742 3404 778 3468 εἰς
803 3402 922 3475 Φιδήνην

95 3507 119 3543 ειν
146 3492 278 3549 συνελθεῖν
293 3488 379 3569 κρύφα
395 3488 440 3548 καί
454 3491 513 3547 κατ’
530 3488 632 3565 ὀλίγους
648 3488 751 3563 ἰόντας,
763 3492 798 3556 ὡς
813 3489 845 3547 θιν
857 3489 921 3561 ἥκι-

146 3597 198 3632 στα
221 3574 335 3652 γίνοιντο
353 3586 405 3643 τοῖς
422 3575 664 3650 ἐπιύουλευομίνοις
677 3584 854 3657 καταφανεῖς,
869 3579 922 3634 ἐκεῖ

148 3664 172 3719 δ’
195 3666 370 3739 ὑπομένοντας
389 3663 542 3743 ἐκδέχεσθαι
562 3664 606 3723 τὸν
624 3664 733 3743 καιρὸν,
755 3664 792 3722 ὅθ’
807 3666 835 3722 αἱ
851 3661 920 3723 Ῥω·

148 3748 238 3824 μαίων
262 3773 291 3808 τε
314 3750 357 3808 καί
381 3751 512 3812 Ἀλδανῶν
536 3752 658 3828 δυνάμεις
685 3754 839 3811 ίκλιποῢσαι
864 3751 922 3818 τοὺς

146 3841 270 3916 χάρακας
284 3839 327 3898 ε’πί
341 3839 383 3898 τὸν
396 3841 486 3918 άγῶνα
498 3840 708 3919 προελεύσονται.
723 3843 749 3900 Τ
751 3845 824 3898 οῦτοι
838 3840 865 3899 δὲ
876 3862 922 3921 φα·

96 3952 122 3984 ιο
147 3927 218 4003 repis
230 3936 314 3986 ποιεῖν
324 3928 410 3993 αὐτοῖς
420 3926 531 4004 ίμελλον
541 3927 584 3985 διὰ
596 3926 737 4003 συμύυλων
751 3925 845 3987 σκοποί
856 3950 923 3993 τινες

148 4015 240 4081 ἐντοῖς
253 4015 325 4093 όρεσι
338 4015 481 4095 λοχῶντες·
496 4013 558 4074 όταν
572 4018 596 4075 δ’
613 4020 679 4095 ἀρθῇ
694 4014 728 4073 τά
744 4022 858 4093 σημεῖα,
872 4016 923 4073 λα-

147 4101 240 4168 ύόντες
257 4103 291 4161 τά
310 4102 381 4162 θπλα
393 4106 489 4183 χωρεῖν
505 4105 546 4162 ίπ’
561 4102 656 4170 αιίτυθς
670 4105 722 4162 ἔδει
736 4103 835 4168 πάντας
854 4101 922 4161 κατὰ

146 4188 241 4270 τάχος·
254 4182 286 4263 ήν
297 4193 321 4249 δ’
334 4193 364 4249 ού
377 4191 462 4263 πολλὴ
475 4196 492 4263 ἡ
506 4193 549 4251 tet
560 4192 618 4259 τοὺς
631 4191 752 4271 χάρακας
769 4189 822 4249 άπὸ
834 4190 922 4262 Φιδή-

147 4302 192 4350 νης
201 4279 306 4359 φάρουσ’
317 4280 384 4353 θδδς,
394 4280 452 4339 ἀλλ’
464 4277 552 4350 όσανή
564 4281 635 4340 δυσίν
646 4279 726 4360 ὥραις
736 4277 754 4349 ἢ
764 4277 847 4358 τρισίν
858 4280 921 4338 dro-

91 4392 114 4428 ει
148 4373 240 4439 σθῇναιι
256 4370 286 4427 τὸ
302 4370 482 4449 μακρότατον·
498 4368 669 4450 ἐπιφανέντας
683 4368 711 4428 δὲ
725 4371 763 4448 τῷ
778 4371 859 4445 ἀγῶνι
874 4367 920 4428 τά·

148 4457 191 4523 λος
203 4457 256 4529 ἤδη
270 4457 376 4536 ἔχοντι,
391 4455 483 4537 ὥσπερ
499 4458 584 4531 εἰκὸς,
599 4456 680 4535 μηθὲν
691 4461 811 4535 ἡγεῖσθαι
825 4456 921 4538 φίλιον,

147 4544 206 4603 ἄλλ’
223 4547 266 4603 ἐάν
279 4546 302 4603 τ’
315 4543 436 4606 Ἀλὸανόι
449 4547 572 4617 νικῶσιν,
589 4545 633 4605 ίάν
650 4568 678 4603 τε
691 4543 840 4621 Ῥωμαῖοι,
850 4544 921 4603 terri·

146 4654 198 4689 νειν
213 4632 271 4698 τοδς
286 4632 482 4714 κεκρατηκότας
495 4635 590 4695 αὐτῶν.
633 4636 718 4694 Ταῦτ’
734 4625 765 4704 ήν
781 4633 798 4691 ά
814 4633 922 4710 διέγνω-

146 4741 194 4779 ατο
210 4720 337 4799 πράττιιν
351 4728 413 4785 τοῖς.
420 4719 595 4800 προεστηκόσι
607 4725 660 4780 τῶν
672 4722 781 4780 πόλεων.
824 4723 856 4780 Εἰ
872 4720 920 4797 μέν

92 4818 117 4854 ⁸¹
145 4799 191 4867 eds
211 4808 371 4888 θρασύτερον
395 4808 439 4866 inl
464 4809 509 4868 τθν
536 4807 616 4888 θγῶν’
641 4810 768 4890 ὥρμησαν
800 4807 921 4869 ’niteret

145 4893 289 4973 Ῥωμαίων
306 4894 565 4976 καταφρονήσαντες,
575 4896 619 4955 καί
636 4905 685 4977 μιᾷ
697 4905 784 4975 κρῖναι
797 4896 872 4976 μάχῃ
887 4894 920 4956 τά

146 4982 194 5043 &a
210 4984 372 5063 διέγνωσαν,
385 4982 458 5043 οίιθίν
478 4982 510 5041 ἂν
524 4983 553 5042 τὸ
566 4986 666 5044 κωλῦον
681 4975 713 5057 ήν
734 4984 777 5044 τόν
791 5007 819 5043 τε
834 5007 920 5044 κατα·

144 5071 323 5132 σκευασθέντα
338 5073 414 5130 δολυν
429 5070 470 5130 ίπ’
482 5072 568 5138 αύτοῖς
581 5073 733 5152 λεληθίναι,
745 5071 790 5132 καί
802 5072 920 5153 διεφθάρ·

144 5164 187 5220 θαι
202 5158 235 5221 τά
251 5158 431 5240 στρατεύματ’
446 5158 530 5219 αὗτῶν
545 5160 696 5241 ἀμφότερα·
718 5166 761 5220 νῦν
777 5162 800 5220 δ’
822 5167 839 5233 ή
855 5164 918 5220 δια-

234 5279 351 5319 αιοιιιιιι.

1692 373 1750 431 tls

977 504 1059 558 diuini
1077 508 1172 558 obitum
1191 507 1296 570 imperio
1318 507 1409 571 dignus
1431 506 1564 568 indicetne,
1583 508 1666 558 temen
1688 512 1755 572 port-

976 615 1049 665 qunrn
1074 604 1204 668 imperium
1228 606 1393 667 acepissent
1417 608 1443 655 et
1467 603 1582 668 cognorit
1600 605 1755 656 innornmorie

976 708 1002 756 et
1022 704 1183 758 difficultates
1199 695 1329 772 pressum
1350 721 1432 758 rerum
1458 712 1553 770 steine,
1578 722 1628 758 non
1646 709 1755 773 perstitit

976 804 1081 866 stirpitus
1092 804 1117 853 in
1135 805 1220 856 eedem
1231 806 1353 856 sententie
1361 843 1368 867 ,
1376 804 1421 855 sed
1438 805 1537 856 censuit
1547 806 1716 856 cunctandum
1728 809 1754 856 et

975 903 1076 965 tempus
1092 903 1238 961 terendum,
1258 903 1325 965 qnod
1345 901 1442 953 rideret
1452 916 1533 967 neque
1546 915 1632 953 ornnes
1648 903 1756 954 Albanos

976 997 1081 1061 emplius
1101 997 1133 1048 ed
1155 997 1248 1049 bellurn
1272 999 1357 1049 eedem
1380 999 1456 1048 oninri
1476 999 1603 1049 olecritetc
1620 1011 1755 1062 propensos

977 1107 1040 1155 esse,
1053 1109 1134 1161 neque
1154 1095 1201 1147 sibi
1217 1096 1367 1147 sacrificanti
1383 1095 1540 1147 rictimnnrm
1557 1098 1615 1146 erte
1631 1095 1692 1146 setis
1705 1095 1747 1146 leli

976 1205 1030 1242 eem
1048 1193 1129 1252 proelii
1150 1195 1246 1245 exitum
1263 1195 1417 1256 portendere.
1449 1193 1559 1244 Tandem
1591 1207 1650 1244 tero
1668 1194 1755 1243 statuit

976 1286 1062 1339 hostes
1074 1288 1105 1339 ed
1121 1302 1205 1352 pocern
1227 1288 1347 1351 inritare,
1367 1288 1449 1339 missis
1466 1291 1522 1339 ente
1536 1288 1755 1350 endttceeteribns,

977 1387 1036 1453 quie
1046 1389 1161 1451 cognorit
1177 1388 1316 1453 periculum
1335 1388 1436 1453 aliquod
1453 1393 1585 1439 externum
1596 1388 1663 1451 quod
1685 1389 1757 1439 Alba·

977 1482 1016 1531 nis
1025 1484 1051 1532 et
1061 1482 1176 1532 Ruurcnis
1187 1481 1353 1545 impendebat,
1363 1481 1410 1530 nisi
1428 1482 1491 1530 inter
1503 1492 1530 1530 se
1542 1480 1623 1529 fredus
1633 1479 1755 1540 lucerent,

977 1578 1045 1623 certe
1058 1574 1165 1637 pernicie
1178 1578 1341 1637 utrorumque
1357 1573 1440 1637 copies
1449 1572 1596 1623 deleturum.
1632 1571 1662 1621 ld
1672 1574 1756 1620 entem

977 1650 1031 1716 eret
1042 1666 1191 1717 huiusmodi.

1008 1770 1416 1835 V1.velentesetFidenetes,qui
1425 1768 1754 1834 urbesmepnsslrsbelonnt,

978 1876 1094 1939 regnante
1109 1874 1214 1925 Remulo
1227 1887 1285 1925 cum
1297 1873 1413 1925 Romanis
1431 1873 1463 1924 de
1481 1874 1620 1938 principatu
1631 1877 1657 1923 et
1676 1872 1756 1923 domi-

978 1987 1037 2032 netu
1052 1981 1127 2032 ermis
1140 1980 1330 2043 contenderent;
1344 1984 1371 2032 et
1382 1980 1408 2031 ln
1423 1994 1454 2032 eo
1469 1979 1533 2031 bello
1547 1980 1661 2044 utrique,
1672 1980 1757 2030 multis

978 2084 1055 2150 copiis
1072 2086 1183 2146 emissis,
1201 2085 1252 2151 egri
1268 2086 1338 2149 perte
1356 2084 1481 2146 mulctati,
1499 2084 1621 2136 rictorem
1636 2067 1756 2148 imperets

978 2186 1058 2237 iecere
1068 2188 1147 2237 enecti
1156 2191 1215 2238 sunt
1225 2206 1232 2237 ι
1243 2188 1275 2238 de
1290 2187 1381 2250 quibus
1392 2187 1417 2237 in
1430 2187 1556 2255 superiore
1564 2188 1630 2240 llltro
1641 2191 1757 2239 necumtc
1808 2202 1810 2207 ’

977 2293 1027 2357 egi.
1061 2293 1109 2345 Sed
1136 2295 1215 2344 Nonis
1239 2293 1361 2357 Pompilio
1393 2297 1510 2359 regnante
1541 2307 1601 2358 peee
1631 2296 1749 2357 perpetuo

979 2396 1103 2455 tenentes,
1115 2395 1188 2447 telde
1200 2399 1227 2446 et
1237 2397 1345 2446 virorum
1356 2409 1460 2447 nurnero
1469 2400 1495 2446 et
1507 2394 1601 2446 ‹tititiis
1615 2398 1641 2446 et
1654 2395 1757 2459 reliquis

980 2498 1103 2549 felicitatis
1116 2500 1226 2565 pertibus
1237 2501 1302 2552 eneti
1313 2505 1383 2552 sunt.
1420 2502 1472 2551 ileo
1480 2498 1558 2564 igitur
1571 2498 1688 2550 iedcitete
1698 2499 1756 2550 cinti

979 2603 1011 2654 ed
1029 2605 1167 2657 libertatem
1186 2608 1278 2658 iterum
1296 2607 1468 2672 adspirnhont,
1487 2608 1514 2657 et
1525 2606 1640 2658 elatiores
1653 2605 1755 2672 spiritns

978 2712 1150 2774 assumebant,
1163 2726 1239 2777 seque
1257 2716 1376 2779 perstent
1393 2714 1426 2765 sd
1443 2715 1609 2764 Romanorum
1625 2713 1755 2778 imperium

977 2819 1003 2869 in
1018 2823 1142 2884 posterum
1157 2820 1351 2871 detrectandnm.
1389 2820 1547 2886 Aliqunmdiu
1561 2819 1672 2884 ipserum
1693 2832 1752 2869 con·

977 2923 1059 2973 silium
1079 2921 1223 2974 deiectionis
1241 2923 1326 2985 lstnit,
1346 2922 1390 2973 sed
1410 2921 1504 2974 Athene
1520 2922 1586 2974 bello
1604 2922 1755 2987 peteieetum

977 3031 1023 3078 est.
1057 3028 1119 3081 curn
1148 3029 1212 3081 enim
1236 3028 1362 3080 audissent
1388 3032 1509 3081 ltornenos
1529 3043 1559 3082 er
1582 3029 1634 3080 suis
1661 3028 1754 3079 finibus

977 3133 1092 3205 omnibns
1111 3135 1189 3199 copiis
1208 3148 1329 3198 egressos,
1349 3139 1377 3186 ut
1399 3135 1486 3201 proelio
1502 3150 1560 3187 curn
1583 3134 1683 3185 Alienis
1708 3133 1753 3184 de·

976 3242 1115 3303 comerent,
1137 3241 1184 3292 reti
1202 3254 1230 3291 se
1245 3242 1363 3306 optimam
1381 3255 1424 3292 eos
1450 3239 1584 3293 incedendi
1602 3240 1754 3291 occasionem

976 3346 1075 3405 nectos,
1086 3342 1149 3393 elom
1165 3345 1327 3407 potentissimi
1339 3346 1432 3409 quique
1449 3345 1617 3406 coniurarent,
1627 3348 1656 3395 ut
1669 3355 1755 3396 ornnes

977 3445 1019 3506 qui
1032 3456 1076 3506 per
1087 3447 1185 3494 aetetem
1199 3456 1266 3494 etum
1279 3445 1342 3495 ierre
1352 3450 1454 3510 possent
1469 3447 1574 3497 Fidenas
1588 3448 1753 3508 convenirem,

976 3548 1038 3597 clern
1056 3549 1080 3597 et
1098 3546 1147 3596 reri
1165 3547 1305 3610 venientes,
1318 3552 1348 3598 ut
1358 3548 1395 3600 ets
1410 3549 1501 3611 quibus
1517 3550 1695 3601 insidiabantur·
1705 3551 1753 3601 rui-

977 3650 1042 3701 nime
1057 3648 1250 3714 hnotescerent;
1275 3656 1349 3716 etque
1365 3653 1402 3704 ihi
1423 3655 1586 3706 subsistentes
1601 3658 1753 3707 occasionem

976 3754 1160 3819 exspectarent,
1170 3753 1267 3816 quondo
1285 3758 1450 3807 Rornanorum
1467 3764 1492 3808 et
1510 3757 1660 3808 Albanorum
1675 3759 1753 3823 copim

978 3869 1009 3907 ex
1021 3853 1109 3905 emitis
1127 3865 1232 3919 egresse
1249 3855 1280 3905 ed
1299 3858 1423 3905 certamen
1440 3855 1587 3919 prodirent:
1604 3855 1652 3907 hoc
1669 3860 1752 3910 nutent

976 3964 1025 4015 illis
1036 3963 1106 4015 erent
1124 3957 1283 4023 significaturi
1300 3955 1369 4019 signo
1385 3955 1444 4004 dete
1462 3954 1629 4019 speculatores
1649 3955 1750 4020 quidun

976 4066 1001 4116 ln
1014 4061 1138 4114 montibus
1153 4060 1325 4110 delitescentes
1337 4077 1343 4105 ι
1355 4055 1413 4105 doto
1426 4059 1507 4105 outern
1522 4054 1592 4120 signo
1607 4070 1692 4106 ornnes
1710 4069 1752 4105 er·

976 4166 1024 4216 mie
1040 4159 1159 4226 correptis
1176 4158 1202 4208 in
1217 4171 1260 4207 eos
1277 4155 1390 4206 celeriter
1401 4156 1517 4220 impetum
1537 4156 1616 4207 iacere
1626 4156 1753 4221 oportebat

976 4264 1100 4330 (spolium
1116 4260 1182 4311 enim
1205 4259 1269 4311 inter
1297 4259 1399 4309 Fidenes
1421 4261 1446 4309 et
1464 4261 1543 4307 cestrn
1570 4270 1618 4307 nen
1637 4270 1753 4320 magnum

976 4369 1043 4425 eret,
1059 4363 1102 4415 sed
1118 4363 1150 4413 ed
1164 4372 1287 4411 sumntum
1302 4360 1422 4422 quantum
1441 4357 1539 4409 duebus
1560 4357 1670 4408 tribusve
1683 4355 1751 4406 horis

976 4465 1061 4516 coelici
1079 4465 1179 4528 potest)
1193 4468 1218 4514 et
1227 4462 1312 4527 prmlio
1323 4460 1373 4510 iem
1381 4460 1495 4511 coniecto
1509 4460 1601 4508 uteret
1620 4454 1752 4507 verisimile

975 4568 1001 4617 in
1019 4568 1178 4630 conspectum
1197 4563 1313 4612 desitum
1325 4561 1464 4621 venientes,
1476 4572 1561 4609 ornnes
1578 4571 1624 4622 pro
1638 4555 1751 4606 hostilius

976 4671 1079 4729 hebere,
1095 4671 1119 4716 et
1137 4667 1189 4715 sire
1211 4662 1297 4713 nlltnni
1318 4661 1370 4711 sive
1387 4659 1489 4711 Romani
1507 4657 1623 4709 vicissent
1645 4654 1752 4705 victores

976 4770 1119 4822 interlicere.
1153 4769 1212 4816 liene
1225 4763 1347 4828 principes
1362 4762 1459 4811 illsrnrn
1472 4760 1600 4809 civitatum
1610 4757 1691 4806 titccre
1708 4753 1752 4805 de·

977 4870 1113 4922 creternnt.
1146 4866 1172 4915 Si
1188 4866 1259 4929 igitur
1270 4861 1390 4913 audacius
1399 4858 1486 4910 Albenl
1496 4858 1642 4922 contemptis
1659 4859 1751 4907 ileme-

975 4970 1014 5021 nis
1023 4969 1048 5018 in
1060 4970 1182 5018 certamen
1195 4965 1296 5015 inissent
1305 4966 1329 5013 et
1339 4963 1410 5011 unice
1421 4958 1507 5024 proelie
1516 4957 1548 5008 de
1557 4971 1639 5008 renim
1654 4970 1751 5008 surnme

974 5069 1108 5119 decernere
1128 5062 1284 5118 statuissent,
1308 5057 1368 5109 niltii
1396 5054 1526 5121 prohibere
1544 5053 1678 5118 potuisset,
1699 5066 1750 5117 quo

976 5164 1058 5215 miore
1068 5161 1164 5213 insidiis
1173 5159 1233 5226 ipsis
1247 5159 1339 5223 parere
1350 5155 1452 5206 laterent
1470 5156 1495 5203 et
1505 5157 1610 5223 uterque
1626 5148 1750 5201 exercitus

1636 5250 1652 5295 9
