4052 5926
175 328 177 331 *
265 369 325 433 aas

267 506 353 583 «μετ’
369 502 473 565 Αίνείου
494 502 702 572 συναναστάντες
723 505 754 564 ἐκ
774 508 822 576 τῆς
836 505 924 575 Ἀσίας
939 508 975 573 είς
997 504 1045 577 τὴν

268 620 280 648 ι
296 592 444 672 Εὐρώπην,
467 594 494 651 ἐν
509 596 542 671 τῇ
565 592 685 653 Λατίνων
706 597 741 674 γῇ
762 592 838 654 πόλιν
852 592 963 675 ᾤκισαν·
979 596 1004 654 οἱ
1019 593 1046 653 δὲ

269 714 281 739 ι
297 685 404 764 ύστερον
415 686 442 755 ἐξ
453 683 554 753 ’λλόας
567 684 728 752 ἀναστάντες
743 684 886 759 Ῥωμύλου
901 687 949 761 τήν
967 689 1047 749 ἀποι-

271 801 283 827 a
299 772 358 831 κίαν
370 771 477 850 ἀγοντος
488 775 515 832 έν
530 772 612 840 τοῖςδε
624 776 678 843 τοῖς
691 773 781 842 τόποις
791 773 933 856 ἱδρύσαντο
944 775 992 849 τήν
1004 776 1048 857 ὑφ’

228 875 241 913 ο
270 889 283 913 ι
298 864 375 938 ἡμῶν
390 861 592 939 ἐκλειπομένην.
609 859 743 941 Ὑπάρχει
754 886 783 922 τε
797 866 862 940 ἡμῖν
877 863 987 942 δύναμις
1001 865 1049 925 οθκ
1067 919 1071 924 .

270 978 282 1006 ι
297 952 379 1032 ὀλίγῳ
391 950 488 1009 πλείων
503 952 581 1025 μόνον
589 953 637 1022 τῆς
647 949 754 1018 ἐκείνοις
764 949 912 1029 γενομένης,
923 952 992 1014 ἀλλά
1002 952 1048 1013 καί

270 1067 283 1093 ι
296 1040 458 1122 τριπλασία,
471 1037 518 1097 καλ
532 1037 662 1119 πρόφασις
688 1038 838 1119 δικαιοτέρα
853 1045 900 1112 τῆς
915 1065 1049 1118 μετανασ-

270 1157 282 1182 ι
296 1129 456 1196 τάσεως.οί
471 1127 519 1205 μίν
531 1131 557 1207 γ’
567 1127 593 1195 ἐξ
602 1127 682 1188 Ἰλίου
700 1127 909 1205 μεταναστάντες
929 1129 980 1190 ύπδ
994 1154 1047 1192 πο-

270 1217 396 1294 ιλεμίων
415 1215 597 1296 ἐξηλαύνοντο,
617 1220 694 1293 ἡμεῖς
709 1214 736 1273 tt
753 1216 859 1276 αὐτόθεν
879 1217 930 1277 ύπδ
953 1218 1047 1300 φίλων·

218 1328 242 1365 ιο
270 1335 283 1359 ι
297 1307 469 1388 ἐλεεινότερον
485 1305 512 1365 δέ
528 1306 613 1379 δήπου
632 1306 662 1363 τὸ
680 1304 745 1386 πρὸς
764 1310 815 1365 τῶν
835 1306 936 1366 οἰκείων
957 1308 974 1379 λ
995 1311 1048 1368 τῶν

269 1424 282 1449 ι
297 1397 441 1477 ἀλλοτρίων
457 1393 700 1455 ἐλαύνεσθαι.οίδέ
718 1392 854 1474 Ῥωμύλῳ
872 1395 1048 1476 συναράμενοι

268 1514 280 1541 ιι
295 1490 342 1558 τῆς
354 1485 492 1566 στρατείας
504 1487 548 1545 ἐπὶ
559 1488 597 1566 τῷ
606 1482 756 1556 κτήσασθαι
765 1483 954 1563 κρείττοναγῆν
967 1489 1048 1567 θπερ·

268 1602 281 1627 ι
296 1577 363 1634 εἶδον
378 1578 425 1646 τῆς
451 1572 584 1654 πατρῴας·
615 1578 693 1649 ἡμεῖς
716 1571 744 1631 δέ
759 1570 802 1630 τόν
818 1572 912 1631 ἄπολιν
935 1573 981 1633 καί
1002 1574 1048 1634 τδν

268 1692 280 1715 ι
295 1662 414 1723 ἀνέστιον
443 1662 594 1730 ἐκλιπόντες
622 1660 693 1740 βίον,
724 1656 784 1718 oter
812 1662 879 1726 θεοῖς
906 1657 1044 1741 ἐπίφθονον

217 1778 242 1816 ιο
268 1751 354 1811 ιούτε
386 1750 531 1831 ἀνθρώποις
555 1749 692 1831 λυπηρδιν,
720 1749 780 1808 οὔτε
804 1755 839 1827 γῇ
863 1750 914 1810 τινὶ
939 1755 1048 1832 βαρεῖαν

268 1841 438 1920 «στέλλομεν
454 1839 595 1913 ἀποικίαν,
615 1838 718 1917 [ἀλλ’]
737 1838 795 1899 otti
817 1840 850 1898 δι’
865 1840 977 1919 αἵματος
1002 1843 1047 1902 καί

268 1957 281 1984 ι
296 1929 380 2010 ρόνων
396 1930 530 2012 ἐμφυλίων
552 1929 669 1995 ἐλθόντες
684 1926 750 2006 πρδς
769 1926 829 1995 τοθς
852 1931 1048 1999 ἀπελαύνοντας

268 2047 280 2070 ι
295 2025 384 2100 ἡμᾶς,
396 2017 454 2079 atat
469 2017 533 2098 πυρὶ
547 2017 593 2078 κοιλ
608 2014 708 2097 σιδήριρ
721 2014 890 2084 κακώσαντες
902 2019 950 2092 τήν
967 2020 1050 2079 ἐκλει-

269 2134 281 2159 ι
295 2108 413 2186 πομένην
426 2112 493 2187 γῆν,
507 2108 563 2165 οὐδ’
576 2104 641 2165 άλλο
661 2103 827 2181 μνημόσυνον
841 2106 914 2165 οὐδὲν
940 2105 1047 2166 αἰωνίου

217 2203 243 2243 2⁰
268 2222 281 2248 ι
305 2196 496 2264 καταλιπόντες
519 2193 631 2274 ἔχθρας,
654 2194 690 2258 ὥς
712 2200 770 2258 ταῖς
784 2194 1048 2273 παρεσπονδημέναις

270 2292 390 2365 ιρυγαῖς
418 2284 464 2343 καὶ
492 2286 529 2351 εἰς
558 2279 719 2351 ἀύουλήτους
747 2281 862 2358 ἀνάγκας
886 2285 1046 2342 κατακλεισ-

269 2403 282 2429 ι
297 2375 394 2443 θείσαις
409 2374 465 2442 ἔθος
478 2375 534 2434 ἐστὶ
550 2374 627 2450 δρῶν.
665 2367 750 2435 Θεούς
769 2371 793 2427 τ’
807 2369 1048 2451 ἐπιμαρτυράμενοι

270 2463 342 2523 «καί
370 2465 514 2542 δαίμονας,
545 2459 571 2521 ol
597 2458 631 2519 τθι
661 2457 742 2521 tlara
765 2460 852 2518 πάντα
878 2460 946 2518 κατθι
974 2461 1048 2534 δίκην

270 2554 407 2631 ιιάγουσι,
432 2554 477 2613 κοιλ
501 2548 690 2616 καταλιπόντες
713 2547 819 2614 ἐκείνοις
848 2550 1049 2630 ἀναπράξασθαι

218 2655 243 2693 2⁶
270 2672 282 2696 ι
296 2645 343 2711 τδις
363 2643 429 2725 ὑπὲρ
443 2646 521 2719 ήμῶν
536 2639 627 2711 δίκας,
650 2637 734 2696 ἐκεῖνο
755 2637 833 2712 μόνον
857 2637 995 2716 ἀξιοῦμεν,
1012 2632 1050 2709 οἷς

270 2760 282 2786 ιι
298 2734 368 2791 ἐστιν
382 2733 458 2808 ἡμῶν
477 2733 503 2789 ἐν
516 2732 549 2806 τῇ
564 2727 639 2786 πολει
650 2724 731 2783 τέκνα
742 2722 825 2796 νήπιοι
842 2727 888 2783 καί
908 2738 990 2806 γονεῖς
1003 2730 1049 2790 καλ

271 2819 325 2877 ιεί
347 2841 414 2885 τινες
438 2818 490 2896 ἄρα
517 2819 639 2894 γυναῖκες
660 2818 726 2890 ἡμῖν
745 2811 898 2884 ἐθελήσουσι
918 2826 1049 2878 κοινωνεῖν

189 2900 193 2907 ’
270 2913 344 2979 «τῆς
358 2907 454 2987 τύχης,
477 2904 511 2964 τθι
529 2903 632 2984 στόματ’
648 2900 805 2960 ἀπολαόεῖν.
869 2907 963 2965 Ταῦτα
985 2914 1050 2986 ἡμῖν

270 3023 283 3049 ι
299 2996 405 3077 ἀπόχρη
427 2993 534 3066 λαόεῖν,
554 2991 599 3050 καλ
621 2988 708 3051 οὐκέτι
718 2990 820 3058 obieri<
843 2992 925 3053 άλλου
939 2995 1050 3073 δεόμεθα

218 3091 245 3131 to
271 3110 283 3138 a
299 3090 350 3145 τῶν
367 3086 396 3143 ἐκ
409 3087 455 3155 τῆς
468 3080 603 3158 πατρίδος.
619 3075 689 3136 Ἀλλ’
705 3078 839 3157 εύτυχεῖτι
852 3082 897 3140 καὶ
909 3086 971 3153 ζῆτε
984 3084 1049 3164 βίον,

272 3174 326 3234 aba
343 3174 374 3233 ἂν
387 3173 566 3252 προαιρῆσθε,
587 3164 669 3232 οὕτως
687 3163 847 3227 ἀπολίτευτα
865 3165 911 3227 καῖ
935 3173 1051 3233 ἀκοινάι·

271 3290 283 3315 ι
298 3285 365 3333 νητα
380 3258 445 3340 πρὸς
460 3256 519 3323 τοθς
530 3252 727 3332 ταπεινοτέρους
741 3260 902 3334 φρονοῦντες.
917 3284 929 3309 ι

309 3351 441 3413 LXXXI.
467 3345 501 3407 Ὁ
517 3344 564 3423 μέν
580 3343 612 3417 δὴ
626 3345 741 3425 Βροῦτος
754 3342 885 3410 τοιούτους
898 3343 981 3404 είπὼν
1003 3348 1051 3406 λύ-

271 3464 348 3520 γους,
364 3436 508 3499 ἐπαύσατο·
524 3441 577 3501 τοῖς
601 3433 773 3511 διαιροῦσιν
806 3435 855 3493 ὅσα
873 3455 902 3491 τε
920 3434 1049 3513 περὶτῶν

219 3534 246 3576 ³⁶
273 3528 379 3590 δικαίων
390 3517 462 3590 εἶπεν
475 3526 562 3595 ἀληθῆ
576 3512 643 3580 εἶναι
653 3520 757 3595 ἐδόκει,
774 3518 819 3579 καί
829 3518 879 3581 όσα
894 3526 941 3595 τῆς
957 3527 1052 3606 ύπερο·

270 3619 334 3700 ψύας
347 3622 393 3677 τοῦ
413 3613 546 3692 συνεδρίου
560 3607 746 3688 κατηγόρησε,
763 3608 880 3684 μάλιστα
894 3610 919 3669 δ’
929 3614 956 3671 ἐν
970 3604 1008 3681 οἷς
1020 3615 1051 3675 τὸ

272 3707 387 3789 ἀσραλές
398 3708 451 3766 τῶν
465 3703 610 3781 θμολογιῶν
625 3699 700 3758 δόλου
722 3696 819 3773 μεστὸν
832 3699 984 3762 ἀπεδείκνυε
1003 3704 1049 3764 καί

271 3799 386 3869 ἀπάτης.
432 3792 510 3854 Ἐπεὶ
530 3791 558 3851 δέ
571 3790 618 3860 τθις
629 3790 716 3870 θόρεις
733 3792 862 3851 τελευτῶν
876 3793 997 3865 διῆλθεν,
1019 3792 1050 3861 ἀς

270 3877 339 3958 ἦσαν
354 3882 506 3967 ύόρισμίνοι
520 3880 571 3940 ὕπὸ
587 3883 638 3939 τῶν
650 3880 810 3951 δανειστῶν,
823 3879 934 3939 καὶτῶν
947 3881 1049 3942 οἰκείων

218 4005 246 4043 ,ιη
270 3964 383 4034 ἕκαστον
402 3974 534 4049 ἀνέμνησε
557 3972 660 4042 κακῶν,
689 3966 771 4037 οθδελς
792 3958 826 4038 ήν
842 3967 949 4047 στερρὸς
968 3969 1051 4038 οὕτως

272 4063 320 4131 τήν
341 4062 471 4135 διάνοιαν,
488 4059 514 4128 θς
537 4060 585 4120 ούκ
600 4056 713 4138 ἐξεχεῖτο
733 4058 769 4121 είς
796 4054 898 4134 δάκρυα
920 4055 966 4116 καί
987 4062 1050 4118 ἀνε-

273 4147 379 4206 κλαίετο
400 4149 447 4215 τάς
469 4147 557 4214 κοινθς
575 4144 718 4226 συμροράς·
740 4142 785 4203 καί
811 4145 884 4203 τοῦτ’
899 4143 947 4202 οὒκ
961 4146 1048 4213 αὐτοῖς

273 4235 360 4312 μόνοις
386 4236 522 4296 συνέόαινε
549 4241 660 4308 παθεῖν,
680 4231 749 4293 ἀλλά
770 4232 816 4291 καί
836 4235 890 4300 τοῖς
912 4234 987 4313 παρθι
1001 4239 1049 4306 τῆς

274 4325 370 4406 βουλῆς
388 4323 510 4397 ἥκουσιν.
555 4321 691 4402 οὐδὲγὰρ
706 4324 730 4381 ol
749 4319 874 4402 πρέσόεις
887 4320 922 4381 τὰ
946 4323 1047 4404 δάκρυα

218 4434 245 4472 rs
270 4414 394 4496 κατέχειν
408 4412 517 4492 ἴσχυον,
535 4412 723 4488 ἐνθυμούμενοι
735 4409 782 4479 τάς
794 4412 826 4470 ἐκ
839 4415 886 4470 τοῦ
901 4412 1049 4490 διοικισμοῦ

270 4509 318 4579 τῆς
333 4508 432 4570 πόλεως
447 4501 565 4581 ἀτυχίας·
580 4500 626 4559 καί
641 4499 722 4567 πολθς
736 4490 767 4572 ήν
787 4499 896 4580 χρόνος,
918 4502 946 4559 ἐν
960 4491 982 4580 ᾧ
996 4523 1049 4560 κα-

270 4602 360 4676 τηφεῖς
374 4591 420 4653 καί
434 4587 622 4670 δεδακρυμένοι
638 4587 685 4648 καί
701 4587 728 4646 τί
746 4587 799 4667 χρή
817 4587 902 4667 λέγειν
918 4591 1049 4667 ἀποροῦν-

269 4708 311 4751 τες
339 4682 505 4754 εἱστήκεσαν.
557 4675 668 4749 Ἐπειδὴ
697 4675 725 4737 δί
754 4679 770 4736 ό
793 4698 823 4735 τε
854 4676 935 4744 πολύς
958 4679 1050 4757 θρῆνος

270 4771 422 4843 ἐπαύσατο,
439 4770 485 4830 καὶ
506 4767 594 4840 σιωπὴ
609 4765 724 4846 κατέσχε
754 4764 802 4838 τήν
818 4765 971 4838 ἐκκλησίαν,
995 4789 1049 4825 πα·

218 4895 245 4933 ηη
273 4864 365 4943 ρῆλθεν
395 4858 624 4939 ἀπολογησόμενος
644 4855 710 4938 πρὸς
730 4861 834 4932 ταῦτα,
859 4852 942 4932 ὅσπερ
965 4853 1048 4916 ἐδόκει

270 4953 323 5008 τῶν
335 4949 423 5009 ἀλλων
437 4949 551 5007 πολιτῶν
565 4944 658 5024 ἡλικίᾳ
673 4968 702 5003 τε
719 4942 846 5025 προύχειν
861 4942 907 5004 καί
922 4943 1046 5020 ἀξιώσει,

271 5038 352 5103 Τῖτος
366 5037 498 5116 Λάρκιος,
518 5038 532 5094 θ
554 5036 592 5101 δίς
611 5033 777 5112 ἀποδειχθείς
795 5034 893 5100 ὕπατος
907 5033 1048 5114 δυναστείᾳ

271 5144 299 5182 τε
336 5126 370 5201 τῇ
407 5122 559 5202 καλουμένῃ
583 5121 737 5202 δικτατορία
780 5122 909 5203 κράτιστα
940 5123 1047 5183 πάντων

272 5208 416 5292 ἀνθρώπων
435 5213 622 5292 χρησάμενος,
643 5209 715 5292 ίερθιν
730 5210 776 5271 καί
791 5210 927 5286 astruant
944 5210 1045 5289 μεστὴν

789 369 957 434 broliisll
978 371 1358 436 HALlCARNllSSENSlS

1105 513 1192 565 alsia
1206 514 1230 564 lu
1251 517 1375 580 Europam
1391 515 1539 581 migrantes,
1561 515 1588 569 ln
1608 530 1668 581 agro
1692 517 1779 569 Latino
1796 518 1885 568 urbem

1104 605 1306 668 ooondlderunt;
1319 606 1361 657 alil
1373 620 1432 658 vero
1441 612 1536 672 postes,
1550 621 1582 659 ex
1596 609 1658 660 Alba
1667 613 1818 673 migrantes,
1835 611 1885 660 llo-

1104 696 1198 748 amulo
1214 698 1317 749 coloniae
1334 699 1413 762 duce,
1434 699 1460 750 iu
1474 699 1514 751 his
1531 700 1590 752 locis
1600 701 1703 761 urbem,
1716 716 1774 766 qua
1784 715 1852 753 nnnc
1872 718 1887 753 a

1104 787 1203 840 anobis
1210 788 1405 853 derelinquitur,
1424 790 1567 843 laudarunt.
1601 792 1728 844 Habemus
1741 796 1823 845 autem
1841 807 1886 844 co·

1105 879 1185 946 cpias
1206 893 1254 931 non
1271 882 1352 932 solum
1365 881 1450 946 paullo
1468 882 1574 934 maiores
1594 884 1659 945 illis,
1683 885 1728 936 scd
1750 886 1823 936 οιῖαιιι
1836 886 1889 936 tri·

1105 972 1175 1037 uplo
1205 972 1323 1034 maiores,
1350 977 1375 1025 et
1397 974 1565 1038 emigrationis
1596 976 1726 1027 iustiorem
1754 990 1885 1029 caussam.

1104 1083 1117 1107 ιι
1133 1065 1195 1113 llam
1214 1063 1257 1127 qui
1270 1078 1301 1115 ex
1312 1064 1357 1114 llio
1369 1065 1511 1129 migrarunt,
1528 1065 1560 1116 ab
1573 1065 1689 1117 hostibus
1698 1067 1796 1133 expulsi
1809 1075 1884 1129 sunt3

1105 1171 1118 1204 ι
1132 1156 1159 1205 ut
1171 1167 1224 1215 nos,
1239 1155 1298 1206 binc
1312 1155 1345 1206 ab
1359 1156 1458 1209 amicis.
1495 1156 1610 1209 Profecto
1623 1162 1707 1210 autem
1720 1158 1889 1210 miserabilius

1105 1246 1172 1296 aest
1190 1258 1205 1295 a
1225 1244 1277 1296 suis
1289 1244 1431 1296 domesticis
1448 1259 1523 1310 quam
1542 1247 1575 1298 ab
1586 1248 1673 1301 alienis
1690 1248 1790 1314 expelli.
1837 1250 1889 1309 Qui

1105 1356 1117 1386 ιι
1131 1349 1191 1388 vcro
1202 1350 1260 1389 cum
1274 1336 1376 1403 Romulo
1392 1337 1572 1402 expeditionem
1593 1345 1772 1405 susceperunt,
1791 1347 1821 1393 ut
1832 1357 1887 1394 me·

1105 1433 1217 1484 «liorem
1245 1442 1331 1494 ugrum
1353 1428 1401 1479 sibi
1423 1435 1608 1498 compararent,
1636 1436 1744 1498 patrium
1770 1436 1889 1500 neglexe-

1105 1543 1117 1575 ιι
1131 1527 1207 1583 ευιιις
1225 1535 1271 1573 uos
1285 1534 1343 1572 vero
1362 1520 1505 1574 deserentes
1529 1525 1606 1577 vitam
1626 1527 1699 1578 istam
1721 1532 1747 1579 et
1764 1527 1845 1592 patria
1864 1532 1891 1581 el

1104 1613 1224 1666 «laribus
1241 1614 1383 1673 carentem,
1408 1626 1488 1677 neque
1504 1614 1551 1666 diis
1574 1615 1697 1677 inrisam,
1716 1631 1797 1682 neque
1810 1621 1890 1673 bomi-

1104 1723 1117 1755 ι
1129 1706 1203 1756 nibus
1214 1703 1357 1765 molestam,
1374 1717 1455 1769 neque
1468 1705 1511 1756 ulli
1526 1720 1585 1771 agro
1594 1721 1696 1772 gravem
1711 1709 1832 1763 coloniam
1843 1714 1889 1767 de·

1105 1819 1117 1849 ιι
1134 1799 1266 1860 ducimus,
1282 1811 1340 1849 cum
1356 1799 1416 1849 nibil
1431 1801 1557 1864 sauguinis
1566 1802 1745 1865 effoderimus,
1758 1810 1785 1856 et
1795 1804 1889 1856 nullam

1105 1896 1241 1956 ισίιῖιιιιι,
1262 1894 1304 1958 qul
1325 1908 1371 1946 nos
1387 1897 1545 1961 expulerunt,
1559 1897 1662 1962 cedem
1679 1901 1823 1965 lecerirnrrs,
1843 1915 1890 1954 nec

1104 2002 1117 2035 ι
1130 1985 1186 2048 igue
1200 1986 1226 2035 ct
1237 1984 1302 2035 terro
1316 1997 1414 2049 amum,
1425 1986 1467 2050 qui
1479 2000 1494 2038 a
1505 1988 1578 2039 nobis
1598 1989 1787 2056 derelinquitur,
1802 1997 1889 2046 rasta·

1105 2079 1251 2138 onesimus,
1276 2091 1321 2128 uec
1346 2078 1424 2130 ullum
1459 2082 1599 2146 sempiterni
1623 2084 1674 2135 odii
1699 2092 1891 2140 monumentum

1105 2171 1319 2236 «reliquerimus3
1338 2172 1428 2236 (sicuti
1450 2174 1474 2224 in
1494 2174 1551 2241 lugu
1570 2179 1657 2228 contra
1683 2178 1780 2231 luderis
1799 2182 1891 2233 condi·

1105 2265 1224 2316 «tionem
1249 2265 1349 2328 propter
1369 2279 1458 2329 graves
1479 2281 1509 2318 ac
1530 2268 1606 2320 duras
1627 2273 1785 2324 necessitates
1799 2281 1890 2328 coscla

1105 2378 1117 2402 ι
1133 2356 1186 2407 lieri
1201 2356 1280 2419 solet)
1294 2356 1354 2407 deos
1370 2371 1430 2409 vero
1443 2361 1469 2410 ct
1484 2362 1587 2424 genios,
1601 2363 1740 2427 quiomnes
1753 2380 1793 2417 res
1816 2383 1888 2420 mor-

1105 2470 1118 2494 ιι
1133 2449 1220 2500 talium
1230 2448 1297 2500 iuste
1308 2449 1481 2514 moderentur,
1495 2455 1597 2516 testati,
1611 2454 1706 2520 illisque
1716 2459 1890 2523 pennittentes

1105 2557 1118 2589 ι
1133 2544 1161 2590 ut
1175 2553 1259 2604 poenas
1269 2553 1314 2605 pro
1329 2542 1401 2618 nobis
1412 2543 1524 2609 exigant,
1538 2546 1602 2598 illud
1621 2549 1702 2601 solnm
1715 2554 1890 2617 postulamus,

1107 2648 1162 2697 cut
1177 2644 1263 2710 quide
1276 2642 1348 2694 nobis
1360 2643 1385 2694 iu
1404 2642 1464 2694 urbe
1477 2643 1568 2694 habent
1589 2644 1698 2696 infantes
1719 2649 1744 2697 et
1760 2652 1890 2711 paventem.

1105 2757 1118 2783 ι
1133 2743 1177 2790 aut
1192 2737 1266 2789 etiarn
1286 2749 1391 2796 uxores,
1413 2737 1435 2787 si
1459 2750 1517 2801 qum
1541 2741 1633 2790 nostras
1661 2739 1768 2790 lorlunm
1786 2742 1893 2793 comites

1107 2846 1120 2879 ι
1134 2844 1189 2882 esse
1200 2831 1302 2892 volent,
1315 2845 1356 2882 ecs
1365 2832 1514 2896 easqoeillis
1527 2834 1636 2898 recipere
1651 2834 1725 2887 liceat
1739 2853 1746 2883 ε
1763 2837 1817 2888 baec
1824 2838 1891 2888 euim

1107 2938 1119 2969 ιι
1135 2922 1244 2985 recipere
1256 2921 1327 2972 nobis
1343 2924 1382 2971 est
1391 2921 1464 2984 sutis,
1480 2935 1525 2972 nec
1540 2921 1607 2972 aliud
1619 2923 1750 2988 quidpiam
1761 2925 1794 2976 de
1803 2925 1893 2989 patrias

1106 3025 1119 3057 ιι
1135 3010 1210 3060 rebus
1221 3013 1342 3074 praetcrea
1354 3011 1468 3075 petimus.
1510 3013 1557 3063 scd
1570 3012 1638 3077 agite
1653 3013 1758 3065 feliciter
1768 3018 1794 3065 et
1806 3019 1835 3065 ul
1848 3015 1891 3065 lu·

1107 3114 1119 3145 ι
1134 3097 1177 3148 bet
1186 3098 1270 3158 vivite,
1285 3099 1329 3162 qui
1349 3101 1375 3150 et
1388 3099 1451 3150 adeo
1469 3099 1580 3152 inciviles
1605 3104 1682 3165 alque
1696 3102 1853 3155 insociabiles
1867 3103 1893 3154 in

1107 3200 1119 3230 ι
1136 3183 1275 3234 humilioris
1290 3184 1394 3235 tortunae
1406 3183 1518 3237 homines
1529 3186 1599 3238 estis.
1616 3206 1629 3231 ν

1135 3364 1242 3414 Llllllll.
1260 3364 1351 3412 Brutus
1371 3361 1446 3426 igitur
1466 3362 1510 3412 tali
1527 3364 1634 3413 oratione
1662 3363 1744 3414 babila
1758 3363 1834 3415 linem
1854 3368 1897 3419 di·

1104 3451 1174 3503 cendi
1188 3450 1251 3502 lecit.
1285 3449 1336 3501 lllls
1352 3462 1411 3500 vcro
1431 3449 1474 3513 qui
1488 3450 1590 3503 aderant
1609 3465 1666 3502 vera
1679 3453 1730 3503 visa
1744 3458 1819 3516 sunt,
1833 3457 1896 3507 tum

1104 3550 1133 3586 ea
1144 3549 1201 3600 quac
1212 3535 1244 3585 de
1263 3534 1332 3595 iore,
1347 3536 1400 3583 turn
1418 3546 1447 3584 ea
1459 3547 1516 3598 quim
1529 3535 1555 3585 iu
1577 3539 1677 3587 senalus
1692 3537 1836 3601 snperbiam
1851 3539 1894 3591 in·

1106 3635 1193 3681 rectus
1206 3630 1318 3682 dixerat:
1345 3628 1389 3682 sed
1410 3626 1573 3694 praecipuast
1585 3625 1677 3689 quibus
1697 3626 1894 3679 conventionum

1104 3716 1178 3767 lldcm
1188 3721 1215 3767 et
1231 3717 1369 3769 cautionem
1384 3715 1435 3766 doli
1450 3716 1477 3765 ct
1496 3711 1590 3763 frondis
1602 3713 1700 3778 plenam
1720 3726 1775 3765 esse
1785 3714 1892 3766 demon·

1100 3799 1194 3853 stravit.
1221 3810 1283 3859 (irim
1295 3810 1378 3859 autem
1396 3807 1422 3858 in
1443 3808 1552 3858 extrema
1564 3817 1611 3855 sua
1628 3804 1741 3855 oratioue
1757 3819 1893 3856 mamera-

1105 3893 1182 3944 visset
1199 3909 1286 3958 graves
1309 3893 1425 3955 iniurias,
1441 3892 1534 3957 quibos
1553 3904 1569 3941 a
1594 3890 1772 3943 feneratoribus
1791 3892 1893 3944 lucrant

1103 3980 1201 4043 allecti,
1216 3983 1240 4031 ot
1253 3981 1385 4045 unicnique
1397 3994 1442 4031 sua
1458 3980 1523 4031 mala
1537 3979 1562 4029 in
1577 3979 1723 4029 memoriam
1739 3984 1892 4037 revocasset.

1104 4067 1188 4119 nullus
1211 4068 1258 4119 luit
1272 4068 1353 4119 animo
1369 4069 1420 4118 tam
1441 4067 1520 4130 duro,
1543 4066 1603 4129 quin
1628 4067 1697 4116 totus
1711 4065 1822 4116 lacrimis
1835 4080 1893 4131 per·

1106 4157 1257 4220 tunderetur,
1272 4161 1297 4209 el
1309 4168 1452 4207 communes
1466 4154 1619 4205 calamitates
1636 4153 1733 4205 crebris
1748 4167 1779 4205 ac
1792 4156 1891 4220 repeti·

1104 4244 1136 4295 tis
1150 4244 1264 4296 lamentis
1276 4243 1434 4308 deploraret:
1450 4241 1525 4305 idque
1548 4255 1597 4292 non
1617 4240 1677 4306 ipsis
1700 4240 1759 4293 solis
1782 4241 1892 4304 accidit,

1104 4331 1188 4382 sedet
1205 4331 1290 4395 iisqui
1309 4343 1325 4381 a
1347 4332 1434 4381 senatu
1454 4331 1551 4381 lucrant
1568 4328 1647 4379 missi.
1681 4329 1743 4379 llam
1765 4340 1796 4377 ne
1816 4327 1895 4391 legati

1103 4418 1203 4482 quidem
1220 4433 1235 4470 a
1252 4418 1360 4470 lacrimis
1374 4418 1422 4470 sibl
1436 4422 1574 4483 temperare
1593 4418 1724 4481 poterant,
1743 4417 1895 4479 reputantes

1103 4506 1215 4558 miserias
1225 4545 1231 4565 ‚
1242 4520 1300 4571 quse
1312 4522 1343 4558 er
1358 4507 1404 4557 lrac
1418 4507 1509 4558 civium
1521 4506 1661 4558 secessione
1678 4504 1830 4566 contigerant
1843 4524 1850 4553 ι
1864 4513 1896 4558 ct

1102 4607 1147 4646 eos
1159 4593 1202 4644 din
1223 4597 1327 4646 moestos
1340 4599 1366 4646 et
1383 4593 1548 4656 lacrimantes,
1560 4597 1586 4645 et
1599 4593 1658 4658 quid
1670 4590 1800 4643 dicendum
1819 4597 1895 4644 esset

1103 4685 1252 4746 dubitantes,
1265 4686 1391 4738 silentium
1402 4685 1490 4737 tenuit.
1499 4685 1546 4736 Sed
1558 4686 1603 4737 ubi
1614 4685 1670 4737 baec
1678 4699 1766 4751 magns
1780 4685 1895 4737 laurente

1102 4779 1244 4835 cessarunt,
1261 4774 1436 4838 silentiumque
1451 4774 1505 4825 tota
1517 4771 1632 4825 concione
1645 4773 1740 4825 lactum
1758 4776 1813 4835 cst,
1829 4777 1895 4825 tune

1103 4863 1135 4914 ad
1147 4863 1251 4915 crimina
1262 4864 1358 4916 obiecta
1374 4876 1539 4929 responsurus
1556 4865 1632 4928 atque
1646 4877 1677 4915 ca
1691 4863 1818 4914 dilutums
1830 4877 1895 4927 pro·

1102 4953 1148 5005 dlit
1159 4959 1187 5007 Τ.
1201 4956 1314 5015 Lartius,
1338 4955 1381 5019 qui
1400 4953 1498 5005 ceteris
1513 4953 1610 5005 civibus
1628 4956 1702 5005 atate
1721 4957 1747 5005 et
1767 4952 1895 5017 (lignium

1101 5043 1248 5094 antecellere
1265 5042 1397 5093 videbatur
1407 5041 1464 5107 qui,
1476 5040 1515 5093 bis
1531 5043 1616 5092 consul
1630 5046 1741 5105 creatus,
1755 5041 1839 5092 ellecit
1860 5045 1895 5093 ut

1101 5128 1222 5181 invidiosa
1240 5128 1420 5181 illadlctatoria
1433 5130 1559 5194 potestus,
1578 5127 1604 5180 ln
1627 5143 1677 5194 qna
1697 5127 1895 5194 preclarissime

1101 5217 1211 5269 omnium
1225 5217 1353 5269 bominum
1367 5232 1394 5270 se
1415 5217 1505 5282 pessit,
1525 5219 1611 5270 sanctu
1625 5219 1651 5270 et
1666 5215 1816 5270 venerandae
1831 5229 1896 5268 ma-
