4052 5926
238 326 299 384 aas

239 478 253 512 α
271 480 346 516 σεται
360 454 422 516 τάδε
435 453 577 533 λέγεσθαι,
592 456 723 535 συγχοιρῶ
738 456 810 534 αὐτῷ
821 454 935 531 νομίζειν
946 451 1016 521 ὅπως

241 571 253 597 ι
273 545 411 623 βούλεται,
435 542 515 623 μέχρι
529 542 557 602 δέ
577 543 676 610 παντὸς
695 543 889 619 ἐναντιώσομαι
910 546 964 611 τοῖς
982 542 1016 600 τά

242 660 254 685 ι
271 630 309 708 μὴ
323 632 423 711 πάτρια
439 629 622 711 πολιτεύματα
636 630 859 710 εἰσηγησομένοις.
903 631 1016 703 Ἐπειδλ

243 722 299 782 «δέ
319 724 349 782 οὗ
369 721 404 780 rie
424 720 492 802 χρέα
511 724 666 780 ἀπαιτοῦσιν
680 724 704 781 ol
725 723 830 801 καιροί,
853 724 972 801 μεγάλην
987 721 1017 783 δέ

195 821 208 858 ⁵
242 839 255 866 a
274 811 415 891 βοήθειαν,
430 809 533 887 δμόνον
547 809 621 868 ἐσται
635 815 683 882 τῆς
697 812 866 890 διχοστασίας
876 813 1016 894 φάρμακον

242 900 300 957 «ἐν
328 901 366 978 τῷ
389 900 499 979 παρόντι
531 899 639 979 φράσω·
665 899 806 980 δικτάτορα
833 902 923 961 έλεσθε
947 904 1017 963 κατά

210 1023 216 1034 -
241 1017 253 1041 ι
270 987 352 1067 τάχος
363 1032 371 1064 ,
383 985 411 1055 ῦς
425 988 554 1063 ἀνευθύνῳ
567 985 704 1068 χρώμενος
728 988 832 1071 ἐξουσίᾳ
854 991 899 1050 καὶ
920 991 1017 1068 βουλὴν

241 1104 254 1130 a
280 1077 325 1135 καὶ
341 1078 422 1150 δῆμον
447 1076 591 1151 ἀναγκάσει
605 1076 638 1135 τά
654 1076 785 1158 κράτιστα
805 1083 843 1159 τῷ
858 1080 936 1153 κοινζῦ
952 1103 1017 1161 ppo·

242 1191 254 1217 ι
272 1169 337 1223 νεῖν·
353 1163 421 1235 άλλη
443 1162 495 1245 γάρ
515 1166 562 1223 οῦκ
582 1164 657 1225 ἔσται
678 1165 834 1238 τηλικούτου
860 1173 943 1228 κακοῦ
965 1167 1014 1226 λύ-

185 1261 210 1300 Ιθ
239 1281 251 1305 ι
266 1276 317 1319 ηις,
336 1279 347 1304 ι

279 1343 419 1404 XXXIX.
443 1344 468 1402 Τ
470 1343 528 1399 αῦτ’
546 1342 663 1411 εἰπόντος
683 1342 812 1421 Ἀππίου,
832 1345 877 1404 καί
888 1348 940 1404 τῶν
951 1346 1017 1406 νέων

208 1498 210 1503 Ι
239 1429 488 1510 ἐπιθορυῦησάντων
498 1433 534 1499 ὡς
545 1429 579 1490 τά
590 1430 683 1490 δέοντα
693 1433 895 1510 εἰσηγουμένου,
907 1430 1016 1514 Σερουί-

237 1517 293 1587 λιός
302 1542 331 1577 τε
341 1518 481 1588 ἀντιλέξων
502 1519 597 1592 ἀνέστη
618 1520 663 1580 καί
682 1520 757 1579 ἀλλοι
771 1521 840 1590 τινὲς
866 1527 919 1582 τῶν
932 1547 1018 1605 πρεσ-

240 1607 372 1688 ύυτέρων·
396 1611 515 1680 ἡττῶντο
539 1608 566 1669 δέ
598 1613 651 1669 τῶν
674 1611 826 1690 νεωτέρων,
854 1616 884 1672 ἐκ
911 1637 1019 1694 παρασ-

185 1715 210 1753 ιε
240 1700 319 1768 κευῆς
337 1718 366 1754 τε
388 1696 584 1774 ἀφικνουμένων
606 1698 651 1758 καὶ
675 1702 723 1778 βοῇ
748 1702 835 1778 πολλῇ
859 1700 1020 1780 χρωμένων·

240 1785 285 1844 καί
302 1783 384 1862 πέρας
409 1784 527 1857 ἐνίκησεν
552 1789 568 1857 ἡ
594 1786 705 1847 Ἀππίου
725 1789 827 1865 γνώμη.
871 1788 925 1850 Καὶ
951 1789 1018 1865 μετά

240 1878 322 1933 ταῦτα
334 1876 358 1933 οἵ
374 1872 468 1932 ύπατοι
483 1879 557 1955 κοινῇ
567 1874 661 1956 γνώμῃ
672 1877 851 1956 χρησάμενοι,
861 1882 913 1937 τῶν
924 1879 1017 1939 πλείσ-

239 1986 290 2021 των
311 1960 435 2040 οἰομένων
454 1961 499 2021 τὸν
521 1961 633 2024 Ἄππιον
659 1966 896 2046 ἀποδειχθήσεσθαι
924 1969 1015 2029 δικτά-

753 320 922 382 DIONYSll
943 317 1326 381 HualcrlRNASSENsrs
1403 358 1406 363 -

1070 480 1082 503 ι
1098 461 1170 511 liat:
1200 462 1285 510 tamen
1311 470 1409 521 semper
1430 457 1579 508 adversabor
1604 455 1649 515 iis,
1668 454 1712 518 qui
1735 453 1848 506 instituta

1071 560 1165 597 «nore
1184 550 1270 596 contra
1286 547 1395 609 patrium
1414 558 1510 595 morem
1527 544 1554 593 in
1573 542 1752 607 rempublicam
1774 543 1849 593 indn-

1070 655 1083 680 ι
1097 638 1162 687 cent.
1195 635 1318 694 Quoniam
1337 637 1421 685 autem
1442 634 1563 698 temporis
1586 633 1695 684 rationes
1709 646 1780 685 ιιυιιο
1800 648 1852 686 ιιοιι

1070 744 1083 770 ιι
1099 738 1134 776 ωε
1147 723 1267 785 ebenum,
1281 723 1323 774 sed
1338 736 1454 787 mamam
1467 722 1569 787 aliquod
1585 723 1704 773 auxilium
1721 725 1849 789 postulat,

1071 834 1084 859 ι
1101 813 1195 873 dicam,
1210 811 1278 876 quod
1297 812 1359 861 mibi
1375 812 1477 862 unicum
1492 812 1519 861 in
1540 824 1651 875 presens
1665 811 1794 864 sedltionis
1806 814 1851 863 ri-

1071 923 1083 948 a
1098 903 1187 953 deutur
1196 900 1346 962 remedium;
1361 900 1506 951 dictatorem
1515 902 1699 965 quamprimum
1716 903 1852 952 creandum

1071 1013 1084 1037 ι
1101 1006 1202 1055 carseo,
1219 992 1278 1057 qni,
1299 991 1419 1057 preditus
1432 994 1553 1056 potestate
1572 992 1646 1041 nullis
1661 991 1851 1042 reddendisrra·

1071 1102 1085 1131 ι
1099 1083 1207 1134 tionibus
1219 1082 1339 1143 obnoxia,
1361 1084 1386 1131 et
1400 1083 1514 1131 semlum
1528 1082 1554 1132 et
1567 1080 1689 1146 populum
1706 1081 1801 1146 optime
1821 1082 1854 1133 de

1072 1192 1085 1216 ι
1099 1171 1223 1236 republica
1234 1170 1326 1220 sentire
1343 1173 1423 1231 cogat.
1456 1169 1530 1220 Nulla
1543 1169 1609 1219 enim
1621 1169 1669 1218 alia
1684 1168 1780 1219 ratione
1801 1174 1855 1219 tan-

1072 1283 1085 1307 a
1099 1263 1154 1311 tum
1167 1259 1260 1309 malum
1272 1258 1325 1308 tolli
1338 1258 1438 1322 poterit.
1451 1278 1463 1302 s

1103 1355 1211 1404 xllxlll.
1229 1354 1299 1402 Hanc
1320 1351 1391 1415 Appii
1413 1351 1575 1411 sententiam,
1588 1354 1617 1400 nt
1628 1350 1760 1415 optimam,
1775 1351 1854 1404 iunio·

1073 1441 1141 1492 ribus
1161 1439 1250 1506 plausu
1268 1440 1499 1504 comprobantibus,
1521 1439 1640 1490 servilius
1653 1441 1855 1495 contradicturus

1073 1529 1194 1589 surrexit,
1209 1528 1285 1580 etalii
1298 1528 1399 1591 quidam
1411 1529 1443 1578 de
1461 1527 1614 1578 senioribus:
1629 1530 1672 1579 sed
1694 1529 1754 1579 victi
1768 1531 1855 1579 sunta

1077 1618 1227 1676 iunioribus,
1238 1617 1280 1682 qul
1294 1619 1320 1666 et
1330 1616 1362 1667 ed
1374 1617 1421 1666 hoc
1431 1616 1512 1680 ipsum
1527 1617 1604 1680 parati
1617 1619 1749 1679 venerant,
1761 1619 1788 1668 et
1800 1630 1854 1666 mn·

1072 1723 1133 1774 gnos
1144 1708 1263 1758 clamores
1277 1706 1423 1756 excitamnt.
1458 1709 1537 1769 Atque
1548 1707 1589 1756 tta
1602 1703 1702 1756 undem
1715 1706 1787 1770 appii
1802 1719 1854 1757 sen·

1073 1796 1152 1848 tentia
1169 1795 1238 1846 eicit.
1271 1796 1361 1846 Postea
1379 1794 1493 1845 consules
1512 1793 1544 1844 de
1569 1793 1696 1844 communi
1718 1807 1854 1858 consensu,

1074 1887 1197 1952 plerisque
1214 1886 1412 1937 existimantibus
1437 1885 1543 1950 Appium
1567 1884 1716 1937 dictatorem
1741 1892 1855 1938 creatum

1073 1975 1120 2038 iri,
1134 1976 1205 2039 quasi
1217 1976 1294 2026 reolus
1305 1976 1344 2026 ille
1357 1975 1507 2039 reipublice
1525 1971 1689 2037 patrocinium
1709 1973 1806 2023 sortiter
1819 1986 1856 2023 re·

240 2074 318 2131 τορα,
332 2054 368 2117 ώς
393 2049 471 2126 μόνον
490 2053 667 2132 ἐπικρατῆσαι
681 2058 728 2124 τῆς
745 2054 914 2134 διχοστασίας
938 2057 1020 2129 δυνη-
1069 2065 1147 2115 tinere
1164 2069 1261 2128 posset,
1274 2064 1345 2115 illum
1362 2063 1521 2128 repulerunt,
1539 2064 1566 2112 et
1585 2060 1697 2110 Meuium
1709 2061 1854 2121 Valerium,

240 2141 365 2212 σύμενον,
411 2142 507 2199 ἐκεῖνον
553 2142 600 2217 μέν
633 2141 799 2217 ἀπήλασαν,
843 2145 945 2206 Μάνιον
991 2149 1020 2208 δὲ

239 2227 383 2308 Οὐαλέριον
400 2229 509 2311 ἀδελρδν
532 2231 652 2291 Ποπλίου
678 2233 825 2312 Οὐαλερίου
847 2238 894 2291 τοῦ
916 2233 1021 2312 πρώτου

240 2315 450 2394 ῦπατεύσαντος,
473 2317 520 2379 καί
536 2318 750 2394 δημοτικώτατον
774 2323 899 2380 δοκοῦντα
914 2321 1020 2383 ἐσεσθαι

238 2405 286 2462 καὶ
309 2406 391 2485 ἄνδρα
414 2407 525 2487 γηραιὸν
540 2407 695 2481 ἀπέδειξαν,
712 2409 776 2469 αύτδ
795 2409 825 2467 τὸ
838 2411 947 2490 ροῦερὸν
969 2412 1021 2472 oid·

239 2516 312 2566 μενοι
325 2496 372 2564 τῆς
387 2493 505 2563 ἐξουσίας
520 2497 688 2575 ἀποχρῆναι,
712 2497 803 2579 ἀνδρὸς
826 2498 853 2557 δὲ
876 2497 910 2557 τδι
932 2500 1020 2560 πάντα

185 2590 211 2628 2⁵
240 2582 369 2651 ἐπιεικοῦς
378 2583 432 2650 τοῖς
447 2581 588 2662 πράγμασι
601 2585 672 2663 δεῖν,
687 2585 731 2644 ίνα
750 2587 833 2663 μηδὲν
847 2587 1018 2669 ἐξεργάσηται

238 2670 376 2752 νεώτερον.

278 2761 339 2821 xl..
364 2759 533 2838 Παραλαόών
562 2761 589 2821 δέ
614 2761 662 2834 τὴν
690 2763 775 2843 ἀρχὴν
801 2766 946 2847 Οὐαλέριος
973 2768 1018 2828 καί

239 2847 431 2925 προσελόμενος
449 2848 588 2932 ἱππάρχην
606 2853 716 2912 Κόϊντον
738 2852 889 2932 Σερουίλιον
906 2857 1017 2936 ἀδελφὸν

240 2941 285 2995 τοῦ
296 2937 541 3007 συνυπατεύσαντος
551 2940 655 3021 Ἀππίῳ
668 2943 839 3022 Σερουϊλίου,
854 2945 1018 3026 παρήγγειλε

185 3035 212 3077 ³⁰
239 3027 283 3085 τὸν
306 3027 389 3104 δῆμον
405 3030 442 3096 εἷς
456 3027 599 3099 ἐκκλησίαν
621 3038 756 3108 παρεῖναι.
801 3033 975 3103 Συνελθόντος
989 3035 1017 3096 δέ

239 3116 319 3195 ὄχλου
334 3123 430 3198 συχνοῦ
442 3116 502 3177 τότε
513 3120 617 3193 πρῶτον
627 3117 653 3187 ἐξ
668 3109 698 3176 οὗ
713 3118 762 3190 τὴν
777 3121 863 3201 ἀρχὴν
877 3126 891 3180 θ
911 3123 1018 3203 Σερουί·

239 3207 295 3272 λιος
308 3205 436 3278 ἀπέθετο,
449 3203 519 3264 aeid
534 3206 615 3281 δῆμος
630 3205 756 3284 ἀγόμενος
768 3209 812 3267 ἐπὶ
822 3209 869 3277 τάς
880 3212 1019 3289 στρατείας

241 3290 404 3372 εἷςσανεράν
429 3293 553 3353 ἀπόνοιαν
579 3295 723 3375 ἐτράπετο,
753 3299 887 3374 προελθὼν
911 3298 956 3358 ἐπὶ
989 3302 1019 3361 τὸ

244 3383 318 3458 βῆμα
333 3379 433 3449 ἔλεξεν·
450 3410 461 3434 ι
478 3372 516 3443 Ὦ
536 3383 662 3454 πολῖται,
685 3374 714 3442 εύ
737 3383 813 3460 ίσμεν
834 3387 875 3446 ότι
890 3391 1019 3466 βουλομέ·

186 3482 213 3521 aa
245 3490 329 3536 «νοις
355 3473 417 3545 ύμῖν
440 3472 510 3530 ἐστιν
533 3470 576 3529 ἀεί
595 3496 667 3537 τινας
693 3476 723 3532 ἐκ
741 3480 786 3535 τοῦ
807 3477 961 3555 Οὐαλερίων
979 3478 1024 3557 γέ-

246 3581 334 3625 ινους
356 3558 447 3637 ἄρχειν
472 3563 564 3635 ὑμῶν,
588 3563 631 3641 ὑφ’
653 3552 689 3620 ών
717 3562 848 3644 ἐλεύθεροι
874 3567 1023 3646 τυραννίδος

245 3649 395 3727 «χαλεπῆς
410 3648 534 3727 γεγόνατε
555 3648 601 3708 καί
622 3650 723 3718 οὐδενὸς
743 3657 796 3712 τῶν
821 3654 934 3733 μετρίων
958 3661 1021 3717 ἀτυ-

245 3734 382 3815 σχήσειν,
402 3735 420 3807 ἢ
439 3736 510 3816 τάχα
530 3736 594 3813 μίαν
611 3738 673 3813 δίτε,
699 3744 768 3817 ὑμᾶς
792 3741 886 3809 αὐτοὺς
916 3748 1021 3823 ἐπιτρέ-

246 3826 371 3904 ιιψαντες
386 3833 439 3892 τοῖς
454 3825 577 3885 ἀπάντων
602 3827 825 3903 δημοτικωτάτοις
850 3832 953 3891 δοκοῦσι
974 3834 1017 3892 καὶ

187 3920 215 3959 ⁴⁰
243 3937 255 3961 s
272 3903 356 3975 ούσιν.
397 3911 485 3974 Ὥστε
500 3917 529 3974 οὗ
545 3915 654 3995 διδαχῆς
674 3917 738 3993 ἡμῖν
757 3917 943 3994 δεόμενοι,ύτι
969 3925 1021 4000 βε-

243 3998 421 4075 ιύαιώσομεν
442 4005 481 4083 τῷ
501 4002 578 4084 δήμῳ
597 4004 627 4062 rb
651 4003 800 4086 ἐλεύθερον,
826 4003 901 4086 οίπερ
924 4008 969 4067 καὶ
993 4008 1020 4079 ἐξ

243 4113 254 4134 ι
270 4087 353 4164 ἀρχῆς
367 4089 431 4146 αὐτὸ
450 4090 602 4169 ἐδώκαμεν,
618 4095 643 4151 oi
665 4091 737 4170 λόγοι
752 4093 871 4168 ἔσονται,
887 4095 955 4154 ἀλλά
967 4121 1019 4156 πα-

244 4199 258 4224 ι
277 4173 429 4254 ρακλησεως
450 4181 576 4260 μετρίας,
601 4177 644 4241 ἵνα
658 4180 798 4255 πιστεύητε
827 4187 892 4259 ἡμῖν
912 4183 928 4245 δ
944 4209 970 4245 τι
988 4186 1020 4246 ἀν

245 4289 258 4314 ι
275 4260 454 4343 ὑποσχώμεθα
474 4266 647 4342 ἐμπεδώσειν.
670 4268 793 4338 Ἦλικίας
807 4272 868 4352 γὰρ,
885 4273 902 4346 ἢ
918 4273 949 4332 ab
968 4299 1016 4357 ρε-

185 4360 213 4399 to
241 4376 254 4403 ιι
269 4350 383 4420 νακίζειν
404 4350 503 4424 ἥκιστα
528 4355 694 4437 ἐπιδέχεται,
715 4358 759 4417 ἐπί
786 4359 816 4419 τὸ
834 4360 934 4421 τελειον
956 4363 1019 4436 ἥκο-

244 4464 257 4492 ι
275 4462 342 4516 μεν,
366 4440 411 4501 καὶ
426 4440 573 4517 ἀξιώσεως,
588 4444 605 4516 ἣ
625 4451 672 4505 τοῦ
697 4450 858 4528 ῥᾳδιουργεῖν
881 4452 1019 4532 ἐλάχιστον

244 4528 381 4610 «φέρεται
403 4529 495 4614 μέρος,
517 4531 663 4610 ἀρκούντως
688 4535 798 4616 ἐχομεν,
816 4538 909 4618 χρόνον
923 4562 952 4597 τε
970 4542 1019 4619 οὐχ

245 4643 257 4668 ιι
275 4617 382 4697 ἐτέρωθί
399 4643 449 4680 που
472 4618 517 4680 τὸν
539 4619 692 4694 λειπόμενον
718 4624 843 4700 βιοτεύειν
867 4624 1017 4704 μέλλομεν,

243 4731 254 4755 ιι
276 4706 335 4763 ἀλλ’
361 4707 387 4765 ἐν
405 4711 485 4784 ύμῖν,
507 4707 582 4775 δίκας
600 4700 637 4768 ῶν
659 4709 692 4769 ἀν
714 4711 878 4785 ἐξαπατῆσαι
901 4715 1020 4793 δοκῶμεν

248 4794 422 4875 «ὑφέξοντες.
465 4800 560 4859 Ταῦτα
580 4797 628 4874 μὲν
643 4790 704 4874 σύν,
721 4801 811 4882 ὥσπερ
831 4801 911 4884 έρην,
934 4807 969 4872 ὡς
992 4810 1022 4867 ού

249 4903 260 4928 ι
279 4886 388 4961 μακρῶν
401 4884 522 4962 δεόμενος
534 4886 620 4964 λόγων
635 4887 699 4969 πρὸς
714 4888 829 4963 εἰδότας,
845 4892 926 4951 ἐάσω.
943 4892 981 4955 Ὃ
994 4895 1022 4955 δέ

251 4990 262 5014 (ι
282 4988 327 5039 μοι
345 4969 444 5031 δοκεῖτε
459 4974 586 5042 παθόντες
600 4978 643 5056 ὑφ’
660 4976 755 5056 ἑτέρων
772 4977 876 5048 εἰκότως
890 4981 934 5040 ἐπὶ
949 4984 1019 5043 πάν·
1056 5000 1090 5024 ·“

247 5081 259 5103 ι
276 5077 327 5111 των
347 5058 520 5137 ύποπτεύειν,
541 5067 650 5144 δρῶντες
669 5066 722 5125 αἰεί
743 5090 802 5125 τινα
822 5072 874 5128 τῶν
895 5094 1022 5153 παρακα·

249 5170 261 5193 ι
281 5139 396 5203 λούντων
411 5149 478 5226 ὑμᾶς
489 5150 533 5209 ἐπί
549 5150 608 5220 τοῦς
619 5152 748 5232 πολέμους
761 5156 868 5217 ὑπάτων
880 5161 1021 5243 ῦπισχνού·

1075 2155 1176 2206 iratrem
1218 2157 1247 2205 P.
1277 2154 1381 2213 Valerii,
1414 2153 1459 2217 qui
1488 2151 1581 2216 primus
1612 2154 1697 2203 Itomae
1736 2150 1853 2200 coosula-

1074 2247 1128 2294 tum
1139 2244 1228 2308 gessit,
1246 2257 1304 2294 cum
1325 2246 1351 2293 et
1374 2241 1578 2305 popularissimis
1602 2242 1654 2292 tore
1676 2238 1813 2300 videretur,
1828 2242 1856 2290 et

1074 2341 1149 2379 senex
1161 2328 1212 2383 iam
1224 2330 1303 2389 esset,
1318 2328 1466 2378 dictatorem
1479 2330 1610 2388 crearunt,
1625 2326 1672 2376 rati
1683 2326 1744 2375 satis
1756 2324 1788 2374 ad
1800 2326 1855 2374 ter-

1074 2430 1154 2469 mrem
1168 2418 1247 2482 ipsam
1258 2419 1404 2481 potestatem
1423 2416 1537 2468 sufficere
1550 2432 1558 2466 ε
1572 2418 1719 2481 praesentem
1738 2427 1799 2464 roro
1817 2426 1858 2464 re-

1074 2518 1129 2555 rum
1156 2507 1249 2556 statum
1273 2518 1345 2568 egere
1366 2504 1421 2555 viro
1447 2506 1546 2569 penitus
1561 2504 1690 2566 clementi,
1716 2516 1748 2553 ne
1772 2516 1856 2566 quem,

1074 2609 1169 2646 norum
1181 2596 1318 2646 tumultum
1334 2595 1462 2663 excitaret.
1477 2644 1481 2651 ,

1105 2787 1155 2836 xl..
1170 2784 1293 2843 Valerius,
1314 2786 1416 2848 accepto
1433 2782 1634 2847 eomagistratn,
1651 2784 1677 2834 et
1695 2782 1764 2833 dicto
1783 2783 1856 2847 squl·

1079 2884 1136 2932 tum
1148 2882 1269 2946 magistro
1281 2883 1314 2940 Q.
1330 2881 1451 2943 Servilio,
1465 2880 1543 2932 fratre
1554 2880 1652 2932 Servilii
1669 2881 1770 2944 collegae
1785 2878 1857 2943 Appii

1074 2980 1192 3046 populum
1208 2980 1240 3030 ad
1251 2981 1394 3031 concionem
1417 2979 1557 3031 advocarit.
1590 2980 1655 3029 Cum
1669 2982 1754 3029 autem
1773 2978 1858 3043 ingens
1902 2995 1905 2998 ⁴

1074 3078 1148 3130 turba
1161 3092 1191 3129 eo
1208 3078 1382 3140 molluxisset,
1396 3081 1458 3129 tnnc
1480 3076 1604 3142 primum,
1627 3090 1660 3128 ex
1674 3090 1724 3141 qno
1740 3076 1859 3126 Servilius

1074 3177 1246 3239 magistratum
1259 3174 1409 3239 deposuerat
1420 3178 1446 3227 et
1460 3175 1531 3239 plebs
1544 3175 1636 3226 educta
1652 3175 1677 3224 in
1689 3173 1859 3239 expeditiones

1073 3270 1106 3321 ad
1120 3272 1275 3323 manifestam
1289 3273 1487 3336 desperationem
1499 3286 1527 3324 se
1539 3274 1663 3334 verteret,
1676 3284 1821 3336 pmgressus
1831 3270 1858 3320 in

1074 3370 1183 3420 tribuual
1196 3370 1232 3421 sic
1252 3370 1351 3421 locutus
1369 3373 1427 3421 est:
1444 3391 1457 3414 «ι
1469 3371 1551 3421 Probe
1568 3370 1677 3432 scimus,
1692 3368 1816 3429 Quirites,
1829 3367 1858 3419 id

1074 3488 1087 3514 a
1104 3468 1174 3519 robis
1187 3470 1298 3533 placere,
1312 3464 1450 3533 ut'semper
1461 3469 1557 3533 aliquos
1567 3470 1725 3532 magistratus
1736 3468 1768 3519 de
1786 3472 1860 3533 mate

1076 3584 1088 3608 s
1102 3565 1202 3615 Valeria
1214 3565 1350 3626 babeatis,
1372 3565 1443 3615 cuins
1460 3579 1537 3628 opera
1559 3565 1690 3628 tyrannide
1713 3565 1859 3629 gmvissima

1076 3684 1088 3708 a
1104 3663 1201 3717 liberati
1214 3664 1288 3725 estis,
1303 3668 1330 3714 et
1351 3663 1443 3714 nullius
1462 3663 1498 3714 rei
1520 3676 1601 3727 aeque
1617 3663 1743 3727 repulsam
1755 3663 1858 3723 tulistis,

1076 3780 1088 3802 «
1103 3775 1182 3824 nsque
1196 3760 1310 3811 iniuriam
1323 3761 1419 3824 passuri
1429 3761 1601 3825 permittentes
1613 3762 1749 3812 mametiis
1758 3762 1802 3825 qni
1816 3775 1859 3825 po·

1075 3872 1087 3895 «
1104 3853 1251 3916 pularissimi
1262 3855 1287 3904 et
1301 3866 1357 3904 esse
1372 3852 1487 3903 ridentur
1498 3857 1525 3903 et
1534 3858 1601 3920 sunt.
1615 3857 1712 3914 Quare,
1729 3854 1797 3919 apud
1814 3865 1858 3904 roa

1076 3966 1089 3990 a
1103 3946 1180 3996 verba
1192 3945 1301 3996 iacienda
1312 3948 1370 3996 sunt
1390 3960 1440 3997 non
1458 3953 1487 3998 ut
1499 3960 1546 3997 ros
1554 3948 1656 3999 doceam
1676 3961 1722 3998 nos
1733 3947 1815 4013 plebis
1830 3949 1862 3999 li·

1076 4060 1088 4084 ι
1100 4041 1221 4093 bertatem
1236 4042 1437 4103 confirmaturos,
1449 4043 1493 4106 qui
1505 4056 1561 4094 eam
1573 4042 1604 4093 ab
1615 4042 1685 4094 initio
1695 4043 1719 4094 ei
1731 4041 1857 4102 dedimus,

1076 4155 1088 4179 n
1104 4135 1149 4186 sed
1161 4139 1188 4187 ut
1198 4150 1243 4185 ros
1252 4136 1336 4201 paucis
1346 4149 1467 4198 moneam,
1483 4150 1555 4201 posse
1567 4150 1612 4187 ros
1623 4139 1678 4187 tuto
1690 4136 1762 4188 nobis
1771 4136 1857 4191 tidere.

1076 4248 1088 4271 ι
1103 4242 1148 4278 nos
1159 4229 1279 4294 quidquid
1290 4229 1390 4292 polliciti
1407 4229 1527 4280 luerimus
1541 4229 1568 4280 id
1579 4233 1699 4294 praestare
1711 4229 1784 4282 velle.
1818 4227 1858 4282 Ad

1076 4338 1089 4364 a
1105 4336 1160 4372 eam
1174 4323 1238 4372 enim
1252 4324 1334 4375 alatis
1345 4324 1518 4388 perlectionem
1530 4325 1653 4389 venimus,
1667 4340 1723 4390 qua
1741 4326 1805 4378 dolis
1818 4328 1857 4377 uti

1075 4431 1089 4460 a
1106 4429 1155 4464 non
1175 4413 1250 4475 solet,
1271 4428 1301 4465 ae
1312 4415 1430 4481 dignitate
1449 4418 1510 4468 setis
1536 4419 1618 4482 ampla
1638 4418 1739 4482 proseliti
1752 4431 1857 4477 sumus,

1076 4528 1089 4552 α
1102 4522 1159 4572 qum
1177 4508 1277 4560 minime
1288 4511 1382 4575 patitur
1397 4515 1426 4561 ut
1439 4512 1607 4563 iraudulenter
1626 4526 1743 4577 agamus,
1757 4515 1783 4564 et
1794 4511 1856 4564 reli·

1077 4617 1181 4667 equum
1201 4602 1260 4654 rita
1281 4604 1388 4669 spatium
1409 4618 1459 4655 non
1481 4604 1563 4667 abbi„
1577 4605 1622 4657 sed
1642 4607 1706 4658 inter
1728 4605 1859 4671 vosipsos

1077 4717 1089 4742 ι
1104 4698 1279 4762 transigemus,
1292 4712 1392 4763 peenas,
1403 4700 1424 4749 si
1440 4713 1489 4764 qna
1506 4699 1532 4750 in
1544 4714 1571 4752 re
1584 4715 1630 4752 vos
1641 4700 1769 4767 decepisse
1784 4701 1857 4754 vioe·

1077 4794 1197 4855 «bimur,
1222 4794 1337 4845 subituri.
1370 4797 1430 4846 llaec
1450 4795 1540 4860 igitur,
1552 4798 1581 4847 ut
1602 4795 1670 4857 dixi,
1686 4808 1745 4849 cum
1761 4795 1855 4862 pmllra

1076 4907 1089 4931 s
1103 4890 1212 4939 oratione
1231 4903 1280 4940 non
1308 4889 1432 4952 indigeant
1459 4890 1525 4955 apud
1548 4891 1584 4942 rel
1611 4903 1714 4955 gnaros,
1730 4889 1853 4941 omittam

1105 4982 1177 5039 Quod
1196 4987 1280 5034 antem
1298 4983 1359 5034 mihi
1374 4983 1489 5036 videmini
1511 4984 1543 5035 eb
1562 4985 1618 5035 eliis
1638 4985 1750 5049 perpessi
1767 4984 1855 5037 merito

1077 5091 1089 5116 ι
1106 5073 1138 5126 de
1150 5077 1262 5128 omnibus
1282 5078 1418 5142 suspicari,
1435 5078 1502 5143 qnod
1514 5079 1618 5131 videatis
1630 5092 1729 5145 semper
1746 5079 1855 5145 aliquem

1076 5182 1089 5209 ι
1107 5172 1231 5222 consulem
1246 5171 1338 5222 hortari
1351 5185 1396 5223 ros
1413 5173 1446 5223 ad
1466 5174 1545 5237 bella,
1566 5174 1722 5239 pollicentem
1740 5186 1768 5226 se
1783 5173 1854 5239 quid·
