4048 5924
672 437 968 515 ANTIQUITATUM
991 439 1139 501 ROMAN.
1162 441 1235 502 LIB.
1260 443 1330 507 vti.

191 602 249 646 νους
259 575 305 638 καὶ
317 574 395 635 πάντ’
411 572 515 634 ἰλάττω
528 578 575 647 τῆς
601 574 722 651 ὁμονοίας
743 579 913 659 τιθεμένους,
931 580 970 639 δ,.

193 668 311 744 δάσκων,
325 667 359 732 ὡς
373 665 396 722 εἰ
410 662 511 743 γένοιτο
524 666 571 734 τῆς
586 661 660 736 δίκης
675 666 689 721 θ
704 665 787 742 δῆμος
798 667 889 750 ὥσπερ
905 667 971 738 ἀξιοῖ

191 757 287 837 κύριος,
301 752 346 813 καί
369 752 467 825 ταύτην
492 751 566 831 παρὰ
591 755 637 810 τοῦ
663 754 797 834 συνεδρίου
819 754 867 830 τὴν
891 756 970 837 χάριν

191 846 293 912 ἑκόντος
307 841 384 902 λάθοι
394 889 402 915 ,
412 842 484 921 τάχα
500 838 547 919 μὲν
566 840 620 899 οὐδ’
640 840 768 910 ἐπέξεισιν
785 844 849 926 ἄχρι
862 843 969 918 τέλους,

151 951 165 990 o
191 935 251 994 ἀλλ’
264 931 402 1013 ἀρκεσθεὶς
418 933 490 1012 αὐτῷ
501 934 540 1011 τῷ
561 924 753 1009 κεκρατηκέναι
769 941 815 994 τοῦ
832 932 968 1011 σώματος,

191 1023 378 1101 ἐπιεικέστερον
394 1021 493 1098 μᾶλλον
508 1018 721 1100 ἢχαλεπώτερον
741 1025 814 1103 αὐτῷ
826 1023 968 1103 χρήσεται.

191 1117 225 1175 Εἰ
238 1115 266 1175 δέ
277 1111 318 1193 ἀρ’
329 1113 358 1170 έκ
378 1109 476 1176 παντὸς
490 1109 615 1185 οἰομένων
630 1109 682 1168 δεῖν
692 1112 790 1191 τρόπον
805 1116 856 1171 τῶν
868 1112 971 1192 δημάρ-

190 1226 245 1282 χων
268 1201 341 1267 τέλος
363 1203 490 1259 ἐπιθεῖναι
505 1198 661 1278 νόμιμοντῇ
679 1199 738 1279 δίκῃ
759 1205 806 1274 τῆς
821 1202 910 1282 θήφου
924 1224 970 1279 γε·

191 1292 298 1371 νήσεται
313 1287 416 1367 κύριος,
430 1285 556 1347 ἀπολύσει
568 1286 612 1344 τὸν
628 1286 710 1367 ἀνδρα
722 1294 769 1362 τῆς
784 1288 871 1357 αἰτίας
884 1288 971 1349 αἰδού-

138 1396 165 1435 iu
191 1400 266 1451 μενος
292 1376 340 1454 μὲν
355 1376 417 1435 αὐτὸ
432 1377 462 1435 τὸ
481 1377 629 1435 κινδυνεῦον
648 1379 742 1454 σῶμα,
758 1368 788 1438 οὐ
812 1377 900 1438 πολλά
923 1379 969 1437 καὶ

190 1465 260 1526 καλδι
276 1468 340 1547 ἔργα
363 1465 420 1545 ἔχει
436 1468 601 1544 μεμνῆσθαι,
623 1465 810 1534 ἀνταποδιδοὺς
830 1466 856 1525 δέ
871 1466 969 1538 ταύτην

189 1555 238 1628 την
253 1556 332 1636 χάριν
347 1579 380 1635 τη
400 1552 578 1634 παρασχούσῃ
599 1552 648 1624 τὴν
667 1554 786 1624 ἐξουσίαν
802 1557 875 1638 αὐτῷ
888 1558 970 1636 βουλῇ

190 1644 314 1722 καὶπρὸς
328 1641 411 1721 μηδὲν
434 1642 618 1721 ἐναντιωθείσῃ
640 1646 691 1702 τῶν
704 1644 826 1726 μετρίων.
868 1647 970 1724 Παρεῖ-

190 1756 236 1793 ναι
251 1732 340 1811 μέντοι
353 1737 386 1812 τῇ
399 1730 458 1810 δίκῃ
478 1731 650 1791 συνεόούλευι
663 1732 709 1793 καὶ
727 1733 966 1811 συναπολογεῖσθαι

138 1844 163 1882 ia
192 1825 230 1902 τῷ
255 1822 330 1902 ἀνδρὶ
352 1820 397 1880 καὶ
419 1819 464 1879 τδν
488 1822 571 1895 δῆμον
587 1820 673 1889 ἀξιοῦν
688 1821 770 1901 μηθέν
785 1824 882 1902 γνῶναι
907 1820 968 1904 περὶ

191 1912 270 1970 αὐτοῦ
283 1909 399 1990 χαλεπδν
414 1908 474 1976 τούς
487 1931 516 1968 τε
530 1909 644 1977 ὑπάτους
664 1911 709 1969 καί
726 1910 784 1978 τούς
806 1913 837 1970 έκ
854 1916 900 1970 τοῦ
923 1934 969 1968 συ-

190 2000 291 2080 νεδρίου
315 1997 416 2065 πάντας
444 1997 490 2058 καί
515 1996 575 2064 τούς
602 1996 696 2066 ἄλλους
723 1996 877 2079 πατρικίους
900 1998 968 2057 κατὰ

190 2089 288 2160 πλῆθος
305 2086 486 2167 ἀφικομένους·
497 2085 626 2145 συνοίσειν
640 2085 691 2167 γδρ
706 2088 736 2144 οὐ
749 2084 845 2163 μικρδν
860 2089 899 2164 τῷ
913 2108 968 2144 κιν·

192 2173 322 2235 δυνεύοντι
343 2174 389 2234 καί
411 2174 517 2242 τούτους
541 2174 578 2242 εἰς
598 2172 730 2253 σωτηρίαν
754 2173 845 2255 ῥοπήν·
868 2173 914 2233 καί
929 2174 967 2251 μὴ

138 2283 166 2324 20
191 2265 268 2337 μόνον
285 2261 378 2331 αὐτοὺς
393 2260 476 2333 οὐτως
497 2260 567 2344 ἔχειν
590 2265 649 2330 ταῖς
671 2260 805 2342 γνώμαις,
831 2261 900 2321 ἀλλά
922 2261 967 2321 καὶ

190 2355 306 2422 πελάτας
321 2351 431 2412 ἕκαστον
447 2350 507 2420 τούς
535 2354 614 2411 αὑτοῦ
630 2352 794 2432 παρακαλεῖν
819 2352 865 2409 καὶ
878 2351 968 2428 φίλους

191 2442 311 2520 συνάγειν
323 2441 368 2502 καί
385 2438 410 2500 εί
419 2465 492 2508 τινας
503 2439 605 2507 οἰκείως
618 2438 689 2521 ἔχειν
704 2441 778 2521 σφίσι
791 2444 844 2500 τῶν
860 2442 969 2519 δημοτι-

191 2535 244 2590 κῶν
258 2532 291 2590 δι’
308 2528 455 2610 εὐεργεσίας
478 2527 712 2604 θπολαμόάνουσι,
731 2527 777 2586 καῖ
790 2528 897 2595 τούτους
911 2527 968 2587 νυνῖ

191 2620 239 2689 τὴν
254 2617 377 2698 πρότερον
393 2618 564 2701 ὀφειλομένην
585 2615 662 2699 χάριν
681 2615 724 2676 iai
738 2621 784 2689 τῆς
804 2615 967 2699 ψηφοφορίας

137 2720 165 2759 2⁶
193 2710 322 2768 ἀπαιτεῖν·
340 2706 370 2766 τό
384 2730 412 2765 τε
425 2708 546 2787 φιλόπολι
563 2707 608 2765 καί
627 2703 803 2786 μισοπόνηρον
816 2706 967 2787 [χρηστὸν]

190 2802 238 2859 οὐκ
251 2798 338 2875 ὀλίγον
354 2794 484 2876 ἀπέφηνεν
507 2798 543 2855 ἐκ
560 2800 607 2854 τοῦ
629 2793 713 2872 δήμου
739 2797 817 2876 μέρος
834 2794 966 2872 ἐσόμενον·

189 2888 235 2947 καὶ
257 2886 295 2946 έτι
314 2885 404 2947 πλεῖον
419 2886 527 2959 τούτου,
548 2883 642 2965 θπρθς
658 2882 704 2951 τὰς
718 2883 801 2963 τύχας
820 2882 920 2963 πάσχει
941 2907 967 2942 τι

189 2978 236 3046 τδις
246 2974 410 3058 ἀνθρωπίνας
419 2975 465 3034 καί
478 2976 557 3033 ίλεεῖν
568 2965 622 3033 οἶδε
632 2973 692 3040 τοὺς
706 2974 732 3032 ἰν
745 2980 799 3039 τοῖς
809 2970 966 3050 ἀξιώμασιν,

190 3067 253 3125 ὅταν
274 3067 310 3132 εἰς
330 3062 442 3123 ταπεινὰ
463 3062 578 3122 πέσωσιν
604 3064 689 3121 αὐτῶν
705 3063 734 3120 αἱ
752 3062 839 3141 τύχαι.
883 3059 919 3123 ‘0
938 3061 966 3122 δέ

138 3169 166 3210 oo
191 3153 289 3213 πλείων
302 3154 378 3232 λόγος
392 3151 491 3229 έγίνετο
505 3152 577 3234 αὐτῷ
592 3150 656 3233 πρδς
669 3150 713 3211 τδν
726 3150 862 3233 Μάρκιον,
877 3150 966 3230 παρά·

190 3247 283 3317 κλησιν
294 3242 363 3324 έχων
378 3238 528 3312 νουθετήσει
539 3239 708 3320 μεμιγμένην
720 3239 766 3299 καῖ
781 3238 870 3311 δέησιν
883 3238 965 3317 ἀνάγ-

190 3355 237 3404 κη.
277 3331 369 3400 Ἥξίου
392 3328 443 3412 γδιρ
466 3328 558 3403 αὐτδν,
582 3329 639 3388 ἐπεὶ
658 3328 789 3388 διῖστάναι
816 3327 860 3386 τὸν
883 3328 967 3402 δῆμον

191 3423 244 3481 ἀπὸ
270 3425 317 3493 τῆς
338 3423 435 3499 βουλῆς
459 3416 546 3479 αἰτίαν
560 3419 631 3499 ἔχει,
655 3417 701 3475 καί
723 3416 875 3498 τυραννικὸς
900 3408 965 3476 εἶναι

192 3510 362 3570 διαθάλλεται
377 3509 421 3570 διδ
438 3507 487 3581 τὴν
506 3506 645 3566 αὐθάδειαν
668 3509 712 3564 τοῦ
728 3503 844 3584 τρόπου,
867 3502 923 3571 δέος
937 3527 966 3562 τε

138 3609 165 3650 ⁸⁸
192 3598 357 3680 παρέστηκεν
373 3598 473 3670 ἅπασι,
494 3593 532 3670 μὴ
547 3594 580 3653 δι’
598 3590 675 3653 αὐτδν
688 3590 759 3672 ἀρχὴ
780 3588 888 3669 γένηται
902 3590 967 3648 στοί-

192 3710 258 3756 cane
283 3685 328 3746 καί
349 3689 438 3746 κακῶν
458 3680 627 3757 ἀνηκέστων,
655 3679 672 3740 ἀ
698 3678 818 3761 φέρουσιν
845 3675 968 3758 ἰμφύλιοι

191 3776 318 3853 πολεμοι,
335 3776 372 3852 μὴ
389 3782 473 3837 ποιεῖν
487 3774 591 3843 ἀληθεῖς
604 3770 650 3831 καί
671 3770 763 3852 κυρίας
776 3768 822 3836 τδς
843 3767 902 3826 κατ’
918 3770 967 3826 αὐ-

189 3872 234 3927 τοῦ
257 3864 381 3933 διαθολδς
401 3866 512 3941 μένοντα
538 3863 564 3920 έν
579 3863 617 3941 τῶ
631 3857 796 3939 φθονουμένῳ
817 3863 864 3917 τοῦ
888 3855 965 3936 βίου,

190 3954 260 4014 ἀλλά
276 3957 370 4034 σχῆμα
388 3951 510 4012 ταπεινδν
526 3948 685 4029 μιταλαθεῖν
697 3950 741 4006 καί
756 3955 810 4014 τοῖς
822 3946 967 4006 ἀδικεῖσθαι

135 4055 164 4095 ⁴⁰
188 4041 294 4122 λέγουσι
307 4041 355 4114 τὴν
373 4040 490 4110 ἐξουσίαν
504 4037 685 4111 τοῦσώματος
696 4034 853 4115 παρασχεῖν,
867 4034 913 4093 καί
929 4040 966 4111 μη

189 4130 293 4213 φεύγειν
309 4131 398 4190 ἀδικον
418 4127 540 4205 ἔγκλημα
554 4124 626 4205 λόγῳ
642 4123 710 4204 μετδι
725 4124 798 4196 δίκης
813 4123 965 4197 ἀπολυόμε·

188 4243 243 4280 νον.
287 4218 383 4279 Ταῦτα
404 4216 456 4296 γδρ
481 4214 552 4294 αὐτῷ
573 4210 639 4291 πρός
665 4235 694 4273 τε
722 4209 853 4290 σωτηρίαν
881 4212 967 4292 ἀσφα·

189 4307 306 4368 λέστατιι
322 4296 447 4383 εἶναι,καί
458 4301 522 4383 πρδς
542 4300 658 4370 εὐδοξίαν
670 4293 702 4374 ἧς
715 4299 834 4382 ὀρέγεται
845 4299 968 4380 λαμπρά·

189 4396 316 4468 aetnaei
329 4400 383 4461 τοῖς
396 4391 624 4474 προϋπηργμένας
636 4389 720 4472 ίργοις
736 4388 875 4449 ἀκόλουθα.
893 4388 927 4449 El
939 4387 967 4448 δί

139 4494 165 4533 ⁴⁵
192 4483 380 4564 αὐθαδέστερος
395 4483 470 4544 έσται
487 4487 587 4562 μᾶλλον
610 4482 628 4554 ἢ
653 4482 840 4564 μετριώτερος,
860 4478 906 4539 καί
919 4479 969 4549 τὴν

194 4574 290 4653 βουλὴν
306 4572 410 4643 ἀξιώσει
427 4572 515 4633 πάντα
528 4573 645 4633 κίνδυνον
660 4574 693 4631 δι’
710 4572 802 4631 ἑαυτὸν
818 4568 968 4645 ὑπομένειν,

193 4664 276 4735 κακὴν
297 4664 346 4741 μέν
360 4655 455 4737 ἧτταν,
485 4663 597 4744 αἰσχρὰν
620 4662 647 4721 δέ
673 4660 747 4732 νίκην
767 4670 821 4726 τοῖς
839 4661 969 4717 πεισθεῖσι

192 4752 336 4835 προσάψειν
352 4753 430 4813 αὐτὸν
446 4752 599 4833 ἀπέφαινεν.
641 4740 697 4811 Ἦν
715 4772 744 4807 τε
763 4749 875 4807 ἐνταῦθα
887 4743 969 4813 πολὺς

191 4841 379 4922 ὀλοφυρόμενος
393 4841 439 4900 καὶ
461 4844 513 4900 τῶν
533 4836 792 4915 καταλαμθανόντων
813 4836 902 4895 κακῶν
923 4833 969 4898 τδς

136 4941 165 4980 ³⁰
190 4930 279 4998 παλαις
294 4934 320 4990 ἰν
333 4939 391 4999 ταῖς
410 4930 589 5009 διχοστασίαις
608 4926 643 4986 τδι
661 4925 774 5004 μέγιστα
788 4921 834 4984 καὶ
849 4921 967 5002 φανερώ-

189 5040 260 5077 τατα
273 5019 465 5095 ίπιλιγόμινος.

232 5107 293 5170 LV.
318 5106 427 5176 Διεξιὼν
443 5104 471 5164 δέ
487 5106 570 5164 ταῦτα
585 5100 653 5178 μιτδ
675 5099 780 5161 πολλῶν
802 5094 922 5177 δακρύων
937 5094 966 5154 οὐ

189 5199 376 5275 προσποιητῶν
387 5192 433 5253 καῖ
447 5189 655 5266 πεπλασμένων,
667 5189 728 5248 ἀλλ’
743 5188 884 5259 ἀληθινῶν,
900 5184 968 5264 ἀνὴρ

189 5285 297 5357 ἡλικίας
314 5307 344 5343 τε
362 5282 408 5344 καί
421 5286 517 5359 ἀριτῆς
542 5277 647 5349 ἀξιώσει
671 5273 812 5356 προύχων,
828 5278 864 5343 ὡς
884 5272 966 5352 έμαθι

1745 451 1802 510 iii

1027 579 1103 631 nibus
1116 584 1309 646 anteponerent,
1321 584 1440 646 docebat,
1453 586 1474 636 st
1489 585 1567 651 plebis
1583 581 1683 632 arbitrio
1697 582 1738 645 (ut
1752 583 1803 646 ipsa

1027 674 1180 739 postulabat)
1190 675 1310 727 iudicium
1322 677 1515 742 permitteretur,
1524 683 1549 731 et
1560 680 1608 728 boc
1616 689 1714 740 quoque
1726 675 1804 726 bene·

1025 765 1140 818 liciuma
1160 774 1248 819 senatu
1259 769 1358 821 volente
1379 770 1515 836 acciperet,
1539 770 1643 821 tortasse
1657 781 1711 818 eom
1730 767 1762 818 ad
1773 767 1802 817 n-

1025 876 1082 912 nem
1094 876 1172 928 osque
1192 877 1242 914 non
1260 878 1445 929 processuram,
1466 868 1510 917 sed
1533 870 1674 918 contentam
1698 862 1804 913 borninis

1025 956 1162 1018 deditione,
1186 958 1283 1023 aequius
1301 974 1374 1023 qnam
1389 961 1475 1012 durius
1491 976 1548 1012 eum
1567 962 1729 1011 tractatorem
1740 970 1802 1008 esse.

1025 1050 1133 1107 Quodsi
1147 1051 1211 1102 torte
1226 1052 1331 1103 tribunis
1346 1054 1405 1104 illud
1429 1055 1550 1106 indicium
1573 1053 1606 1104 ad
1628 1052 1704 1103 tinem
1726 1064 1805 1115 usque

1025 1140 1161 1204 legitimum
1191 1145 1278 1208 quavis
1304 1145 1398 1197 ratione
1421 1148 1621 1213 persequendum
1648 1146 1803 1210 putantibus,

1024 1232 1057 1282 ad
1069 1233 1185 1299 suffragia
1198 1234 1299 1287 terenda
1314 1243 1450 1300 vocaretur,
1472 1240 1597 1290 bominem
1616 1238 1719 1289 crimine
1730 1239 1803 1288 abso·

1025 1326 1135 1389 tuturos,
1160 1330 1251 1393 partim
1272 1331 1350 1395 ipsius
1374 1333 1538 1397 periclitantis
1564 1332 1702 1384 reverentia
1718 1336 1803 1394 motu,

1025 1422 1096 1472 cuius
1112 1423 1190 1474 multa
1202 1428 1227 1475 et
1239 1426 1357 1490 praeclara
1371 1428 1480 1478 facinora
1496 1427 1615 1478 memorie
1632 1429 1737 1487 teneret,
1748 1439 1805 1490 par·

1025 1516 1070 1567 tim
1082 1515 1158 1566 etiam
1175 1520 1284 1580 senatui,
1294 1520 1338 1583 qni
1352 1520 1399 1584 ipsi
1421 1521 1485 1571 banc
1499 1519 1634 1585 potentiam
1648 1518 1767 1580 dedisset,
1780 1523 1805 1570 et

1024 1609 1102 1674 ipsius
1113 1609 1192 1675 equis
1206 1613 1339 1675 postulatis
1354 1614 1422 1664 nullo
1443 1614 1518 1664 modo
1536 1613 1682 1665 adversatus
1703 1614 1803 1675 inisset,

1024 1701 1089 1751 hane
1102 1702 1207 1763 gratiam
1219 1703 1361 1754 referentes.
1396 1704 1521 1755 suadebat
1538 1707 1621 1756 minen
1639 1708 1668 1757 ut
1679 1707 1705 1756 et
1719 1720 1805 1758 omnes

1024 1797 1151 1844 senatores
1161 1796 1188 1845 et
1200 1794 1288 1858 reliqui
1299 1797 1397 1861 patricii
1414 1798 1555 1862 trequentes
1565 1798 1588 1848 ei
1599 1797 1692 1847 iudicio
1703 1798 1805 1849 interes

1024 1893 1087 1952 sent,
1103 1894 1130 1940 et
1140 1904 1211 1941 reum
1221 1904 1335 1941 caussam
1348 1892 1472 1943 dicentem
1487 1891 1662 1953 defenderent,
1674 1896 1699 1942 et
1708 1878 1806 1957 plebem

1024 1988 1151 2049 rogarent,
1164 1984 1263 2049 nequid
1275 1985 1362 2036 durius
1375 1985 1403 2036 in
1417 2000 1475 2037 eum
1487 1987 1608 2036 statueret
1621 1985 1726 2047 (horum
1739 1986 1804 2037 enim

1023 2077 1181 2141 praesentiam
1198 2090 1249 2127 nou
1268 2091 1372 2142 parrum
1395 2079 1527 2129 allaturam
1548 2082 1702 2128 momentum
1718 2077 1750 2129 ad
1768 2080 1805 2131 rei

1024 2171 1153 2232 salutem);
1176 2184 1256 2236 neque
1275 2186 1332 2223 reio
1353 2172 1401 2237 ipsi
1418 2172 1463 2223 soli
1479 2172 1527 2222 lroc
1546 2172 1629 2223 animo
1646 2176 1744 2232 essent,
1760 2173 1805 2224 sed

1023 2265 1098 2316 etiam
1106 2264 1196 2328 singoli
1207 2264 1309 2315 clientes
1322 2277 1382 2314 suos
1395 2264 1561 2324 advocarent,
1576 2267 1602 2314 et
1615 2277 1700 2316 omnes
1712 2265 1805 2317 amicos

1023 2363 1194 2419 convocarent,
1207 2362 1232 2411 et
1241 2359 1263 2410 sl
1282 2373 1345 2423 quos
1356 2359 1465 2424 plebeios
1478 2358 1661 2421 beneflciis,scd
1676 2359 1804 2411 devinctos

1022 2455 1114 2505 habere
1128 2456 1257 2518 putarent,
1274 2453 1361 2504 abluis
1373 2453 1477 2516 gratiam
1501 2456 1559 2503 ente
1578 2452 1688 2503 debitam
1710 2455 1805 2518 repete·

1023 2553 1086 2611 rent,
1098 2562 1156 2599 enm
1168 2547 1201 2598 ad
1220 2547 1335 2612 sutfragia
1360 2547 1459 2598 terenda
1479 2549 1582 2598 rentum
1595 2549 1670 2597 esset.
1703 2547 1804 2598 Dicebat

1023 2642 1111 2703 etiarn,
1124 2655 1173 2691 non
1192 2655 1293 2706 parram
1307 2640 1387 2705 plebis
1403 2644 1499 2705 partem
1516 2643 1603 2705 patriae
1622 2644 1762 2701 amantem,
1779 2644 1803 2692 et

1023 2733 1141 2798 improbis
1154 2733 1250 2783 civibus
1261 2732 1385 2782 intensam
1395 2744 1450 2782 esse
1465 2746 1471 2775 τ
1488 2730 1531 2782 sed
1542 2731 1613 2796 longe
1623 2731 1740 2782 maiorem
1753 2732 1805 2782 iore

1023 2842 1153 2880 numerum
1167 2842 1269 2887 eorum,
1283 2827 1326 2892 qui
1338 2826 1452 2876 humanis
1465 2825 1563 2876 casibus
1581 2828 1803 2885 commoverentur,

1024 2930 1049 2977 et
1062 2925 1182 2991 quiviros
1194 2923 1311 2988 dignitate
1327 2922 1457 2988 praeditos,
1478 2922 1582 2972 aduersa
1594 2920 1693 2971 tortuna
1707 2921 1739 2972 ad
1757 2921 1804 2973 hu·

1024 3017 1106 3068 milem
1117 3019 1210 3068 statum
1232 3008 1360 3077 redactos,
1375 3013 1486 3065 miserari
1503 3017 1614 3064 nossent.
1629 3013 1678 3064 Sed
1697 3015 1806 3065 maxima

1025 3113 1079 3164 eius
1088 3111 1205 3162 orationis
1228 3123 1284 3175 pars
1304 3109 1337 3159 ad
1350 3109 1471 3160 Marcium
1486 3122 1557 3159 versa
1576 3110 1630 3169 est,
1646 3122 1704 3173 quas
1717 3108 1805 3159 adiror·

1026 3201 1141 3252 tationem
1165 3213 1223 3250 curn
1242 3199 1406 3249 admonitione
1430 3201 1456 3248 et
1476 3211 1563 3261 preces
1585 3210 1643 3247 cum
1659 3196 1807 3248 necessitate

1024 3290 1114 3340 mixtas
1126 3287 1241 3339 habebat.
1285 3287 1394 3352 Rogabat
1408 3285 1473 3336 enim
1488 3298 1564 3345 eum,
1580 3283 1697 3347 quoidam
1711 3281 1806 3333 dissidii

1024 3377 1089 3428 inter
1117 3374 1213 3440 plebem
1233 3375 1258 3423 et
1282 3376 1394 3422 senatum
1417 3374 1504 3420 auctor
1536 3383 1591 3420 esse
1610 3368 1806 3424 insimulabatur.

1024 3467 1051 3516 et
1074 3461 1193 3528 tyrannici
1214 3459 1304 3523 ingenii
1326 3458 1427 3508 erimine
1449 3459 1550 3522 propter
1568 3469 1666 3506 morum
1693 3470 1807 3520 arrogan-

1024 3552 1084 3603 tiam
1101 3549 1269 3614 premebatur,
1304 3550 1330 3597 et
1352 3559 1437 3596 omnes
1467 3534 1624 3602 metuebant,
1646 3558 1678 3594 ne
1707 3545 1807 3607 propter

1024 3652 1080 3687 eum
1095 3635 1183 3685 seditio
1210 3634 1318 3684 oriretur
1339 3638 1365 3684 et
1390 3634 1455 3682 mata
1472 3632 1616 3683 insanabilia
1632 3634 1805 3693 sequerentur,

1024 3738 1080 3789 quas
1105 3722 1170 3774 bella
1189 3722 1271 3773 civilia
1298 3735 1384 3772 seeum
1400 3721 1520 3782 atterant,
1542 3734 1573 3769 ne
1596 3718 1740 3768 criminibus
1760 3717 1808 3767 sibi

1023 3809 1124 3860 obiectis
1152 3807 1228 3858 tidem
1261 3807 1417 3867 adstmeret,
1443 3819 1522 3866 eaque
1562 3804 1717 3875 confirmaret
1741 3804 1806 3854 inri-

1022 3891 1092 3942 dioso
1118 3889 1178 3940 ritae
1195 3902 1284 3953 genere
1301 3901 1476 3952 perseverans;
1502 3885 1547 3937 sed
1563 3884 1683 3935 hamilem
1710 3885 1746 3934 rei
1766 3886 1807 3936 ira·

1023 3979 1102 4032 bitum
1125 3977 1283 4040 adsumeret,
1309 3980 1335 4029 et
1355 3976 1463 4042 corporis
1485 3978 1634 4040 potestatem
1659 3973 1750 4024 iaceret
1775 3975 1806 4026 de

1023 4066 1111 4117 iniuria
1133 4065 1310 4130 querentibus,
1337 4075 1400 4113 nere
1426 4060 1547 4124 refugeret
1573 4056 1694 4108 iniustum
1715 4057 1806 4108 crimen

1022 4156 1069 4207 sibi
1080 4156 1204 4206 obiectum
1215 4153 1297 4204 verbis
1309 4152 1375 4202 luste
1387 4148 1490 4200 diluere.
1525 4149 1577 4197 iloo
1592 4146 1657 4196 enim
1670 4146 1737 4197 etad
1751 4146 1806 4197 eins

1023 4242 1128 4292 salutern
1141 4240 1305 4298 tutissimum,
1325 4234 1396 4287 etad
1412 4233 1514 4298 gloriam
1524 4271 1530 4293 ,
1542 4234 1613 4283 cuins
1634 4232 1757 4283 desiderio
1772 4237 1807 4281 te-

1023 4335 1130 4393 neretur,
1147 4327 1386 4398 splendidissimum,
1412 4325 1438 4372 et
1450 4319 1525 4371 rebus
1546 4323 1604 4370 aute
1615 4319 1691 4381 gestis
1702 4331 1805 4368 consen·

1023 4412 1143 4473 laneum,
1165 4417 1240 4479 Quod
1256 4417 1278 4466 si
1295 4409 1447 4475 arrogantior
1456 4422 1532 4474 quarn
1547 4407 1807 4464 maiestatemne

1024 4512 1136 4562 senatum
1148 4522 1220 4559 omne
1231 4504 1369 4572 periculum
1377 4512 1422 4564 pro
1436 4510 1464 4548 se
1483 4496 1604 4548 sustinere
1615 4493 1699 4553 vellet,
1710 4489 1807 4542 dicebat

1025 4604 1095 4663 tore,
1112 4605 1141 4653 ut
1156 4600 1229 4651 rictis
1251 4610 1352 4663 gravem
1380 4592 1475 4644 cladem
1495 4593 1521 4639 et
1539 4582 1676 4636 uictoribus
1709 4583 1806 4644 turpem

1024 4692 1154 4746 victoriam
1168 4689 1280 4747 atierrei,
1297 4685 1319 4736 ai
1344 4682 1405 4749 ipsis
1434 4675 1603 4745 persuaderet.
1636 4670 1683 4720 iiic
1697 4682 1757 4718 vero
1775 4668 1808 4763 ad

1024 4781 1131 4833 aiieotus
1138 4774 1273 4828 movendos
1285 4771 1357 4834 longa
1371 4764 1546 4819 lamentatione
1557 4761 1596 4810 eat
1610 4770 1686 4817 usus,
1696 4760 1721 4806 et
1730 4768 1807 4805 manr-

1024 4882 1078 4920 mas
1090 4881 1120 4918 ac
1133 4859 1349 4915 maniiostissimas
1362 4852 1530 4911 calamitates,
1548 4860 1606 4910 quas
1624 4844 1656 4895 ob
1673 4841 1806 4894 seditiones

1024 4953 1127 5006 urbibus
1140 4948 1300 5012 contingunt,
1317 4938 1450 4995 recensuit·

1053 5104 1104 5153 LV.
1124 5100 1187 5151 cnm
1200 5098 1283 5147 autem
1296 5091 1329 5143 de
1342 5090 1383 5141 bis
1397 5102 1455 5139 cnm
1471 5085 1558 5137 multu
1574 5081 1683 5136 laurinus
1699 5094 1747 5131 non
1759 5078 1805 5129 iio·

1024 5188 1057 5239 tis
1069 5187 1115 5239 aut
1127 5183 1264 5243 simulatis,
1278 5179 1323 5231 sed
1334 5176 1400 5228 reris
1417 5176 1502 5239 ageret
1520 5172 1559 5222 rir
1578 5175 1603 5221 et
1621 5171 1695 5221 astate
1715 5182 1746 5219 ac
1764 5166 1805 5216 di·

1022 5275 1114 5343 gnitate
1125 5275 1152 5325 in
1167 5270 1253 5338 primis
1263 5263 1435 5325 venerandus,
1447 5259 1491 5313 ubi
1505 5257 1620 5323 cognorit
1632 5259 1749 5309 anatum
1761 5266 1806 5304 sua
