4088 5936
11 946 20 979 i

678 465 972 541 ANTIQUITATUM
994 470 1141 534 Roman.
1165 473 1238 535 alti.
1261 475 1313 535 lv.
1732 483 1791 544 iiiii

178 618 191 642 ι
212 590 249 657 εἰς
268 590 346 649 τοῦτό
370 614 411 651 σοι
439 593 703 671 συναγωνισαμένης,
729 596 830 677 πατρδς
851 598 953 660 εὔνοιαν

176 707 189 732 ι
210 683 263 746 τοῖς
294 678 408 746 παιδίοις
438 681 520 746 τοῖςδε
555 681 755 762 παρασχέσθαι·
782 684 844 746 ὅταν
871 687 899 748 δί
920 693 956 757 εἰς

176 794 188 819 ι
210 767 305 845 ἄνδρας
324 766 430 839 ἔλθωσι,
447 766 493 826 καί
514 767 547 826 τδι
570 769 644 828 κοινδι
660 770 785 848 πράττειν
807 775 892 834 ἱκανοὶ
914 775 957 854 γέ·

175 882 188 907 ι
208 878 318 927 νωνται,
343 855 389 914 τδν
412 853 591 936 πρεσόύτερον
616 861 700 918 αύτῶν
724 859 859 928 ἀποδεῖξαι
886 861 956 923 Ῥω-

136 956 148 991 i
174 970 186 998 ι
210 944 297 1021 μαίων
311 944 440 1022 ἡγεμόνα.
458 970 471 997 ν

214 1034 249 1092 V.
271 1034 357 1093 Ταῦτ’
371 1033 493 1106 εἰποῦσα,
515 1032 629 1093 καὶτῶν
647 1034 759 1094 παιδίων
778 1036 902 1117 ἑκάτερον
920 1044 956 1108 εἰς

171 1121 220 1189 τὰς
233 1119 531 1198 ἀγκάλαςάμάαλσῦσα,
547 1127 592 1181 τοῦ
607 1145 636 1181 τε
651 1122 775 1202 γαμόροῦ
784 1126 831 1184 καί
845 1132 893 1198 τῆς
906 1133 955 1187 θυ-

170 1210 267 1290 γατρὸς
289 1210 334 1268 καὶ
359 1207 441 1268 πολὺν
464 1210 491 1279 ii
513 1209 668 1291 ἀμφοτέρων
692 1211 824 1285 κινήσασα
851 1204 953 1294 οίκτον,

170 1299 261 1370 ἐπειδὴ
272 1298 362 1375 καιρὸς
372 1289 418 1376 ἦν,
426 1298 531 1371 ἐξῆλθεν
540 1302 570 1358 ἐκ
586 1306 632 1359 τοῦ
643 1302 776 1379 δωματίου
791 1303 836 1362 καί
847 1306 954 1385 παρήγ·

122 1404 144 1441 ιο
168 1390 239 1465 γειλε
256 1389 310 1454 τοῖς
326 1386 399 1446 ἔνδον
414 1390 526 1470 εύτρειιῆ
541 1390 576 1448 τδι
592 1389 656 1469 πρὸς
670 1389 718 1460 τήν
734 1393 875 1471 θεραπείαν
891 1397 953 1453 ἀπι-

167 1478 261 1549 τήδεια
285 1478 380 1554 ποιεῖν,
395 1477 441 1536 καί
462 1476 521 1545 τοὺς
539 1479 642 1558 ἰατρούς
665 1482 815 1558 συγκαλεῖν.
859 1486 953 1542 Διαλι-

167 1571 256 1626 ποῦσα
267 1564 353 1637 δέτὴν
368 1564 466 1641 μεταξὺ
475 1568 557 1626 νύκτα
565 1572 617 1647 ,τῇ
632 1567 742 1627 κατόπιν
755 1568 844 1649 ἡμέρᾳ
854 1574 952 1632 πολλοῦ

167 1656 232 1734 πρδς
249 1654 286 1714 τά
309 1655 431 1735 βασίλεια
452 1656 643 1736 συνδραμόντος
662 1656 756 1737 δχλου,
775 1662 902 1737 προῆλθεν
917 1665 953 1729 εἰς

168 1742 317 1823 τούμφανίς
328 1752 387 1811 ταῖς
405 1749 506 1824 θυρῖσιν
524 1747 658 1825 ἐπιστᾶσα
669 1755 728 1814 ταῖς
746 1749 903 1824 βλεπούσαις
917 1753 952 1818 εἷς

168 1833 213 1892 τδν
230 1833 285 1913 πρδ
299 1835 352 1892 τῶν
374 1836 460 1912 θυρῶν
471 1833 622 1906 στενωπὸν,
645 1832 691 1893 καί
705 1838 809 1915 πρῶτον
826 1836 874 1914 μὲν
891 1837 951 1910 ἐδή·

166 1924 238 1981 λωσι
254 1929 308 1989 τοῖς
321 1925 438 2000 παροῦσι
451 1919 510 1988 τοὺς
525 1923 716 2000 βουλεύσαντας
730 1924 774 1983 ἐπὶ
787 1927 826 2003 τῷ
846 1928 951 2004 βασιλεῖ

167 1998 212 2069 τὸν
234 2009 330 2088 φόνον,
353 2008 399 2068 καλ
420 2007 480 2077 τοὺς
499 2010 544 2069 ε’πὶ
558 2000 667 2091 τοάργον
689 2011 887 2081 ἀποσταλέντας
908 2012 952 2073 ὑπ’

166 2101 253 2159 αὐτῶν
265 2096 417 2174 διδομένους
426 2099 595 2178 παρήγαγεν·
611 2099 715 2171 ἔπειτα,
727 2105 762 2168 ὡς
774 2092 826 2161 ιίδε
838 2101 951 2170 πολλοὺς

164 2186 375 2269 ὀλοφυρομένους
387 2209 414 2257 ge
428 2186 459 2246 τδ
470 2188 553 2254 πόθος
570 2188 680 2256 καὶτοῖς
695 2190 848 2269 δεδρακόσιν
862 2192 949 2271 ἀπεχ-

117 2276 142 2317 ¹⁰
164 2277 308 2355 θομίνους,
322 2277 473 2336 τελευτῶσα
495 2266 566 2336 εἶπεν
584 2278 658 2337 οὐδὲν
672 2281 758 2346 αὐτοῖς
773 2281 804 2339 ἐκ
822 2282 874 2338 τῶν
889 2282 949 2340 ἀνο·

164 2367 226 2426 σίων
241 2364 478 2442 ἀπιόουλευμάτων
491 2364 625 2446 γεγονέναι
638 2364 742 2447 [πλέον]
757 2368 787 2426 ού
802 2367 949 2440 δυνηθεῖσιν

164 2459 321 2514 ἀποκτεῖναι
332 2454 490 2533 Ταρκύνιον.
507 2453 669 2530 ’ἀγαπητῶς
683 2454 711 2514 δέ
721 2456 765 2516 τὸν
777 2454 855 2534 λόγον
867 2454 951 2516 ἀποίν-

119 1824 142 1864 lb

88 2606 95 2621 ¹
165 2567 215 2601 των
230 2541 401 2620 δεξαμένων,
416 2541 474 2600 τότε
492 2542 536 2601 τδν
547 2541 661 2602 Τύλλιον
678 2545 765 2610 αὐτοῖς
780 2541 948 2621 συνίστησιν,

165 2634 200 2695 ὡς
227 2630 282 2690 teri
312 2636 357 2690 τοῦ
391 2628 521 2708 βασιλέως
542 2628 681 2710 ἐπίτροπον
704 2629 828 2691 ἁπάντων
849 2635 901 2692 τῶν
921 2658 950 2692 τε

166 2720 239 2780 ἰδίων
248 2718 295 2778 καί
305 2722 358 2779 τῶν
369 2724 462 2779 κοινῶν
472 2718 706 2796 ἀποδεικνύμενον,
717 2718 766 2787 ἕως
773 2720 849 2788 αὐτὸς
858 2717 949 2802 ῥαίσῃ.

165 2807 198 2868 ‘0
208 2809 260 2886 μέν
271 2798 316 2868 σύν
331 2809 413 2886 δῆμος
422 2807 504 2887 ἀπήει
517 2807 665 2888 περιχαρής
673 2809 821 2887 γενόμενος,
833 2811 856 2868 εἰ
868 2810 950 2885 μηδὲν

162 2896 294 2958 πέπονθεν
307 2902 322 2957 θ
338 2896 462 2977 βασιλεὺς
476 2896 569 2971 δεινδν,
583 2897 630 2957 καί
644 2896 724 2977 μέχρι
737 2899 835 2959 πολλοῦ
849 2896 948 2970 ταύτην

162 2987 211 3060 τήν
234 2988 312 3057 δόξαν
342 2988 412 3067 έχων
435 2986 560 3047 dissiliet·
591 2990 605 3047 δ
630 2986 657 3046 δὲ
682 2987 811 3060 Τύλλιος,
838 2987 948 3068 instrepis

164 3078 243 3158 χεῖρα
259 3076 319 3157 περί
331 3076 410 3135 αύτδν
425 3075 495 3156 ἔχων
510 3076 556 3134 καί
570 3074 629 3141 τοὺς
642 3074 805 3157 ραόδούχους
817 3076 948 3154 ἀπαγόμε-

114 3163 139 3203 ³⁰
164 3187 207 3231 νος
228 3164 289 3231 τοὺς
311 3163 624 3244 βασιλικοὺς,προῆλθεν
642 3166 678 3231 εἰς
698 3162 745 3235 τήν
768 3163 882 3244 ἀγορδιν,
902 3165 946 3225 καλ

163 3257 223 3323 τοὺς
241 3254 378 3334 Μαρκίους
398 3253 537 3335 ἐκήρυττεν
552 3255 627 3327 ήκειν
649 3253 789 3337 ὑφέξοντας
807 3254 897 3327 δίκην·
912 3260 948 3325 ὡς

164 3343 187 3403 δ’
196 3346 248 3423 ούχ
261 3342 412 3415 ὑπήκουον,
423 3340 581 3421 έπικηρύξας
593 3345 679 3409 αὐτοῖς
695 3341 793 3409 ἀϊδίους
807 3342 889 3423 φυγδις
901 3342 947 3402 καί

163 3432 210 3500 τίς
222 3433 313 3499 ούσίας
330 3429 474 3490 ἀναλαόὼν
489 3436 525 3499 εἰς
546 3432 576 3490 τὸ
593 3430 737 3509 δημόσιον,
757 3433 880 3512 ἀσφαλῶς
893 3431 945 3504 ήδη

164 3521 212 3596 τὴν
221 3523 371 3598 Ταρκυνίου
384 3530 508 3602 κατεῖχεν
523 3523 620 3604 ἀρχήν.

113 3610 137 3648 ³⁶
206 3613 255 3673 t'l.
280 3612 416 3686 Βούλομαι
438 3614 462 3670 δ’
478 3614 623 3683 ἐπιστήσας
644 3611 689 3671 τὸν
709 3612 766 3682 ἑξῆς
783 3609 861 3689 λόγον
880 3615 945 3671 ἀπο-

165 3701 311 3768 δοῦναετάς
329 3702 429 3774 αἰτίας,
443 3702 476 3760 δι’
499 3701 529 3769 ἀς
551 3700 610 3760 οὔτε
627 3700 727 3780 ‹lindio›
746 3698 945 3777 συγκατεθέμην

164 3789 227 3849 οὔτε
243 3790 296 3858 τοῖς
308 3788 395 3858 σίλλοις
409 3792 558 3869 ἱστορικοῖς,
568 3789 624 3850 ὅσοι
636 3791 779 3870 γράφουσιν
793 3788 863 3854 υἱοὺς
878 3778 945 3848 εἶναι

163 3877 223 3946 τούς
240 3879 464 3960 καταλειφθέντας
479 3879 576 3944 παῖδας
597 3880 649 3937 tei
668 3876 829 3957 Ταρκυνίου,
847 3874 890 3936 ἵνα
907 3877 944 3953 μή

163 3991 229 4035 τινες
241 3971 293 4027 τῶν
303 3970 415 4033 ίκείναις
425 3968 585 4047 έντυχόντων
598 3967 655 4033 ταῖς
664 3967 789 4046 ἱστορίαις
798 3967 944 4045 σχεδιάζειν

113 4073 139 4113 to
164 4078 198 4128 με
213 4054 395 4128 omittant,
410 4057 460 4134 οὐχ
478 4053 549 4121 υἱοὺς
572 4055 630 4112 ἀλλ’
650 4053 756 4120 υἱωνοὺς
779 4052 858 4110 αὐτοῦ
880 4050 944 4130 γρσί-

164 4165 244 4221 φοντα
270 4142 332 4210 τοὺς
351 4143 460 4211 παῖδας.
503 4142 665 4202 Παντάπασι
680 4141 732 4221 γδιρ
746 4138 944 4218 ἀπερισκίπτως

163 4234 208 4292 καὶ
219 4232 342 4312 ῥαθύμως
356 4234 380 4290 οἱ
396 4238 556 4311 συγγραφεῖς
567 4234 654 4290 αὐτῶν
666 4231 764 4301 ταύτην
775 4226 944 4307 ἐξενηνόχασι

162 4320 209 4393 τῆν
219 4320 348 4400 ἱστορίαν,
358 4319 431 4379 οὐδέν
444 4319 599 4391 ίξητακόιες
613 4323 666 4379 τῶν
676 4318 850 4398 ἀναιρούντων
861 4320 944 4389 αὐτὴν

164 4409 297 4468 ἀδυνάτων
310 4430 337 4467 τε
352 4409 398 4467 καλ
410 4410 527 4467 ἀτόπων·
542 4400 578 4468 ὧν
591 4409 703 4470 ἕκαστον
717 4409 770 4490 ἀγδν
784 4406 944 4486 πιιροίσομαι

112 4506 137 4543 ⁴³
162 4503 274 4569 ποιῆσαι
285 4498 396 4578 φανερὸν
407 4498 441 4556 δι’
448 4498 557 4577 ὀλίγων.
598 4498 745 4577 Ταρκύνιος
756 4501 785 4558 ίκ
794 4496 943 4577 Τυρρηνίας

163 4587 354 4661 μετανίσταται
372 4587 416 4645 τὀν
435 4577 507 4646 οἶκον
526 4585 585 4645 όλον
602 4588 848 4664 ἀνασκευασάμενος
866 4589 941 4666 ἐντῇ

163 4677 292 4757 κρατίστῃ
307 4684 352 4738 τοῦ
368 4686 471 4758 φρονεῖν
487 4677 612 4757 ὑπάρχων
629 4676 736 4757 ήλικίφ·
757 4673 942 4734 πολιτεύεσθαι

161 4764 214 4844 γάρ
228 4764 280 4839 ήδη
289 4766 335 4824 καὶ
350 4766 498 4846 ἄρχεινκαὶ
510 4765 543 4824 τδι
561 4763 636 4825 κοινδι
652 4765 779 4843 πράττειν
793 4763 871 4832 ἀξιῶν
892 4785 942 4819 πα-

164 4854 309 4934 ραδίδοται,
324 4855 371 4913 καί
387 4855 436 4926 τήν
454 4855 569 4935 ἄπαρσιν
590 4857 687 4913 ἐκεῖθεν
707 4850 883 4928 πεποιημένος
898 4847 942 4908 διδι

113 4946 137 4985 ⁸⁰
161 4941 823 5022 τδμηδεμιάςέντῇπσλειτιμῆςμεταλαμδοίνειν.
864 4936 941 4998 ‘'Ere-

163 5055 206 5109 ρος
220 5033 270 5111 μέν
285 5022 329 5091 σύν
345 5033 376 5092 ἀν
388 5056 427 5100 τις
438 5035 516 5093 αὐτὸν
529 5032 638 5092 ὑπέθετο
651 5031 698 5090 καί
714 5027 870 5110 τριακοστδν
885 5028 941 5095 έτος

161 5120 258 5200 ἔχοντα
278 5121 460 5202 τούδέχιστον,
475 5121 519 5181 δτι
539 5125 638 5200 ἀπῆρεν
661 5123 691 5181 ἐκ
710 5119 873 5201 Τυρρηνίας·
889 5116 941 5194 πρὸ

161 5211 259 5284 ταύτης
269 5211 321 5292 γάρ
338 5215 361 5270 ol
376 5211 450 5289 νόμοι
468 5216 515 5283 τῆς
527 5210 632 5282 ἡλικίας
646 5207 791 5269 κωλύουσιν
804 5210 839 5275 ὡς
853 5203 897 5264 tel
911 5202 941 5263 τδ

163 5299 233 5358 πολὺ
252 5299 311 5367 τούς
339 5299 430 5381 ἄρχειν
449 5324 478 5360 τε
500 5300 545 5360 καί
561 5298 686 5379 πράττιιν
711 5293 882 5378 βουλομέναις
905 5292 939 5351 τὰ

1011 628 1023 650 ι
1043 613 1116 661 rante
1125 616 1224 663 creatus
1237 614 1322 675 lucris,
1335 619 1440 679 paterno
1454 630 1538 667 amore
1555 616 1617 668 istos
1630 632 1720 683 pueros
1732 634 1790 685 pro·

1011 739 1024 763 ι
1041 723 1165 786 sequaris3
1182 738 1238 774 cum
1251 738 1311 775 vero
1327 727 1469 778 edictalem
1483 728 1580 779 virilem
1597 732 1754 794 pervenerint
1766 734 1793 787 et

1011 848 1022 872 ι
1041 830 1074 880 ed
1087 834 1263 898 rempublicam
1281 839 1456 901 capessendam
1471 840 1552 893 idonei
1569 842 1668 906 luerim,
1685 845 1792 898 alterurn

1011 960 1024 983 ι
1039 954 1125 991 eorum
1136 943 1256 994 maiorem
1269 949 1330 996 natu
1339 949 1506 999 Romanorum
1517 963 1600 1015 regern
1608 951 1732 1018 designes.
1745 976 1758 999 ι

1041 1053 1072 1101 V.
1090 1052 1135 1101 llis
1151 1052 1226 1104 dictis
1243 1057 1269 1105 et
1287 1055 1370 1119 pueris
1389 1058 1509 1111 ambobus
1529 1061 1554 1111 in
1575 1062 1641 1113 ulnis
1661 1064 1743 1127 generi
1765 1070 1791 1117 et

1009 1146 1066 1197 illim
1079 1148 1209 1214 impositis.
1225 1153 1353 1219 utriusque
1369 1169 1490 1207 summam
1506 1159 1700 1213 misericordiam
1720 1164 1790 1215 escl-

1009 1249 1084 1313 tavit3
1108 1254 1135 1301 et
1155 1266 1212 1302 cum
1235 1256 1333 1319 tempus
1352 1263 1518 1323 opportunum
1536 1267 1610 1327 esset,
1627 1277 1660 1315 ex
1675 1265 1790 1316 cubiculo

1008 1364 1114 1416 egressa,
1128 1355 1278 1410 domesticos
1292 1361 1364 1411 iussit
1373 1376 1414 1413 res
1425 1377 1512 1415 omnes
1523 1367 1674 1418 necessum
1682 1368 1714 1419 ad
1727 1370 1791 1433 regis

1009 1454 1110 1505 vulnera
1130 1459 1238 1509 curanda
1257 1474 1344 1524 parare
1363 1463 1514 1515 etmedicos
1529 1479 1672 1519 convocare.
1705 1471 1789 1522 Inter·

1007 1559 1084 1609 missa
1099 1564 1184 1612 eutem
1196 1562 1238 1612 illa
1249 1569 1329 1625 nocte,
1342 1566 1454 1628 sequenti
1462 1567 1511 1627 die,
1529 1582 1606 1633 quum
1619 1570 1704 1636 ingens
1716 1574 1790 1624 turba

1006 1646 1048 1713 ad
1057 1664 1148 1727 regam
1162 1668 1336 1728 concurrisset,
1355 1669 1446 1732 pmdiit
1458 1669 1484 1719 in
1498 1672 1609 1723 omniurn
1619 1677 1788 1738 conspectum,
1803 1684 1810 1693 '

1006 1768 1077 1815 stans
1090 1764 1120 1815 ed
1132 1765 1255 1817 fenestras
1263 1781 1322 1831 qum
1334 1770 1477 1833 spectabant
1489 1771 1521 1821 ed
1536 1771 1611 1837 regin
1621 1774 1787 1836 vestibulum,

1005 1880 1036 1917 ac
1057 1867 1164 1933 primum
1182 1868 1283 1931 quidem
1296 1870 1451 1923 adstantibus
1472 1874 1589 1926 indicarit
1611 1890 1662 1937 eos,
1681 1877 1726 1939 qui
1738 1878 1790 1943 regi

1005 1973 1098 2024 wdem
1108 1972 1388 2039 πολυστασίαστα
1402 1979 1444 2045 qni
1458 1979 1524 2029 adid
1538 1981 1633 2032 lacinus
1641 1982 1789 2046 patrandum

1004 2076 1036 2126 ab
1048 2076 1097 2127 iliis
1115 2075 1184 2127 missi
1195 2077 1308 2140 inerant,
1330 2049 1560 2145 vinctosprodusit
1577 2101 1583 2132 :
1599 2083 1696 2140 deinde,
1710 2099 1789 2149 quum

1005 2176 1068 2228 sidit
1078 2177 1169 2228 multos
1181 2176 1252 2229 illurn
1266 2191 1352 2229 casnm
1365 2180 1447 2244 lugere
1463 2184 1488 2231 et
1498 2180 1573 2233 credis
1593 2183 1736 2235 auctoribus
1749 2187 1788 2236 in·

1005 2280 1088 2333 tensos
1097 2295 1160 2341 esee,
1170 2283 1269 2334 tandem
1278 2282 1339 2334 dixit
1346 2284 1574 2337 nitrileosscelestis
1582 2286 1622 2338 bis
1629 2288 1724 2339 insidiis
1732 2302 1788 2354 pro·

1004 2383 1099 2445 iecisse,
1111 2385 1228 2448 quoniam
1240 2398 1322 2450 regern
1333 2386 1471 2439 interlicere
1483 2403 1531 2439 non
1542 2390 1688 2455 potuissent
1723 2395 1786 2446 cum

1004 2490 1088 2537 autem
1108 2501 1195 2538 omnes
1208 2488 1262 2538 baec
1283 2478 1445 2542 rerbs'bilari
1465 2491 1547 2543 animo
1559 2494 1723 2558 excepissent,
1735 2498 1787 2546 turn

1003 2590 1112 2642 Tullium
1120 2592 1180 2656 ipsis
1191 2591 1382 2655 commendavit,
1399 2593 1474 2644 utab
1484 2594 1537 2659 ipso
1551 2610 1608 2661 rege
1622 2598 1786 2649 constitutum

1004 2709 1086 2747 rerum
1101 2696 1209 2747 omnium
1225 2699 1250 2747 et
1262 2695 1415 2759 publicarum
1432 2699 1458 2747 et
1471 2698 1624 2763 privatarum
1637 2702 1787 2761 curatorem,

1004 2799 1083 2850 donec
1104 2799 1157 2865 ipse
1182 2799 1271 2850 melius
1295 2813 1322 2850 sa
1346 2800 1455 2851 baberet.
1490 2801 1597 2866 Populus
1621 2803 1695 2867 igitur
1713 2804 1787 2857 ltetus

1003 2901 1124 2956 discessit
1140 2902 1207 2965 quod
1219 2916 1263 2953 res
1276 2901 1337 2952 nibil
1353 2902 1412 2954 muli
1427 2903 1547 2967 morioris
1565 2907 1709 2970 accepisset,
1726 2911 1751 2959 et
1761 2909 1786 2959 tu

1002 3017 1032 3054 ea
1057 3004 1170 3069 opinione
1191 3005 1235 3055 diu
1265 3006 1363 3057 mansit.
1397 3006 1493 3058 Tullius
1520 3022 1589 3069 vero,
1603 3008 1686 3059 valida
1713 3025 1785 3062 manu

1002 3109 1114 3173 stipatus,
1128 3124 1186 3161 oum
1194 3110 1268 3174 regiis
1276 3109 1406 3162 lictoribus
1415 3111 1503 3175 prodiit
1513 3112 1537 3162 ln
1545 3113 1635 3173 iorum,
1646 3117 1670 3162 ei
1680 3115 1786 3165 Marcios

1001 3225 1047 3277 per
1059 3226 1198 3277 preconem
1215 3212 1239 3262 in
1252 3213 1369 3264 iudicium
1383 3217 1416 3264 ad
1428 3228 1543 3265 caussam
1559 3214 1690 3266 dicendam
1701 3218 1785 3270 venire

1000 3315 1084 3378 iussin
1102 3331 1207 3381 cumque
1227 3332 1274 3367 nou
1293 3321 1415 3379 parerent,
1434 3318 1548 3370 absentes
1568 3319 1656 3372 exsilio
1670 3321 1784 3374 multavit

1000 3428 1025 3474 et
1039 3425 1109 3476 bouis
1126 3440 1213 3477 corum
1237 3425 1368 3490 publicatis
1388 3430 1442 3478 tuto
1463 3441 1565 3493 regnum
1588 3432 1714 3494 Tarquinii
1735 3434 1779 3484 ob·

1001 3528 1082 3579 linuit.

1030 3647 1073 3695 Ἦ.
1091 3648 1161 3695 Nunc
1178 3648 1260 3695 autem
1283 3647 1430 3698 narrationis
1443 3662 1544 3699 cursum
1561 3650 1657 3716 sistens,
1677 3652 1780 3704 reddero

1000 3748 1058 3797 solo
1074 3748 1190 3808 rationes,
1206 3761 1250 3796 cur
1269 3762 1348 3811 neque
1361 3749 1436 3799 Fabio
1454 3765 1536 3814 neque
1550 3752 1604 3803 aliis
1621 3753 1781 3817 scriptoribus

999 3851 1127 3912 assentior,
1137 3851 1180 3915 qui
1191 3850 1288 3901 tradunt
1299 3865 1389 3916 pueros
1400 3852 1462 3915 illos,
1476 3854 1518 3917 qui
1528 3868 1544 3903 a
1555 3855 1688 3917 Tarquinio
1702 3856 1782 3907 relicti

1000 3952 1106 4017 lucrant,
1124 3954 1188 4007 lilios
1208 3956 1263 4007 eius
1280 3955 1356 4007 luisse
1376 3970 1429 4007 :ne
1448 3956 1490 4019 qui
1506 3969 1601 4015 eorum,
1622 3956 1665 4019 qul
1686 3957 1711 4007 in
1724 3957 1782 4008 illo·

999 4072 1056 4109 rum
1074 4058 1190 4110 bistones
1211 4058 1336 4119 incidunt,
1359 4072 1400 4109 me
1420 4059 1474 4109 bac
1500 4058 1598 4108 tinxisse
1617 4057 1778 4119 arbitrentur,

998 4164 1067 4229 quod
1079 4164 1135 4216 illos
1151 4178 1242 4229 pueros
1257 4178 1306 4214 non
1320 4163 1382 4214 ilios
1399 4164 1442 4214 sed
1455 4167 1556 4228 nepotes
1570 4163 1688 4229 Tarquini
1701 4160 1780 4215 inisse

998 4268 1108 4319 dixerim.
1149 4269 1254 4319 Omnino
1271 4268 1336 4317 enim
1350 4266 1527 4318 inconsiderate
1540 4271 1565 4318 et
1580 4268 1726 4332 negligenter
1737 4282 1780 4318 eo-

999 4388 1054 4424 rum
1065 4373 1197 4437 scriptores
1210 4372 1264 4423 lasso
1276 4372 1427 4432 retulerunt,
1441 4386 1488 4422 non
1499 4370 1645 4421 examinatis
1660 4371 1696 4421 eis
1708 4383 1778 4435 quoe,

998 4492 1056 4528 cum
1066 4477 1133 4528 nullo
1146 4480 1217 4541 pacto
1228 4476 1281 4527 lieri
1293 4477 1417 4540 potuerint
1428 4479 1453 4525 et
1462 4473 1570 4525 absurda
1580 4474 1637 4535 sint,
1648 4472 1722 4523 fidem
1733 4470 1778 4522 tol-

997 4582 1050 4632 lant
1062 4602 1069 4631 τ
1082 4594 1139 4645 qum
1154 4579 1248 4642 singulo
1266 4593 1312 4642 ego
1327 4581 1412 4643 paucis
1430 4578 1552 4642 explicare
1567 4575 1683 4627 conabor.
1716 4578 1777 4659 iar·

996 4685 1095 4750 quinius
1108 4699 1139 4736 ex
1147 4684 1243 4735 Etruria
1255 4696 1312 4732 cum
1321 4686 1374 4732 tola
1385 4679 1596 4743 tamiliamigrsrit
1605 4678 1721 4737 natata,
1730 4691 1780 4742 qua

997 4790 1109 4840 homines
1127 4787 1230 4838 summis
1249 4785 1337 4848 ingenii
1366 4784 1461 4834 viribus
1481 4782 1569 4833 llorere
1594 4779 1681 4831 solent.
1716 4779 1778 4830 (lum

996 4892 1061 4942 enim
1072 4891 1119 4940 iarn
1135 4895 1160 4942 et
1174 4904 1213 4941 res
1225 4887 1335 4955 publicas
1347 4890 1463 4947 tractare,
1477 4888 1502 4936 et
1512 4883 1670 4948 magistratus
1684 4896 1777 4949 gerere,

996 4999 1022 5045 et
1043 4994 1219 5059 rempublicam
1238 4992 1410 5043 administrare
1426 4989 1508 5050 veliet,
1525 4988 1569 5040 sed
1590 4986 1729 5039 incivitate
1746 4987 1778 5039 ad

995 5099 1077 5149 nullos
1093 5097 1198 5148 bonores
1210 5097 1392 5157 admitteretur,
1412 5094 1544 5158 emigrasse
1561 5090 1676 5143 baditur.
1709 5092 1778 5144 Alius

996 5202 1071 5265 igitur
1088 5200 1198 5263 diceret,
1217 5214 1274 5251 euru
1289 5204 1347 5251 tuuc
1360 5198 1489 5249 minimum
1512 5195 1589 5248 luisse
1610 5194 1776 5252 cumbadum,

998 5317 1055 5355 oum
1074 5318 1103 5355 es
1119 5303 1217 5354 Etruria
1234 5302 1347 5354 discessit
1364 5302 1435 5367 (ante
1451 5300 1517 5352 banc
1529 5300 1594 5353 enim
1610 5302 1709 5351 etatem
1722 5294 1775 5362 ple·

1645 5388 1682 5438 ld.
1739 5433 1743 5444 ,
