3980 5936
170 4447 197 4487 ts

225 407 286 468 588

228 742 241 769 ιι
256 714 349 776 τούτου
366 713 484 789 λαθεῖν,
507 714 579 776 δεινὰ
595 717 641 775 καί
654 717 724 798 πέρα
740 719 831 777 δεινῶν
852 718 1005 788 πεπονθώς·

228 832 241 857 ιι
256 800 383 866 κωλυθεὶς
417 802 445 863 δέ
460 803 553 864 τοάτου
574 811 665 884 τυχεῖν
687 803 730 864 διὰ
752 805 846 865 πενίαν
867 808 913 868 καὶ
929 809 1007 868 clati-

228 919 241 945 ιι
255 914 326 951 ustus
347 890 392 950 καὶ
407 892 437 951 τὸ
451 895 504 951 τῶν
521 893 628 952 πολλῶν
653 882 690 960 εἷς
709 883 794 968 εἶναι,
819 899 866 954 νῦν
888 898 913 974 γ’
927 896 1007 969 ἡνίκα

228 1008 241 1034 ιι
255 980 340 1050 ἔξεστί
355 1004 401 1058 μοι
421 980 451 1041 τὸ
473 986 519 1041 τυίί
543 980 675 1062 μάρτυρος
697 986 807 1063 σμῆμα,
822 984 913 1056 ἐπειδὴ
929 988 959 1046 οὗ
977 987 1008 1046 τὸ

228 1099 240 1123 ιι
254 1075 300 1130 τοῦ
316 1073 486 1150 κατηγόρου,
500 1068 633 1150 λήψομαι.
649 1067 682 1131 Ἃ
696 1070 724 1130 δέ
739 1072 877 1147 πέπονθα,
896 1078 932 1141 ὡς
945 1076 1008 1153 ὠμὰ

229 1186 242 1211 ιι
257 1158 303 1218 καί
328 1157 475 1232 ἀνήκεστα,
500 1155 631 1219 ἄκου’σατί
654 1180 714 1236 μου.
761 1157 883 1242 ’liciole
906 1153 938 1235 ἦν
962 1187 1007 1240 μοι

228 1274 242 1299 ιι
257 1246 381 1323 Λεύκιος,
393 1244 421 1306 όν
444 1245 497 1324 ἐγὼ
514 1245 618 1306 πάντων
638 1245 779 1329 ἀνθρώπων
801 1248 919 1323 μάλιστα
937 1251 1007 1328 ἠγά-

229 1359 342 1409 ιιπησα.
395 1325 480 1403 Οὗτός
505 1360 549 1413 μοι
572 1334 734 1401 συνεδείπνει
757 1333 832 1415 παρά
855 1337 941 1418 ρίλιρ,
960 1338 1006 1397 καὶ

229 1453 242 1478 ιι
257 1427 325 1503 μετὰ
340 1430 414 1485 ταῦτ’
430 1424 588 1492 ἀναστάντες
602 1429 649 1497 τῆς
665 1424 814 1505 ἀρχομένης
828 1426 918 1493 νυκτὸς
933 1427 1006 1507 ᾠχό-

230 1542 242 1567 ιι
260 1518 336 1591 μεθα.
356 1514 527 1586 Διεληλυθόσι
544 1515 568 1573 δ’
585 1517 649 1590 ἡμῖν
667 1511 716 1586 τλυ
732 1512 830 1594 ἀγορὰν
845 1517 1006 1595 περιτυγρά·

229 1630 241 1653 ιι
259 1625 297 1661 νει
312 1602 419 1664 Καίσων
431 1603 535 1678 οὑτοσί,
548 1601 676 1679 κωμάζων
691 1600 738 1661 σὺν
754 1600 850 1682 έτίροις
863 1602 1023 1686 οίγερώχοις-

230 1690 413 1771 ιιμειροικίοις.
458 1691 510 1752 Καὶ
533 1683 604 1751 οὗτοι
624 1691 654 1751 τὸ
674 1689 721 1768 μίν
744 1694 848 1771 πρῶτον
872 1692 1006 1753 ίοιιωπτόν

230 1779 349 1839 «τεκαὶ
375 1777 479 1861 άθριζον
505 1780 541 1847 είς
564 1785 652 1859 ἡμᾶς,
676 1770 719 1838 οἶα
743 1779 1008 1858 postcommuio

230 1895 243 1920 ιι
257 1866 303 1926 καὶ
325 1863 493 1943 αὖθάδεις,ο”ί’
504 1868 537 1927 ἂν
548 1870 584 1936 είς
597 1865 734 1935 ταπεινοὺς
746 1867 792 1927 καί
802 1868 917 1940 πένητας
933 1867 1007 1949 ὑθρί-

230 1984 243 2008 ιι
258 1978 343 2020 σαιεν.
385 1955 434 2024 Ὦς
454 1957 693 2034 δ’ἠγανακτοῦμευ
713 1957 777 2037 πρὸς
800 1958 909 2030 αὐτοὺς,
932 1955 1005 2016 ίλειί-

229 2072 241 2097 ι
257 2048 330 2125 θερον
347 2048 418 2125 ῥῆμα
434 2046 470 2113 είς
484 2050 575 2104 τοῦτον
587 2035 653 2105 εἶπε.
696 2045 787 2106 Δεινθν
800 2044 826 2103 δ’
840 2043 1006 2125 ἡγησάμενος

230 2158 243 2184 ιι
258 2134 346 2192 οὑτοσὶ
364 2133 472 2193 Καίσων
486 2131 597 2192 iactast
611 2156 646 2215 τι,
661 2122 698 2217 ὧν
713 2135 759 2192 οὐκ
773 2131 908 2208 listina,
924 2156 1006 2213 προσ·

230 2244 242 2270 ιι
256 2217 365 2298 δραμὼν
380 2221 451 2301 αὐτῷ
465 2220 551 2278 παίων
573 2220 619 2280 καὶ
635 2218 766 2290 λακτίζων
787 2222 833 2281 καί
849 2229 941 2281 πᾶσαν
955 2220 1005 2280 άλ-

229 2334 242 2359 ι
256 2310 305 2380 λην
321 2307 448 2387 ὠμότητα
462 2305 508 2366 καί
531 2305 606 2387 θόρεν
622 2307 827 2385 ίνδεικνάμενας,
843 2308 1002 2374 ἀποκτείνει.

229 2423 242 2448 ιι
257 2394 343 2475 Ἐμοῦ
359 2395 387 2456 δέ
402 2395 560 2477 κεκραγότος
574 2396 620 2455 καὶ
643 2396 807 2474 ἀμυνομένου
821 2404 939 2457 τοσαῦτα
955 2397 1004 2460 ὅσα

229 2510 242 2537 ιι
258 2484 406 2562 ίδυνάμην,
426 2487 525 2546 ίιεεῖνον
540 2482 592 2557 ἤδη
618 2484 709 2564 νεκρὸν
731 2483 849 2563 κείμενον
866 2485 941 2566 desig
958 2483 1005 2564 ίμί

229 2599 242 2624 ιι
256 2570 335 2633 πάλιν
350 2573 442 2647 ἔπαιε,
457 2573 504 2632 καὶ
520 2573 550 2631 οὗ
565 2596 586 2631 π
618 2593 692 2652 τερον
707 2571 860 2646 έπαόσατο,
874 2572 935 2651 πρὶν
948 2573 1004 2633 dst-

228 2688 241 2715 «
259 2661 335 2734 νητάν
351 2685 381 2722 τε
395 2663 441 2723 καί
457 2663 559 2742 οίρωνον
575 2662 641 2721 ειδεν
659 2662 832 2740 ίρριμμίνον,
848 2660 922 2730 δόξας
938 2654 1005 2722 εἶναι

228 2778 241 2805 ιι
257 2751 358 2830 νεκρόν.
403 2751 482 2812 Μετὰ
496 2751 524 2809 δέ
542 2755 626 2810 ταῦτα
641 2741 716 2819 οὗτος
730 2749 780 2823 μίν
797 2749 884 2809 ἀπιὼν
901 2748 1003 2831 ᾤχετο,

229 2866 242 2893 ιι
258 2840 359 2920 χαίρων
375 2838 467 2920 ὥσπερ
483 2840 528 2900 ἐπὶ
542 2841 617 2920 καλῷ
631 2837 716 2920 έργιρ·
753 2840 824 2908 ἡμᾶς
839 2840 866 2900 δὲ
879 2843 903 2898 οἱ
917 2863 1002 2920 παρα·

230 2956 244 2982 ι
258 2927 392 3006 γενόμενοι
411 2928 479 3007 μετὰ
493 2933 577 2989 ταῦτα
596 2927 692 3004 αίματι
709 2928 888 3009 πεφυρμένους
901 2927 1004 3009 αἴρουσι

229 3044 243 3070 ιι
258 3018 302 3076 καὶ
318 3019 355 3083 είς
367 3014 415 3089 πλν
440 3016 525 3077 οἰκίαν
551 3015 736 3093 ἀπεκόμισεν,
754 3016 798 3074 τὸν
821 3015 868 3093 μέν
892 3017 1003 3099 ἀδελρόν

227 3133 240 3159 ιι
256 3129 306 3182 μου
320 3107 427 3185 νεκρὸν,
444 3103 535 3185 ὥσπερ
558 3102 634 3185 έρην,
657 3103 704 3181 lpl
719 3104 748 3165 δὲ
762 3109 879 3180 ἡμιθανῆ
894 3105 939 3166 καὶ
952 3108 1001 3166 tl-

227 3222 240 3248 ιι
253 3194 332 3261 πίθας
346 3193 442 3276 έχοντα
457 3198 503 3252 τοῦ
521 3196 567 3265 ζῆν
583 3193 684 3271 ὀλίγας.
727 3196 753 3255 Τ
754 3199 820 3255 α’ῡτα
839 3196 862 3254 δ’
883 3194 1000 3274 ίγένετυ,

227 3311 240 3337 ιι
255 3282 376 3343 Ποπλίου
401 3281 553 3362 Σερουϊλίου
579 3281 625 3340 καὶ
655 3282 768 3343 Λευκίου
788 3282 929 3344 Αίόουτίου
952 3282 1000 3357 τὴν

227 3396 241 3423 ιι
255 3371 382 3430 ὑπατείαν
404 3372 417 3430 ί
438 3373 534 3443 όντων,
550 3368 625 3441 ότεὴ
647 3371 751 3449 μεγάλη
774 3372 846 3439 νόσος
870 3370 1001 3431 κατίλοιὸε

227 3486 239 3513 ιι
253 3457 302 3532 τλν
316 3395 445 3532 sedisfl

226 3575 239 3601 ιι
255 3549 326 3609 Τότε
341 3549 389 3624 μὲν
401 3538 446 3608 οὖν
466 3548 541 3620 δίκην
560 3548 610 3627 οὐχ
624 3537 677 3606 οἶόν
692 3548 716 3605 τ’
734 3535 766 3617 ἦν
781 3570 825 3625 μοι
841 3548 905 3624 παρ’
924 3548 1002 3606 αὐτοῦ

226 3635 359 3708 «λαθεῖν,
374 3635 538 3717 τεθνηκότων
554 3633 711 3715 ἀμφοτέρων
725 3637 777 3694 τῶν
800 3634 915 3695 ὑπάτων·
931 3639 1003 3695 Λευ·

226 3750 239 3776 ιι
253 3722 311 3784 κίου
324 3723 353 3783 δέ
383 3723 531 3803 Λοκρητίου
546 3722 593 3783 καί
605 3727 631 3784 Τ
633 3722 690 3783 ίτου
708 3722 867 3803 Οὐετουρίου
881 3726 1003 3804 παραλα-

227 3839 240 3864 ιι
256 3811 355 3872 θόντων
369 3818 418 3886 την
438 3816 536 3893 ἀρχὴν,
562 3811 718 3891 βουλόμενος
734 3810 813 3870 αὐτὸν
828 3814 937 3891 ἀγαγεῖν
952 3812 1003 3873 ὑπὸ

226 3927 240 3954 ιι
254 3901 342 3975 δίκην,
357 3900 491 3974 ἐκωλύθην
510 3899 554 3959 διά
581 3899 625 3959 τὀν
649 3897 782 3975 πολεμον,
810 3899 1001 3961 ἐκλελοιπότων

227 4016 240 4042 ιι
256 3990 409 4070 ἀμφοτέρων
426 3992 479 4048 τῶν
498 3986 606 4047 ὑπάτων
629 3985 678 4059 τλν
692 3984 780 4045 πολιν.
824 3986 872 4055 Ὡς
889 3989 911 4046 δ’
928 3990 1002 4049 άυέσ-

228 4104 241 4130 ιι
255 4080 353 4159 τρεψαν
378 4079 431 4139 άπὸ
453 4082 500 4151 τῆς
526 4077 681 4160 στρατείας,
709 4078 837 4147 πολλάκις
860 4080 938 4140 αὐτὸν
957 4080 1002 4140 ἐπὶ

227 4192 240 4218 ιι
256 4165 303 4235 τὴν
322 4166 407 4247 ἀρχὴν
419 4169 526 4241 καλῶν,
539 4168 629 4235 ὁσάκις
645 4166 828 4247 προσίλθοιμι·
861 4169 1001 4229 καὶταῦτα

216 4281 240 4321 4ιι
255 4253 287 4326 δὴ
301 4254 395 4314 πολλοὶ
409 4259 461 4315 τῶν
478 4259 593 4316 πολιτῶν
615 4256 706 4316 ἴσασι·
723 4258 828 4336 πληγάς
850 4257 999 4336 ίλάμόανον

226 4370 239 4398 ιι
255 4346 299 4402 ὑπ’
314 4346 405 4405 αὐτοῦ.
450 4344 545 4405 Ταῦτά
559 4348 630 4406 ἐστιν
650 4343 668 4402 θ
685 4346 818 4421 πέπονθα,
834 4335 856 4406 όν
872 4345 1000 4427 δημόται,

226 4459 239 4486 ιι
256 4431 324 4510 μετά
337 4432 426 4506 πάσης
442 4432 564 4507 ἀληθείας
579 4432 704 4514 είρημένα
721 4433 785 4515 πρὸς
800 4439 880 4514 ὑμᾶς.
896 4462 909 4489 a

446 3458 662 3535 <derelictionum
684 3457 729 3517 καί
753 3461 829 3534 ἡμεῖς
851 3460 1001 3539 αἰμρότεροι.

267 4523 346 4584 Vlll.
370 4522 465 4582 Ταῦτα
479 4520 597 4590 είπόντος
618 4524 714 4596 αὐτοῦ,
726 4524 828 4604 κραυγή
854 4547 883 4584 τε
903 4527 934 4584 ίιε
948 4527 1001 4583 τῶν

757 407 927 470 nroursn
950 393 1331 476 uonlcuiunssuusrs

224 539 345 608 λοίισκιος
363 529 451 599 ι’ίπεν·
475 565 488 591 ιι
499 537 572 616 Ἐγὼ
597 537 715 616 μάλιστα
736 537 769 598 λυ
795 540 956 620 ίόουλόμην,
979 532 1002 603 ὦ
1062 570 1074 601 ι
1087 553 1154 616 dem,
1166 555 1285 616 Quirites,
1300 570 1457 621 summopere
1470 562 1606 623 optassem,
1619 560 1729 626 priuatas
1743 577 1844 629 plenas,

227 654 238 679 ι
256 630 378 699 πολῖται,
397 625 472 698 δίκην
486 626 566 699 ἰδίαν,
582 625 615 699 ἣν
626 632 640 687 θ
653 626 733 705 νόμος
750 627 844 688 δίδωσί
857 652 914 709 μοι,
931 630 1006 712 παρίι
1062 658 1141 711 «quae
1150 645 1249 710 legibus
1260 647 1323 698 mild
1330 649 1518 711 permittuntur,
1525 649 1558 700 de
1568 649 1619 702 isto
1625 665 1733 715 samem,
1744 660 1849 710 atroces

1063 758 1076 783 ι
1091 741 1181 805 etplus
1193 745 1373 804 quamatroces
1380 742 1482 794 iniurius
1488 756 1622 808 perpessus
1635 746 1698 797 :sed
1709 749 1845 811 quumboc

1063 854 1077 879 ι
1092 836 1201 886 nondum
1211 837 1330 902 consequi
1344 838 1494 903 potuissem,
1507 841 1608 904 propter
1627 846 1795 904 paupertatem
1812 848 1844 895 et

1063 948 1076 974 ι
1093 929 1302 992 imbecillitatem,
1315 934 1342 982 et
1355 932 1422 996 quod
1443 945 1509 983 unus
1529 932 1631 998 evulgo
1650 948 1747 999 essem,
1759 950 1845 997 nnnc,

1062 1038 1076 1068 ιι
1092 1022 1192 1086 mando
1209 1021 1235 1072 id
1250 1023 1313 1073 mihi
1336 1023 1409 1084 lieet,
1425 1036 1556 1088 personam
1568 1026 1640 1077 testis
1654 1040 1765 1085 sumam,
1776 1042 1846 1093 qno·

1063 1133 1075 1157 ιι
1090 1113 1156 1163 niam
1166 1115 1318 1165 accusatoris
1349 1128 1456 1181 nequeo.
1489 1116 1571 1175 Quam
1603 1131 1664 1168 vero
1690 1118 1794 1169 immani
1818 1121 1848 1170 et
1936 1108 1940 1114 ’

1063 1226 1075 1250 ι
1090 1207 1167 1258 socci
1187 1207 1276 1258 iniuria
1300 1206 1392 1259 inerim
1404 1208 1520 1272 allectus,
1541 1209 1636 1262 audite.
1678 1213 1766 1264 Frater
1779 1213 1847 1264 mibi

1064 1317 1077 1341 ι
1092 1299 1138 1349 luit
1156 1299 1262 1361 Lucius,
1275 1299 1387 1351 omnium
1400 1301 1543 1353 mortalium
1557 1302 1619 1354 mibi
1633 1303 1785 1355 carissimus.
1819 1308 1847 1356 Is

1062 1409 1076 1437 ιι
1089 1404 1187 1442 mecum
1210 1392 1277 1456 apud
1290 1391 1399 1444 amicum
1424 1393 1547 1456 coenabut,
1566 1398 1703 1460 posteaque
1727 1410 1848 1462 superre-

1063 1504 1077 1531 ιι
1090 1485 1172 1537 niente
1197 1488 1269 1536 nocte
1282 1491 1442 1552 exsurgentes
1464 1487 1633 1555 discessimus.
1668 1493 1735 1541 Dum
1758 1493 1847 1544 mtmu

1063 1596 1076 1620 ιι
1091 1576 1171 1626 iorum
1190 1576 1367 1640 transiremus,
1389 1579 1520 1632 incidimus
1532 1582 1557 1631 in
1570 1581 1648 1633 istum
1657 1583 1787 1633 ὒωιοιιειυ
1799 1595 1847 1635 ου·

1065 1684 1077 1707 ιι
1092 1658 1287 1714 measubundum
1299 1679 1373 1723 :cum
1389 1666 1444 1718 aliis
1456 1669 1625 1733 petulantibus
1636 1669 1780 1734 iuuenibus.
1812 1672 1847 1723 lli

1065 1777 1077 1800 ιι
1091 1755 1202 1820 primum
1217 1755 1313 1807 cavillis
1328 1761 1354 1808 et
1367 1759 1552 1811 contumeliosis
1568 1760 1652 1811 uerbis
1669 1775 1715 1811 nos
1735 1763 1847 1827 aggressi

1065 1868 1078 1895 ι
1090 1852 1158 1910 sunt,
1179 1850 1246 1900 sicut
1259 1851 1364 1914 juvenes
1378 1851 1440 1902 ebrii
1459 1855 1535 1918 atquc
1552 1853 1692 1918 petulantes
1716 1853 1847 1907 inindmm

1065 1964 1078 1987 ι
1090 1939 1237 1993 conditionis
1254 1942 1366 1995 homines
1376 1948 1403 1996 et
1420 1958 1542 2011 pauperes
1553 1946 1634 1998 iacere
1650 1947 1740 1998 solent.
1772 1950 1847 2005 Quo-

1066 2050 1148 2087 urum
1157 2036 1322 2102 petulantiam
1338 2050 1417 2100 ουυευ
1437 2038 1521 2103 iniquo
1540 2038 1624 2090 animo
1636 2040 1770 2101 terremus,
1784 2040 1847 2104 qui·

1063 2147 1077 2172 ι
1090 2128 1149 2180 dum
1165 2128 1197 2180 de
1208 2130 1279 2180 nobis
1291 2130 1395 2181 liberius
1407 2134 1446 2182 est
1459 2130 1566 2183 loeutus.
1600 2136 1633 2183 nt
1649 2132 1697 2185 iste
1708 2136 1786 2193 caeso,
1799 2146 1844 2183 ra-

1064 2225 1131 2273 utus
1142 2222 1270 2287 iudignum
1288 2236 1344 2275 csse
1360 2223 1447 2275 audire
1468 2224 1576 2289 aliquid,
1587 2224 1655 2288 quod
1676 2228 1726 2276 suis
1736 2225 1844 2276 auribus

1064 2334 1076 2359 ι
1089 2319 1186 2379 graium
1197 2330 1246 2367 uon
1257 2322 1341 2379 esset,
1361 2317 1428 2369 iacto
1439 2318 1464 2368 in
1473 2332 1531 2368 eom
1547 2319 1656 2384 impetu,
1669 2324 1738 2383 utque
1748 2319 1841 2384 pugnis

1066 2428 1078 2453 ιι
1091 2411 1117 2459 et
1127 2408 1235 2460 calcibm
1246 2408 1412 2460 etomni-alio
1426 2410 1583 2461 contumelia
1597 2424 1684 2476 genere
1696 2424 1764 2474 usus,
1777 2424 1841 2461 eum

1066 2526 1079 2551 ιι
1091 2505 1223 2556 interiecit.
1258 2506 1343 2563 Quum
1364 2507 1447 2555 autem
1463 2517 1510 2568 ego
1519 2505 1676 2566 vociterarer,
1686 2509 1712 2555 et
1721 2518 1767 2569 pro
1775 2503 1842 2555 riri·

1064 2618 1077 2643 ιι
1090 2598 1137 2649 bus
1147 2610 1318 2663 repugnarem,
1331 2597 1454 2649 isomisso
1465 2596 1508 2647 illo
1516 2596 1566 2647 iam
1574 2600 1675 2647 mortuo
1686 2599 1713 2647 et
1725 2598 1840 2661 jacente,

1066 2710 1077 2733 ι
1091 2703 1134 2741 suc
1145 2688 1233 2754 pugnis
1248 2688 1338 2740 iterum
1349 2692 1425 2752 atque
1436 2687 1527 2740 iterum
1539 2689 1613 2754 erepit
1619 2688 1785 2749 contundere,
1797 2702 1847 2739 nec

1064 2804 1076 2827 ι
1089 2784 1159 2847 prius
1170 2781 1273 2842 destitit,
1283 2794 1358 2846 quam
1367 2794 1409 2832 me
1420 2780 1551 2832 immotum
1562 2785 1590 2833 et
1598 2781 1652 2833 siue
1662 2795 1722 2832 rece
1735 2785 1847 2846 prostra-
1896 2789 1908 2810 ·

1063 2896 1075 2919 ιι
1088 2879 1141 2926 tum
1154 2874 1226 2933 vidit,
1236 2878 1307 2925 ratus
1319 2887 1359 2925 me
1368 2886 1424 2925 esse
1432 2877 1567 2925 nmrtuum.
1601 2874 1649 2924 llic
1659 2878 1754 2940 postea,
1771 2874 1846 2939 quasi

1064 2989 1077 3013 ιι
1091 2967 1326 3033 praetereuntium
1339 2966 1415 3027 edito,
1426 2967 1499 3018 letus
1507 2966 1584 3018 abiit:
1597 2980 1643 3017 nos
1656 2980 1718 3017 reru
1727 2967 1846 3032 ssngnlne

1064 3080 1077 3104 ι
1091 3073 1237 3125 conspersos
1262 3058 1289 3120 il,
1310 3058 1355 3125 qui
1373 3057 1484 3121 aderaut,
1497 3058 1667 3120 sustulerunt,
1690 3057 1846 3121 domumque

1064 3172 1077 3199 ιι
1089 3153 1278 3219 absporturuut,
1295 3151 1400 3203 Lucium
1414 3151 1517 3202 fratrem
1529 3154 1665 3211 morarum,
1679 3155 1710 3202 ut
1725 3150 1787 3212 dixi,
1802 3164 1846 3202 me

1063 3266 1076 3290 ι
1090 3258 1152 3297 vero
1170 3245 1362 3308 seminecemet
1382 3245 1497 3309 exiguum
1517 3244 1684 3308 sslutlsspem
1700 3244 1844 3297 habentem.

1063 3362 1076 3386 ι
1091 3345 1152 3393 llaec
1172 3346 1256 3392 aulem
1270 3342 1336 3392 iacta
1357 3344 1416 3391 sunt
1427 3343 1456 3391 P.
1468 3340 1573 3391 Servilio
1586 3342 1613 3390 et
1624 3341 1653 3389 L.
1670 3340 1843 3390 AEbutiocun·

1064 3433 1200 3495 «autibus,
1216 3444 1267 3495 quo
1285 3434 1397 3497 tempere
1412 3444 1500 3495 magna
1516 3429 1558 3480 ilia
1582 3429 1723 3494 pestilentia
1740 3432 1767 3480 in
1780 3430 1845 3482 urbe

1063 3542 1076 3567 ι
1091 3523 1181 3580 luerat,
1195 3521 1268 3586 cujus
1290 3533 1321 3571 ns
1335 3533 1381 3570 nos
1396 3519 1496 3583 quictem
1509 3518 1583 3569 ambo
1596 3518 1721 3569 immunes
1741 3519 1843 3570 luimus

1063 3632 1076 3657 ιι
1088 3614 1157 3663 'lunc
1177 3610 1252 3675 igitur
1271 3623 1321 3660 nou
1343 3607 1424 3673 potuit
1445 3620 1529 3672 poenas
1551 3606 1625 3658 deeo
1640 3620 1757 3668 sumere,
1775 3608 1844 3672 quud

1063 3720 1075 3744 ι
1089 3699 1163 3751 umbo
1178 3698 1293 3750 consules
1311 3696 1438 3748 obiissent.
1472 3698 1556 3755 Quum
1570 3699 1671 3757 autern,
1687 3695 1802 3747 Lucretio
1817 3697 1847 3747 et

1063 3806 1075 3830 ι
1090 3787 1193 3837 veturio
1204 3783 1360 3845 consulibus,
1381 3797 1439 3835 eum
1460 3783 1486 3835 in
1497 3784 1539 3849 ius
1556 3798 1645 3835 vocare
1658 3784 1759 3846 uellem,
1772 3783 1843 3849 qnod

1062 3894 1075 3919 ιι
1089 3871 1310 3925 illiumboexurbe
1315 3873 1406 3936 egressi
1416 3871 1695 3933 mssitiadistinereulnr,
1705 3872 1844 3936 idexsequi

1061 3983 1073 4006 ι
1086 3976 1135 4013 nou
1157 3962 1236 4026 potui.
1269 3960 1367 4019 Quibus
1386 3961 1419 4011 ab
1437 3962 1591 4026 expeditione
1613 3961 1735 4021 reversis,
1761 3976 1842 4027 quum

1062 4069 1074 4093 ι
1089 4049 1181 4114 saepius
1195 4062 1253 4100 eum
1263 4047 1297 4098 ad
1307 4047 1483 4110 magistratum
1494 4050 1597 4100 citarem
1609 4087 1616 4110 ,
1627 4050 1725 4114 quoties
1737 4051 1846 4113 accessi,

1060 4158 1073 4182 ιι
1084 4137 1143 4202 (hoc
1151 4139 1235 4187 alutem
1247 4134 1321 4187 multi
1342 4134 1412 4187 cives
1428 4138 1535 4196 norunt)
1558 4134 1643 4200 plagas
1659 4136 1691 4186 ab
1707 4150 1738 4187 eo
1748 4136 1844 4201 accepi.

1059 4228 1144 4277 «Hanc
1162 4228 1229 4285 sunl,
1243 4223 1370 4285 Quirites,
1393 4235 1451 4287 qum
1465 4235 1554 4288 passus
1570 4236 1640 4286 sum,
1652 4229 1679 4274 et
1691 4237 1750 4288 que
1762 4224 1845 4276 reris-

1060 4334 1072 4359 ι
1087 4313 1150 4365 sime
1159 4312 1225 4378 apud
1237 4326 1282 4363 vos
1299 4310 1361 4362 dixi.
1376 4330 1389 4356 ιι

1091 4535 1160 4587 vlll.
1177 4533 1264 4586 llissm
1283 4548 1314 4585 eo
1325 4533 1407 4588 dictis.
1427 4536 1453 4584 et
1464 4532 1558 4583 clamor
1576 4531 1608 4583 ab
1626 4530 1786 4582 adstantibus
1797 4544 1845 4580 sn·

226 4612 363 4693 παρόντων
376 4614 494 4691 ἐγένετο,
506 4611 553 4672 καλ
566 4610 636 4693 ὁρμὴ
645 4613 752 4671 πολλῶν
762 4613 806 4672 ἐπὶ
817 4613 864 4684 την
875 4615 905 4672 lu
915 4610 1002 4691 χειρός
1060 4622 1142 4674 blatus
1154 4626 1202 4684 est,
1216 4627 1242 4674 et
1256 4624 1364 4688 impetus
1384 4623 1410 4673 in
1421 4637 1505 4674 cuma
1526 4622 1612 4673 mullis
1631 4622 1721 4681 iactus,
1732 4635 1790 4672 eum
1803 4622 1843 4671 in·

226 4703 310 4776 δίκην.
351 4701 424 4764 Ἀλλ’
436 4701 464 4761 oi
473 4725 502 4763 τε
514 4702 611 4763 ὕπατοι
625 4702 747 4779 ἐμποδὼν
760 4703 878 4782 ίγίνοντο
890 4704 935 4764 καὶ
948 4707 1001 4763 τῶν
1058 4709 1125 4761 dicta
1142 4723 1229 4761 causeo
1248 4723 1278 4760 er
1298 4712 1410 4775 tempore
1430 4708 1569 4761 interlicere
1597 4707 1736 4759 solentibus
1763 4726 1770 4757 z
1796 4707 1843 4759 sed

225 4790 369 4871 δημάρχων
393 4792 419 4851 οἱ
441 4789 566 4865 πλείους,
590 4791 704 4873 πονηρόν
726 4792 780 4860 ίθος
802 4794 850 4852 υιίκ
872 4791 1002 4861 ἀξιοῦντες
1058 4800 1171 4850 consoles
1183 4798 1343 4859 obstiterunt,
1355 4795 1674 4862 attribuuorumplerique,
1687 4796 1732 4860 qui
1746 4795 1842 4846 maiam

170 4896 198 4935 ⁶⁰
224 4882 259 4947 είς
274 4880 322 4951 τὴν
335 4881 413 4941 πόλιν
434 4881 561 4960 εἰσάγειν.
604 4870 663 4942 Ἦν
679 4880 706 4941 δέ
729 4882 774 4940 καὶ
796 4888 842 4942 τοῦ
864 4882 950 4956 δήμου
971 4882 1002 4942 τὸ
1057 4886 1483 4952 eonsuetudineminrempublicum
1496 4885 1613 4937 inducere
1623 4884 1749 4935 nolebant
1772 4885 1839 4941 Qui·

224 4967 412 5049 καθαρώτατον
436 4971 467 5030 οὗ
485 4968 642 5051 βουλόμενον
667 4972 821 5053 ἀποστερεῖν
845 4971 923 5052 λόγου
944 4969 1003 5041 τοὺς
1058 4975 1148 5028 neliam
1169 4976 1246 5042 plebis
1253 4989 1310 5041 pons
1322 4974 1501 5037 sincerlssims,
1523 4975 1574 5026 reis
1586 4972 1704 5025 derebus
1722 4971 1841 5022 maximis

225 5056 292 5135 ὑπὲρ
305 5062 357 5117 τῶν
380 5057 513 5137 μιγίστων
535 5061 752 5140 ἀγωνιζομένους.
794 5062 862 5124 Τότε
885 5062 934 5140 μέν
957 5052 1002 5122 οὖν
1057 5064 1138 5128 utque
1155 5062 1188 5114 de
1204 5065 1291 5127 capite
1302 5062 1469 5123 certantibus,
1485 5074 1581 5113 caussm
1592 5060 1730 5111 dictionem
1743 5060 1842 5125 eripere

226 5143 324 5223 θπίσχε
346 5145 395 5219 τλν
418 5150 470 5207 τῶν
495 5149 661 5228 θρασυτέρων
688 5147 773 5230 ὁρμὴν
796 5152 813 5221 ἡ
839 5152 884 5209 τοῦ
899 5150 1001 5209 δικαίου
1056 5153 1165 5208 nolebat.
1198 5157 1267 5205 Tunc
1281 5153 1357 5219 igitur
1370 5152 1477 5218 justitia
1497 5151 1560 5203 ratio
1576 5149 1704 5202 homiuum
1718 5151 1841 5202 audacio·

224 5230 349 5314 rupicosa,
373 5234 419 5293 sai
445 5234 578 5307 ἀναόολλν
602 5234 696 5294 ἔλαθεν
715 5239 733 5307 ἡ
749 5235 827 5311 δίκη,
854 5237 884 5296 οὔ
904 5245 1001 5318 μικρᾶς
1057 5257 1112 5295 rum
1128 5243 1251 5309 impetum
1272 5242 1399 5308 repressit,
1416 5245 1443 5295 ct
1453 5240 1576 5305 iudicium
1593 5240 1696 5293 dilatum
1713 5244 1763 5301 est,
1790 5254 1842 5292 non
