3986 5938
694 435 896 497 exornem
917 436 970 497 nx
990 437 1064 498 nm.
1088 438 1167 500 xix.
1675 406 1744 506 rer

123 602 136 627 ιι
151 571 260 645 πενίας,
275 570 316 632 δτι
329 595 375 650 μοι
387 569 477 650 γήδιον
491 569 584 649 μικρόν
597 571 654 628 ἐστι
663 569 761 645 κομιδῆ
771 569 817 628 καὶ
833 572 900 648 ‹pub-
957 598 969 622 ιι
985 578 1080 642 agellus
1097 590 1190 644 parvus
1208 579 1334 632 euraudus
1350 580 1457 645 uilisque
1473 560 1560 633 casula
1577 584 1643 634 unici
1666 584 1736 635 tundi

124 691 136 716 ιι
151 665 195 721 λον
211 661 320 720 οἰκίδιον
334 662 380 721 καὶ
390 657 444 720 οὔτ’
459 660 513 720 άπὸ
527 652 709 735 δανεισμάτων
725 656 784 717 οὔτε
796 655 842 716 ἀπ’
858 661 901 717 οἷν·
957 670 1052 725 «sunt.
1075 682 1105 719 ac
1121 682 1202 732 neque
1223 682 1285 720 auro
1312 672 1428 719 mutuato
1459 684 1540 735 neque
1566 685 1581 721 a
1608 673 1737 738 mancipiis

124 778 137 805 ιι
152 750 321 831 δραπόδωνδ
345 746 414 829 βίος·
430 747 511 828 φαίνῃ
535 745 588 825 γὰρ
602 747 649 806 καί
671 743 770 806 τούτων
786 743 903 827 ἄκριόῶς
957 775 971 800 ιι
987 756 1069 806 rictus
1092 757 1154 807 mihi
1170 760 1291 821 paratur:
1310 755 1401 807 videris
1423 757 1489 808 enim
1512 757 1567 808 baec
1581 773 1681 823 quoque
1704 773 1736 811 ex

125 867 137 895 ιι
154 839 297 912 άκηκοίναι
306 836 371 918 παρ’
382 836 490 920 ἑτάρων.
500 870 541 881 -
551 836 614 914 (12)
629 835 697 916 Περί
710 833 738 894 tt
751 839 797 895 τοῦ
810 833 902 895 κάκιόν
957 862 971 894 ι
985 845 1040 896 aliis
1050 851 1166 899 accurate
1186 847 1320 899 audivisse.
1342 848 1377 911 li)
1394 846 1468 907 Quod
1482 852 1554 899 'vero
1574 848 1736 901 infeliciorem

82 955 95 992 a
125 957 138 983 ιι
153 955 186 1005 με
201 927 343 1007 Ῥωμαίων
357 926 426 994 τινδς
438 925 563 1008 πράττιιν
574 926 606 984 δι’
623 923 747 1006 ἀπορίαν,
762 923 807 985 καί
819 920 902 1002 μηδίν

125 1045 137 1070 ιι
152 1006 219 1078 ιίναί
235 1039 279 1089 μοι
301 1015 379 1073 πλόον
403 1015 528 1073 ἀσκοῦντι
553 1010 770 1091 καλοκαγαθίαν,
786 1010 827 1072 ὅτι
849 1015 901 1069 τῶν

124 1135 137 1161 ιι
152 1104 283 1165 πλουσίων
296 1105 343 1162 οὐκ
358 1103 429 1180 εἰμί,
442 1106 530 1170 κακῶς
541 1101 707 1182 ύπειληρας,
723 1099 776 1160 εἶτα
791 1098 904 1167 άκούσας

124 1218 137 1246 ιι
152 1199 220 1258 τινὸς
234 1190 281 1250 ιίτ*
296 1192 374 1257 αὐτὸς
389 1192 512 1258 εἰκάζων.
555 1187 636 1268 Ἐμοὶ
653 1187 706 1268 γάρ
720 1188 831 1266 οὐδεμία
846 1186 903 1245 πάι-

124 1309 137 1335 ιι
151 1303 214 1342 ποτε
236 1282 441 1354 κακοδαιμονίας
462 1279 583 1349 αἴσθησις
609 1277 682 1357 παρδι
704 1275 735 1335 ab
758 1273 795 1353 μὴ
816 1273 904 1334 πολλὰ

70 1403 95 1442 1⁰
124 1374 297 1442 «κεκτῆσθαι
322 1368 446 1448 γίγονεν,
473 1365 533 1427 elii
556 1364 646 1437 ίστιν,
676 1364 734 1425 οὐδὲ
759 1363 903 1442 ῶδυράμην

124 1486 138 1515 ιι
152 1459 201 1532 rili
216 1460 331 1535 ίμαυτοῦ
346 1456 446 1536 τύχην,
471 1454 526 1516 οὔτ’
540 1456 569 1515 ίν
590 1457 644 1521 τοῖς
665 1457 760 1521 κοινοῖς
781 1452 905 1532 πράγμα-

124 1575 138 1602 ιι
153 1571 196 1608 σιν
210 1547 270 1606 obre
287 1549 314 1606 ίν
330 1555 383 1614 τοῖς
396 1545 477 1612 ἰδίοις.
492 1580 532 1591 -
549 1544 611 1624 (13)
626 1546 652 1605 Τ
654 1542 662 1602 ί
682 1543 733 1621 γδιρ
748 1542 793 1601 καί
812 1540 905 1599 παθῶν

124 1664 137 1690 ιι
153 1636 294 1716 ίγκαλοίην
305 1636 337 1695 ἂν
351 1639 417 1716 αὐτῇ
428 1652 437 1713 ;
448 1635 573 1716 πότιρον,
586 1633 627 1692 ότι
638 1657 683 1710 μοι
694 1636 746 1691 τῶν
756 1633 845 1691 καλῶν
860 1632 905 1689 καί

125 1725 363 1806 ιπιριμαχήτων,
389 1725 429 1805 lp’
455 1714 494 1790 οἷς
524 1722 618 1783 druco
642 1721 717 1802 ρύσις
744 1716 905 1780 ἐσπούδακεν

71 1842 96 1881 ιο
125 1842 138 1868 ιι
152 1813 275 1891 ιύγινὴς,
291 1813 393 1880 οὐδενὸς
411 1811 541 1891 ίξιγίνιτο
556 1810 629 1893 παρὰ
648 1814 696 1882 τῆς
709 1808 836 1891 πατρίδος
852 1832 904 1886 μι-

124 1931 137 1958 ιι
153 1903 279 1963 ταλαόιῖν
293 1902 337 1962 διά
351 1902 458 1977 πενίαν,
473 1898 501 1968 δς
516 1901 594 1982 ἄρχω
606 1924 635 1961 τι
653 1898 699 1966 τδις
714 1898 839 1978 μεγίστας
854 1900 905 1980 rip-

124 2020 137 2047 «
150 1992 202 2075 χδς
226 1993 272 2052 καί
291 1990 432 2071 πρεσόιύω
454 1988 501 2058 τάς
524 1987 735 2071 ἐπιφανεστάτας
751 1983 904 2067 πρισύιίας,

125 2109 137 2136 ιι
152 2082 197 2142 καὶ
215 2079 365 2159 σιύασμοὺς
379 2083 458 2160 ἱερῶν
473 2076 631 2155 πιστιύομαι
651 2074 711 2143 τοὺς
729 2074 904 2153 ἇγιωτότους,

126 2198 139 2225 ιι
153 2171 198 2230 καὶ
219 2168 328 2249 γνώμην
342 2167 475 2250 ἆγοριύειν
495 2165 646 2244 ἀξιούμενος
664 2165 725 2244 περὶ
740 2167 793 2223 τῶν
819 2168 906 2243 αἰναγ-

70 2282 99 2321 ao
126 2286 139 2311 ιι
153 2258 301 2318 καιοτάτων
324 2261 459 2331 καλοῦμαι
485 2258 512 2316 ίν
535 2245 557 2337 ᾧ
582 2253 711 2334 προσήκει
739 2276 784 2329 μοι
810 2252 904 2332 τόπῳ,

126 2347 313 2425 ιιίπαινοῶμαί
329 2369 357 2406 τι
376 2345 421 2405 καὶ
442 2347 573 2418 ζηλοῦμαι
597 2343 642 2403 καί
668 2343 770 2409 ούδενδς
789 2338 906 2420 δεύτερός

126 2464 138 2491 ι
153 2438 209 2515 ιίμι
221 2441 273 2497 τῶν
289 2435 402 2516 μίγιστα
415 2433 569 2510 δυναμίνων
582 2477 591 2505 ,
605 2434 651 2491 καὶ
666 2430 838 2512 παράδειγμα
854 2440 906 2494 τοῖς

126 2554 139 2579 ιι
156 2525 246 2593 ἄλλοις
260 2515 328 2583 ι’ίναι
342 2525 410 2583 δοκῶ
425 2520 622 2600 καλοκαγαθίας
628 2519 712 2598 ,οὐδὲν
728 2522 759 2578 ἐκ
778 2521 826 2589 τῆς
840 2518 907 2593 ίμῆς

127 2642 141 2667 ιι
154 2613 243 2679 οὐσίας
263 2614 300 2679 εἰς
313 2617 398 2670 ταῦτα
411 2612 551 2682 δαπανῶν,
563 2606 654 2686 ῶσπερ
674 2605 734 2666 οὐδὲ
746 2610 799 2666 τῶν
818 2604 906 2664 ἄλλων

71 2729 99 2769 rs
128 2731 141 2757 ιι
154 2702 250 2768 οὐδείς.
261 2700 372 2781 —(ll)
382 2702 423 2761 Οὐ
434 2697 486 2778 γάρ
500 2701 602 2779 ίνοχλιῖ
618 2701 671 2764 τοῖς
682 2695 795 2755 ἑκάστου
807 2693 874 2776 βίοις
888 2697 905 2765 ἡ

127 2820 140 2847 ι
155 2792 232 2859 πόλις
247 2795 264 2863 ι)
280 2789 440 2865 Ῥωμαίων,
458 2786 549 2865 ῶσπιρ
575 2785 641 2852 τινὲς
663 2784 751 2865 ίτιραι
769 2784 817 2860 ‚u
832 2774 874 2851 α’ίς
893 2785 908 2841 ὁ

127 2908 140 2935 ι
154 2879 240 2947 κοινὸς
258 2878 305 2958 μίν
321 2883 432 2944 πλοῦτος
448 2874 535 2953 ὀλίγος
556 2875 645 2947 ἐστὶν,
658 2877 672 2932 δ
687 2873 715 2932 δὲ
726 2874 779 2931 τῶν
795 2873 907 2931 ἰδιωτῶν

127 2997 141 3023 ιι
154 2967 254 3036 πολύς·
266 2968 325 3028 ἀλλ’
339 2963 406 3037 αὐτὴ
416 2963 531 3044 ταρίχει
543 2963 597 3029 τοῖς
610 2961 674 3042 πρὸς
690 2959 723 3020 τά
734 2959 809 3020 κοινδι
823 2980 907 3042 προσ-

128 3084 141 3112 ιι
156 3060 239 3116 ιοῶσιν
254 3054 360 3114 ἅπαντα
377 3055 445 3114 όσων
460 3055 492 3112 δν
511 3051 638 3125 δίωνται,
661 3049 787 3130 λαμπράς
798 3050 845 3109 καί
860 3072 907 3126 με·

70 3172 101 3214 3⁰
128 3173 141 3200 ιι
154 3148 331 3225 γαλοπριπιῑς
346 3145 499 3202 ύποτιθεῑσα
513 3140 659 3222 χορηγίας·
671 3136 741 3197 ῶστε
756 3138 838 3216 μηδὲν
850 3139 908 3196 ότι·

128 3261 142 3289 ιι
157 3232 265 3313 μότερον
295 3221 362 3290 εἶναι
387 3230 432 3289 τδν
456 3228 616 3289 πινίστατον
637 3231 682 3287 τοῦ
708 3224 907 3285 πλουσιωτάτου

129 3348 141 3373 ι
160 3320 229 3380 κατά
241 3320 289 3392 τὴν
301 3316 443 3385 ἐπαξίωσιν
457 3322 510 3377 τῶν
524 3318 633 3390 καλῶν,
649 3313 719 3374 dii&
729 3315 831 3383 πάντας
841 3306 909 3373 εἶναι

129 3407 323 3486 «Ῥωμαίους,
338 3404 395 3464 όσυι
407 3404 440 3463 ἂν
462 3393 513 3463 ῶσι
536 3404 580 3462 διδ
594 3404 792 3480 καλοκαγαθίαν
806 3402 906 3462 τούτων

129 3526 142 3552 ι
157 3499 223 3567 άξιοι
236 3500 290 3556 τῶν
304 3496 402 3572 τιμῶν,
416 3491 540 3563 άλλήλοις
554 3491 637 3559 ἴσους.
680 3489 780 3549 Ὁπότε
793 3489 822 3550 δλ
833 3491 910 3549 πινό-

73 3623 102 3664 ις
129 3613 142 3638 ιι
158 3609 234 3664 μενος
257 3584 332 3646 obilu
353 3582 429 3662 παρὰ
450 3586 527 3641 τοῦτο
550 3582 658 3640 ἔλαττον
676 3577 733 3659 ἔχω
747 3581 800 3638 τῶν
823 3576 910 3638 πολλὰ

130 3703 143 3729 ιι
157 3675 344 3752 κικτημίνων,
361 3672 388 3731 τί
404 3668 496 3731 παθῶν
515 3667 547 3730 δν
563 3669 736 3748 κατηγόρησα
750 3672 798 3739 τῆς
814 3667 909 3747 τύχης,

130 3791 143 3817 ιι
157 3762 251 3843 δτιώχ
263 3765 325 3839 ύμῖν
334 3758 444 3830 ίξίσωσί
455 3759 514 3840 [μα]
524 3767 578 3827 τοῖς
587 3761 753 3836 βασιλεῦσιν,
764 3746 911 3824 eleuauit<

130 3881 144 3907 ιι
159 3854 345 3932 δησαυρίζιται
354 3853 469 3929 χρυσός,
482 3847 563 3911 iiiii
574 3845 627 3925 μὴν
638 3844 666 3904 ίν
678 3868 708 3924 γι
717 3851 772 3913 τοῖς
784 3843 858 3912 ἰδίοις
868 3866 912 3903 το-

131 3968 144 3995 ιι
159 3945 251 4000 συῶτον
265 3938 361 4018 α’πίχω
374 3934 596 4015 κακοδαιμονίας,
611 3932 676 3994 ὥστ’
689 3936 716 3994 ίν
730 3932 828 4013 ὀλίγως
841 3933 911 3993 πάνυ

131 4058 145 4084 ιι
158 4031 213 4089 τῶν
230 4028 369 4107 μακαρίων
381 4026 495 4105 ίμαυτδν
507 4015 575 4085 river
590 4025 660 4085 δοκῶ
675 4022 749 4105 παρά
761 4020 821 4091 τούς
830 4024 911 4083 πλου·

132 4146 145 4172 ι
159 4119 231 4185 τίσις
252 4115 390 4184 ίξιτάζων,
405 4114 451 4174 καί
463 4113 507 4175 lari
519 4112 604 4194 τούτῳ
616 4111 739 4191 μίγιστον
758 4113 856 4191 ρρονῶ.
872 4143 912 4154 -

131 4234 145 4260 ιι
159 4206 221 4287 (15)
233 4202 349 4275 Ἐπειδὴ
358 4202 393 4263 τά
405 4201 593 4282 μίνάναγκκῖα
601 4201 631 4261 τὸ
642 4198 741 4279 λυπρὸν
752 4197 858 4278 ἀπόχρη
866 4221 912 4274 μοι

132 4323 145 4349 ι
161 4295 251 4372 γήδιον
262 4294 429 4374 ριλεργοῶντι
439 4290 675 4370 καίταμιιυομίνω
688 4285 825 4368 παρίχειν·
837 4287 871 4346 τά
882 4288 911 4347 δὲ

132 4410 145 4435 ιι
158 4381 209 4449 ἔξω
233 4383 286 4438 τῶν
308 4380 461 4460 άναγκαίων
480 4379 510 4437 ού
532 4378 651 4457 βιάζεται
670 4380 757 4448 ζητεῖν
778 4379 796 4448 ἡ
822 4374 908 4456 ρύσις.

133 4498 146 4523 ιι
159 4468 241 4532 Ἀλλά
262 4468 309 4528 καλ
322 4465 405 4550 τρορν)
423 4476 499 4526 πάσα
521 4466 598 4540 ἡδιῖά
617 4488 681 4542 μοι,
696 4463 730 4537 ἣν
752 4464 814 4522 &ab
836 4464 914 4539 λιμδς

133 4586 145 4611 ιι
163 4558 295 4637 σκευάσῃ,
306 4560 352 4616 καλ
366 4557 447 4617 ποτδν
461 4554 533 4615 άπαν
545 4553 638 4635 γλυκύ,
649 4552 699 4613 δτι
714 4554 774 4625 ἂνὴ
788 4552 852 4633 δίψα
865 4576 914 4613 πο-

133 4674 146 4699 ιι
163 4647 242 4726 ρίση,
255 4645 301 4705 καί
323 4644 401 4713 ύπνσς
416 4645 572 4722 μαλθακός,
587 4644 650 4703 ὅταν
663 4641 799 4722 ἡγήσηται
821 4641 912 4719 κόπος,

133 4764 146 4789 ιι
161 4734 239 4807 ἐσθής
263 4738 325 4806 τεὴ
350 4734 507 4814 παρίχουσα
530 4732 568 4811 μὴ
584 4736 671 4814 ῥιγῶν
693 4735 913 4811 «stuperatem,

133 4850 146 4875 ιι
161 4823 207 4882 καί
223 4820 339 4891 σκιῦοςδ
355 4845 381 4881 τι
394 4821 427 4881 δν
438 4819 624 4881 εύτιλίστατον
636 4823 689 4879 τῶν
700 4818 852 4894 δυναμίνων
866 4817 914 4885 τὰς

78 4940 106 4975 ω
133 4939 147 4965 ιι
161 4910 243 4981 αὑτάς
260 4911 389 4992 παρίχιιν
413 4907 506 4991 χριίας
528 4912 700 4971 οἰκιιότατον.
744 4906 831 4967 Ὥστε
855 4905 915 4967 uili

133 5026 146 5054 ι
160 4999 231 5059 κατὰ
242 5006 319 5060 τοῦτο
332 5000 430 5066 δίκαιος
442 4997 499 5071 rim
506 5002 553 5071 τῆς
566 4996 648 5077 τύχης
657 5000 826 5076 κατηγορῶν,
839 4994 914 5072 ἥμοι

133 5117 147 5143 ιι
161 5089 294 5160 τοσαύτην
308 5086 442 5168 παρίσχιν
453 5086 544 5145 αἷισίαν
557 5130 567 5162 ,
582 5084 647 5157 όσην
662 5087 680 5155 ἡ
698 5085 773 5166 ρόσις
790 5081 914 5143 testim

133 5204 147 5230 ιι
159 5181 243 5256 ίχιιν·
258 5181 311 5236 τῶν
327 5177 355 5235 il
374 5173 595 5253 ίιπιρόαλλόντων
614 5172 674 5235 οὔτι
688 5173 768 5234 πόθον
787 5173 912 5253 ίνέρυσιν

133 5292 147 5319 ιι
161 5265 217 5326 οὔτ’
227 5262 352 5345 ιύπορίαν
364 5264 458 5325 ίδωκι.

958 955 970 978 ι
985 949 1027 986 mc
1049 936 1134 988 rivere
1152 940 1253 1001 pmpter
1274 936 1380 1002 inopiam
1406 950 1532 1001 quoquam
1559 940 1737 1002 Romanorum,

958 1043 971 1067 ι
987 1036 1034 1074 nec
1045 1023 1113 1088 quod
1124 1024 1170 1073 viri
1185 1022 1256 1089 probi
1270 1023 1351 1074 officia
1363 1037 1475 1086 exerceo,
1490 1023 1516 1074 id
1529 1025 1590 1076 mibi
1601 1025 1737 1091 quidquam

958 1130 972 1154 ιι
987 1110 1112 1175 pmdesse,
1126 1111 1244 1176 quoniam
1254 1111 1279 1161 in
1291 1111 1397 1161 divitum
1408 1125 1511 1163 numeru
1521 1126 1571 1163 uon
1580 1126 1653 1175 sum;
1670 1115 1738 1178 quod

958 1214 971 1238 ι
986 1195 1048 1246 inlso
1071 1196 1207 1257 arbitraria,
1232 1197 1286 1248 sire
1309 1212 1340 1249 ex
1366 1199 1423 1250 aliis
1443 1200 1545 1261 audisti,
1564 1203 1617 1254 sire
1637 1204 1739 1268 propria

959 1302 972 1327 ιι
989 1285 1131 1349 conjectura
1150 1286 1234 1337 dicis:
1251 1287 1320 1351 quod
1341 1292 1427 1340 autem
1447 1303 1496 1339 non
1516 1290 1595 1342 multa
1614 1292 1738 1356 possideo,

959 1393 972 1418 ιι
987 1388 1114 1439 nunquam
1125 1375 1234 1427 miseriae
1246 1391 1323 1428 sensu
1337 1381 1419 1429 tactus
1442 1393 1507 1439 sum,
1522 1383 1548 1430 el
1560 1394 1625 1431 nuuc
1636 1395 1667 1432 ne
1680 1383 1739 1446 qni-

960 1485 972 1509 ι
990 1467 1048 1517 dem
1063 1471 1159 1529 tangor.
1178 1471 1229 1520 Nec
1247 1482 1307 1519 uero
1328 1484 1439 1534 unquam
1460 1472 1583 1523 torinnam
1595 1486 1676 1524 meam
1692 1475 1740 1525 de·

960 1574 972 1598 ιι
987 1557 1084 1621 plorare
1095 1555 1180 1620 debui,
1191 1558 1233 1609 uel
1244 1558 1269 1608 in
1284 1558 1398 1623 publicis,
1410 1560 1449 1611 vel
1467 1560 1609 1626 inparatis
1623 1563 1737 1627 negotiis.

960 1664 972 1687 ι
988 1645 1020 1709 (3)
1045 1647 1101 1703 Quo
1120 1645 1194 1696 modo
1213 1647 1291 1712 ipsam
1317 1648 1381 1699 mibi
1402 1648 1519 1700 hostilem
1542 1664 1641 1714 possem
1667 1652 1739 1702 iucu-

961 1754 973 1779 ιι
990 1738 1062 1787 sarai
1084 1737 1149 1787 ilum
1168 1737 1229 1802 quia
1248 1735 1410 1802 pulchrarum
1427 1741 1472 1789 aut
1486 1739 1632 1804 optabilium
1646 1755 1740 1799 rerum.

962 1839 974 1869 ι
989 1837 1095 1888 quarum
1107 1823 1191 1875 studio
1204 1823 1295 1875 nobilis
1318 1838 1424 1891 quaeque
1437 1831 1526 1877 natura
1543 1827 1649 1892 capitur,
1671 1843 1741 1878 com-

962 1926 975 1957 ι
990 1922 1035 1974 pos
1044 1923 1100 1962 esse
1113 1912 1227 1977 lupatria
1241 1917 1342 1978 pmpter
1355 1917 1527 1979 paupertatem
1543 1916 1688 1980 nequeam?
1707 1917 1741 1981 (l)

962 2012 975 2043 ι
989 1997 1066 2061 Atqui
1077 2000 1103 2048 et
1116 2011 1227 2049 summos
1236 1999 1396 2063 magistratus
1410 2012 1480 2063 gero,
1490 2003 1515 2051 et
1528 1999 1742 2064 splendidissimas

963 2083 1126 2146 «legationes
1148 2085 1221 2148 obeo,
1243 2090 1271 2137 et
1288 2085 1321 2137 ad
1338 2087 1498 2138 ceremonias
1523 2089 1692 2140 sanctissimas
1716 2089 1741 2140 in

964 2189 977 2220 ι
994 2173 1073 2224 sacris
1086 2174 1206 2225 adhibeor
1214 2177 1249 2234 et,
1267 2175 1390 2239 quemad
1405 2176 1506 2241 publica
1517 2177 1621 2228 consilia
1640 2178 1741 2241 accedo,

964 2282 976 2305 ι
993 2262 1025 2313 de
1045 2278 1144 2315 summa
1157 2265 1291 2331 republica,
1306 2280 1359 2331 quo
1370 2265 1456 2318 ordine
1471 2281 1517 2332 par
1528 2271 1577 2330 est,
1595 2268 1743 2319 senteutiam

964 2371 977 2395 ιι
991 2366 1074 2416 rogor,
1088 2352 1175 2403 laudor
1196 2353 1296 2419 insuper
1315 2357 1341 2404 et
1361 2354 1492 2417 suspicior,
1516 2354 1630 2419 nullique
1653 2358 1742 2421 poten·

964 2460 977 2483 ι
994 2439 1089 2491 tissirrm
1114 2440 1215 2492 interior
1240 2456 1315 2501 sum,
1336 2440 1413 2491 immo
1431 2444 1457 2492 et
1477 2441 1589 2493 uirtutis¹
1601 2445 1742 2508 exemplum

964 2544 979 2571 α
995 2527 1134 2585 existimor,
1145 2528 1207 2593 quiu
1219 2532 1302 2579 tamen
1313 2527 1346 2578 ob
1361 2528 1414 2577 baec
1424 2527 1499 2578 ullam
1512 2542 1593 2593 neque
1604 2543 1650 2594 ego
1662 2543 1746 2596 neque

963 2632 978 2658 ι
995 2614 1060 2666 alius
1072 2616 1204 2681 quisquam
1228 2616 1261 2667 de
1278 2615 1377 2681 privato
1404 2616 1501 2681 peculio
1519 2617 1658 2681 impensam
1677 2619 1746 2670 tace·

964 2724 978 2749 ι
994 2703 1191 2770 recutitaque
1208 2705 1274 2756 euim
1284 2704 1437 2771 privatorum
1456 2704 1617 2757 facultatibus
1641 2706 1747 2758 molesta

965 2810 979 2836 ιι
995 2795 1036 2844 est
1055 2793 1145 2844 ciuitas
1166 2796 1285 2855 Romana,
1310 2796 1339 2846 nt
1364 2794 1420 2845 altre
1440 2794 1575 2856 manullo,
1601 2795 1626 2846 in
1654 2793 1747 2859 quibus

966 2902 980 2926 ιι
996 2896 1057 2947 opes
1084 2882 1189 2948 publicae
1211 2882 1318 2946 exiguae,
1343 2883 1432 2949 ample
1457 2883 1612 2948 privatorum
1634 2901 1640 2934 :
1659 2897 1748 2935 serum

965 2990 979 3015 ιι
996 2970 1050 3036 ipsa
1062 2970 1210 3023 ducentibus
1220 2972 1320 3023 ordines
1339 2972 1479 3023 necessarie
1494 2972 1578 3023 omnia
1596 2972 1746 3038 suppeditat,

966 3080 979 3103 ιι
997 3057 1139 3123 splendidas
1152 3060 1269 3111 videucet
1281 3063 1307 3112 et
1318 3060 1429 3112 illustres
1442 3061 1573 3126 impensas.
1590 3065 1673 3119 Quare
1684 3076 1749 3127 pau·

965 3168 978 3191 ιι
996 3148 1121 3213 perrimus
1144 3147 1266 3199 ditissimo
1284 3163 1333 3200 non
1355 3153 1394 3200 est
1417 3149 1527 3212 inferior,
1550 3149 1691 3214 siquando
1716 3150 1749 3202 ad

965 3256 979 3282 ι
996 3237 1102 3288 lrouores
1113 3237 1233 3303 petendos
1245 3238 1364 3298 accedit;
1381 3238 1426 3289 sed
1441 3239 1546 3290 Romani
1558 3253 1657 3300 omnes,
1674 3244 1748 3303 quot·

967 3344 980 3367 ι
997 3330 1060 3388 quot
1071 3326 1174 3387 quidem
1184 3327 1286 3378 uirtutis
1294 3340 1352 3390 ergo
1365 3326 1499 3389 dignitates
1510 3333 1646 3386 merentur,
1658 3328 1750 3392 [equali

965 3430 981 3461 ιι
996 3415 1052 3477 inre
1065 3415 1190 3465 irnuntnr.
1209 3416 1242 3479 (6)
1258 3417 1329 3466 Nunc
1339 3414 1439 3478 quando
1451 3408 1555 3478 ‘quidem
1574 3415 1677 3477 penuria
1695 3429 1751 3468 mea

969 3521 981 3543 ιι
998 3502 1076 3552 nihilo
1089 3506 1128 3553 est
1144 3502 1253 3553 deterior
1272 3503 1398 3568 complura
1418 3503 1610 3566 possidentibus,
1630 3518 1675 3555 cur
1697 3505 1748 3556 lor-

969 3607 982 3632 «
1000 3592 1086 3639 tunam
1099 3590 1256 3641 incusarem?
1276 3604 1308 3640 au
1325 3591 1394 3656 quod
1406 3590 1531 3643 merobis
1548 3593 1647 3657 regibus
1659 3592 1751 3657 quibus

969 3694 982 3717 ιι
1000 3678 1070 3725 tanta
1084 3675 1123 3726 sis
1136 3676 1192 3727 auri
1211 3677 1368 3742 congeritur,
1388 3691 1472 3743 parem
1486 3691 1535 3728 uon
1555 3676 1660 3729 iecerit?
1672 3678 1750 3743 atqui

969 3784 981 3807 ιι
998 3762 1198 3827 quodadmeum
1210 3763 1385 3828 patrimonium
1397 3763 1495 3823 attinet,
1508 3762 1570 3814 adeo
1579 3763 1752 3815 meinieliclo·

970 3872 983 3897 ιι
999 3866 1053 3905 retu
1069 3868 1119 3903 nou
1132 3852 1225 3917 iudico,
1238 3855 1267 3903 ut
1279 3866 1338 3904 curn
1352 3851 1510 3917 paucissimis
1521 3853 1678 3905 beatissimus
1688 3852 1750 3904 mibi

969 3960 982 3990 ι
997 3943 1093 4005 ridear,
1111 3943 1310 4008 quotiescunque
1321 3955 1361 3992 me
1374 3943 1475 3993 contero
1488 3956 1546 3994 curu
1556 3941 1677 3993 divitibus
1688 3964 1695 3994 ι
1706 3956 1749 3994 eo·

969 4050 982 4074 ιι
999 4045 1049 4095 que
1059 4031 1150 4082 bonore
1164 4029 1204 4081 rel
1213 4029 1320 4080 maxime
1331 4029 1429 4094 glorior.
1445 4031 1478 4092 (7)
1489 4031 1600 4092 Namque
1609 4029 1749 4080 necessaria

969 4140 981 4163 ι
999 4119 1199 4186 aspematomlbi
1207 4122 1234 4170 et
1246 4132 1337 4183 pascua
1350 4119 1432 4169 utenti
1439 4117 1599 4183 ageliuslicet
1610 4131 1694 4168 macer
1703 4131 1749 4168 cx·

970 4225 983 4256 ιι
1000 4207 1086 4259 bibet:
1099 4221 1207 4273 quorum
1220 4212 1304 4258 autem
1316 4205 1385 4257 uuila
1396 4210 1436 4257 est
1447 4207 1591 4266 necessitas,
1605 4220 1635 4257 ea
1648 4206 1749 4258 demum

969 4315 983 4342 ιι
999 4301 1089 4348 natura
1107 4310 1157 4347 noo
1175 4295 1293 4362 postulat
1327 4296 1362 4361 (8)
1381 4295 1468 4346 Omnis
1489 4294 1551 4346 mibi
1575 4294 1656 4346 dulcis
1679 4295 1751 4347 cibus

969 4408 983 4433 ιι
1000 4387 1098 4447 accidit,
1111 4401 1186 4452 quem
1200 4388 1280 4439 tames
1291 4387 1395 4451 pararit,
1410 4385 1491 4437 omnis
1509 4386 1573 4437 idem
1590 4388 1665 4451 potus
1675 4398 1751 4450 quem

970 4496 983 4520 ιι
1000 4476 1056 4527 sitis
1073 4477 1250 4543 propinaverit.
1265 4476 1345 4527 Mollis
1361 4489 1465 4527 somnus
1479 4479 1536 4540 post
1546 4475 1666 4537 laborem,
1681 4478 1752 4526 sesto

970 4586 983 4610 ιι
1000 4580 1058 4629 qum
1073 4564 1152 4631 frigus
1163 4568 1254 4627 arceat,
1267 4565 1308 4617 vel
1317 4566 1426 4617 maxime
1440 4577 1496 4615 sum
1507 4567 1656 4615 contentus:
1673 4566 1751 4614 turne

969 4674 983 4698 «
1000 4654 1068 4705 vasis
1078 4668 1187 4720 quorum
1199 4654 1232 4704 ad
1242 4653 1330 4705 eadem
1343 4667 1405 4703 usas
1415 4655 1463 4713 est,
1482 4652 1550 4715 quod
1563 4650 1640 4701 terme
1658 4649 1750 4700 rillssi·

971 4761 983 4786 ιι
1000 4755 1070 4793 mum
1081 4741 1106 4792 id
1125 4740 1187 4792 mibi
1199 4740 1460 4792 convenientissimum
1473 4757 1480 4789 ι
1495 4757 1509 4782 ιι
1530 4739 1564 4801 (9)
1588 4739 1653 4803 Ergo
1667 4737 1750 4787 sitor-

969 4848 982 4875 ι
1000 4834 1068 4881 tuna
1083 4830 1238 4893 maledicam,
1258 4830 1439 4894 iniquussum‚
1455 4840 1513 4892 quas
1525 4829 1622 4878 tantum
1635 4825 1672 4877 rei
1682 4824 1752 4876 dedit

970 4939 984 4963 ιι
1001 4921 1123 4983 quantum
1151 4922 1243 4970 natura
1269 4917 1436 4979 desiderabat,
1461 4916 1645 4980 superfluorum
1666 4918 1751 4965 autem

970 5027 983 5051 ιι
1000 5021 1081 5071 neque
1100 5006 1264 5074 cupidltatem
1275 5005 1435 5072 ingeneravit,
1452 5016 1536 5071 neque
1554 5004 1650 5069 copiam
1666 5000 1753 5054 subdi·

971 5116 985 5141 ι
1003 5098 1076 5150 lavit.
1090 5118 1102 5142 ιι
