4034 5922
41 47 95 123 ιρι
127 13 226 91 am,
253 26 328 84 νυν
347 26 365 113 7
383 6 521 74 leals

249 429 294 489 ίίθι
758 426 930 501 ,bloblsll
950 427 1327 487 HALIGARNASSENSlS

251 560 467 641 κερτομούμενος,
491 562 639 621 ἀκολουθῶν
664 563 678 617 δ
702 558 829 637 Νεμέτωρ
843 563 888 618 τοῦ
912 582 940 617 τε
965 559 1018 618 σώ-

252 674 332 727 ματος
345 649 392 722 τὴν
407 654 562 728 εὐπρέπειαν
586 646 781 723 ἀπεθαύμαζεν,
794 639 827 719 ἧς
839 644 905 706 πολὺ
925 646 955 705 τδ
972 652 1020 725 βα·

254 738 352 797 σιλικδν
368 726 442 816 εἶχε,
455 736 501 794 καί
515 740 561 792 τοῦ
576 734 739 815 φρονήματος
758 733 806 804 τὴν
823 735 951 813 εὐγένειαν
964 737 1020 793 ἐνε-

251 831 374 902 θυμεῖτο,
394 822 427 896 ἣν
450 823 496 882 καί
519 821 592 903 παρδι
615 821 649 879 τά
676 821 746 880 δεινδι
762 821 900 899 διέσωσεν,
915 826 944 882 ού
959 824 1021 903 πρὸς

210 923 223 960 ⁵
251 902 335 971 οἶκτον
351 910 409 971 οὐδὲ
429 908 596 989 λιπαρήσεις,
616 912 650 973 ὡς
665 908 778 976 ἅπαντες
792 911 818 967 ἐν
831 917 889 975 ταῖς
905 911 1020 968 τοιαῖσδε

251 1006 354 1059 ποιοῦσι
368 998 473 1076 τύχαις,
497 994 676 1072 τραπόμενος,
692 998 758 1055 ἀλλά
778 995 823 1054 σύν
846 996 968 1079 εὐκόσμῳ
982 1022 1021 1056 σι-

156 1156 159 1162 ⁴
251 1092 311 1163 ωπῇ
333 1085 397 1165 πρὸς
419 1083 463 1141 τδν
480 1083 559 1161 μόρον
574 1082 671 1143 ἀπιών,
715 1083 764 1148 Ὡς
779 1084 802 1141 δ’
818 1085 853 1151 είς
875 1082 922 1153 τὴν
937 1084 1020 1144 οἰκίαν

252 1173 391 1253 ἀφίκοντο,
415 1175 577 1247 μεταστῆναι
601 1169 659 1236 τοὺς
689 1171 782 1237 ἄλλους
804 1171 947 1245 κελεύσας,
971 1196 1022 1250 μο-

250 1260 364 1323 νωθέντα
386 1257 430 1317 τδν
453 1258 558 1335 Ῥῶμον
581 1257 660 1337 ἤρετο
680 1258 718 1324 τίς
735 1259 774 1331 εἴη
805 1259 850 1318 καί
874 1259 966 1334 τίνων,
987 1265 1022 1326 ὡς

199 1369 221 1409 ιο
252 1351 300 1408 οὔκ
321 1347 352 1406 ἀν
367 1348 397 1405 tx
415 1349 466 1405 τῶν
489 1345 621 1425 τυχόντων
642 1347 668 1424 γ’
684 1346 767 1426 ἀνδρα
783 1352 897 1407 τοιοῦτον
912 1347 1020 1425 γενόμε·

251 1460 303 1496 νον.
346 1433 473 1500 Είπόντος
486 1431 514 1492 dd
532 1438 578 1491 τοῦ
592 1432 700 1510 Ῥώμου
724 1439 846 1494 τοσοῦτον
865 1434 958 1494 εἰδέναι
973 1435 1021 1513 μό·

250 1547 294 1583 νον
308 1524 379 1582 κατδι
397 1520 492 1581 πύστιν
506 1527 551 1581 τοῦ
565 1520 715 1601 τρέφοντος,
738 1522 777 1580 ότι
793 1521 838 1582 σθν
863 1525 967 1604 ἀδελφῷ
982 1525 1022 1582 δι-

251 1611 326 1692 δύμῳ
340 1609 455 1680 έκτεθείη
472 1609 564 1690 βρέφος
578 1613 613 1675 τίς
625 1610 709 1681 νάπην
725 1609 796 1677 εὐθὺς
809 1609 863 1668 dal
877 1615 963 1689 γονῆς,
976 1611 1022 1670 καί

252 1699 316 1777 πρὸς
329 1702 380 1757 τῶν
399 1699 498 1773 νυμίων
515 1697 657 1776 ἀναιρεθείς
672 1698 832 1779 ἐκτραφείη,
850 1698 951 1779 βραχὺν
965 1700 1023 1757 έπε-

197 1804 221 1843 15
253 1788 324 1869 σχὼν
345 1787 455 1868 χρόνον,
474 1786 520 1845 εἷθ’
542 1788 714 1859 ὑποτοπηθείς
728 1811 753 1845 τι
775 1791 826 1845 τῶν
843 1788 946 1860 ἀληθῶν
970 1788 1022 1846 είτε

252 1882 298 1935 τοῦ
313 1877 434 1953 δαίμονος
449 1874 555 1952 ἀγοντος
571 1877 606 1941 εἰς
631 1873 776 1956 τούμφανὲς
789 1874 819 1933 τδ
837 1883 963 1955 πρᾶγμα,
977 1876 1021 1934 λε’-

252 1986 291 2041 γιι
310 1962 374 2043 πρδς
397 1961 488 2020 αὐτόν·
512 1989 524 2016 ι
545 1959 609 2022 Ὅτι
634 1959 681 2039 μὲν
706 1964 748 2020 ἀπ’
774 1964 833 2039 ἐμοὶ
853 1963 977 2042 γέγονας,
999 1956 1021 2024 ώ

252 2079 264 2102 υ
284 2048 386 2125 Ῥῶμε,
398 2051 488 2108 παθεῖν
503 2049 554 2107 ὅτι
565 2048 595 2106 ἀν
611 2049 756 2124 δικαιώσω,
769 2050 861 2117 καλῶς
876 2052 935 2131 περὶ
948 2057 1020 2112 πολ-

253 2166 265 2189 «
285 2140 333 2196 λοῶ
355 2135 503 2206 ποιήσαιντ’
525 2135 556 2195 δν
572 2141 596 2196 ot
622 2135 776 2212 κομίσαντές
790 2161 819 2195 σε
840 2139 914 2216 δεῦρο
936 2140 1022 2200 πολλὰ

194 2239 221 2278 2¹
253 2253 265 2276 ι
286 2224 331 2283 καί
348 2222 418 2281 δεινδ
427 2225 543 2282 παθόντα
555 2247 585 2283 σε
601 2228 753 2297 ἀποθανεῖν,
767 2225 839 2284 οὐδὲν
851 2227 890 2302 δεῖ
903 2226 966 2306 πρὸς
986 2231 1023 2286 εί-

253 2341 265 2363 s
287 2312 349 2370 δότα
361 2308 455 2383 λέγειν.
477 2336 482 2344 ·
496 2313 531 2372 Εἰ
546 2310 575 2370 δέ
584 2333 613 2369 σε
628 2311 739 2370 θανάτου
753 2335 781 2370 τε
799 2313 844 2371 καί
857 2314 937 2373 ἄλλου
952 2339 1021 2374 ποιν-

252 2426 264 2452 a
286 2397 329 2463 τδς
347 2398 509 2475 ἐκλυσαίμην
529 2402 627 2471 κακοῦ,
641 2388 683 2477 ἀρ’
699 2397 731 2456 δν
757 2400 851 2471 εἰδείης
879 2425 923 2478 μοι
942 2403 1022 2482 χάριν

250 2510 264 2539 ε
283 2485 329 2545 καὶ
342 2484 456 2564 δεομένῳ
478 2484 671 2564 ὑπουργήσειας
692 2484 706 2543 δ
727 2488 811 2545 κοινδν
826 2491 923 2568 ἀμφοῖν
948 2489 1022 2549 ἔσται

249 2599 264 2629 ε
285 2571 397 2650 ἀγαθόν,
414 2598 427 2624 ι
443 2571 659 2651 Ἀποκρεναμένυυ
674 2570 701 2630 δὲ
720 2578 767 2631 τοῦ
787 2576 924 2656 μειρακίου
937 2575 1021 2634 ὁπόσα

203 2692 231 2732 25
250 2658 309 2725 τοὺς
328 2659 355 2716 ἀν
374 2657 521 2734 ἀπογνώσει
536 2660 593 2737 βίου
616 2658 778 2736 κειμένουςὴ
796 2667 840 2720 τοῦ
857 2661 1022 2732 σωθήσεσθαι

252 2746 326 2814 ίλπὶς
335 2750 388 2814 τοῖς
401 2745 496 2827 κυρίοις
503 2746 594 2805 τούτου
606 2746 689 2823 λέγειν
699 2746 744 2804 καί
753 2752 934 2828 ὑπισχνεῖσθαι
945 2750 1021 2809 tusi·

253 2857 310 2914 ρει,
333 2835 410 2892 λῦσαι
433 2832 557 2898 κελεύσας
581 2834 658 2893 αύτδν
682 2834 847 2916 δΝεμέτωρ,
863 2836 907 2895 καί
921 2836 1022 2905 πάντας

252 2922 373 2979 ἀπελθεῖν
390 2918 519 2996 ἐκποδὼν,
536 2921 626 3001 φράζει
647 2922 693 2988 τδς
722 2926 802 2980 αὑτοῦ
818 2921 910 3001 τύχας,
926 2928 960 2989 ὡς
974 2923 1019 2983 Ἀ-

252 3007 341 3086 μόλιος
362 3006 440 3067 αύτδν
459 3008 568 3089 ἀδελφὸς
582 3005 618 3066 ὢν
640 3008 802 3087 ἀπεστέρησε
816 3015 862 3082 τῆς
878 3012 1020 3089 βασιλείας,

195 3115 223 3155 ao
251 3095 363 3176 ἀρφανδν
379 3090 625 3167 δὲτέκνωνέθηκε,
642 3095 686 3153 τδν
710 3095 757 3174 μίν
783 3096 826 3155 tat
847 3097 914 3178 θήρορ
935 3098 1021 3179 κρύφα

251 3184 488 3262 διαχειρισάμενος,
513 3181 596 3253 τὴνδ’
615 3186 641 3242 έν
655 3183 745 3261 είρκτῇ
761 3182 899 3259 δεδεμένην
919 3187 1020 3264 φυλάτ-

250 3294 320 3342 των,
341 3270 377 3328 τιί
397 3269 420 3328 τ’
444 3269 503 3327 ἀλλ’
529 3269 613 3329 ὁπόσα
633 3268 760 3341 δεσπότης
781 3269 915 3351 χρώμενος
938 3271 1021 3353 δούλῳ

251 3359 372 3417 διατελεῖ.

291 3446 431 3507 lxxxii.
448 3447 531 3505 Ταῦτ’
546 3443 626 3503 εἰπὼν
642 3442 687 3504 καί
698 3442 780 3504 πολύν
792 3449 884 3524 θρῆνον
901 3445 957 3526 ἅμα
969 3455 1024 3521 τοῖςι

196 3550 222 3591 oo
251 3533 336 3610 λόγοις
351 3531 637 3611 καταχεάμενος,ἠζίου
647 3532 761 3614 τιμωρόν
774 3541 827 3599 τοῖς
836 3538 926 3603 κακοῖς
939 3538 1017 3595 αὑτοῦ

252 3621 294 3679 τὸν
305 3621 410 3697 Ῥῶμον
425 3621 554 3699 γενέσθαι.
590 3620 725 3696 Ἀσμένως
741 3620 764 3679 δ’
778 3621 966 3700 ὑποδεξαμένου
977 3625 1021 3684 τόν

251 3711 325 3790 λόγον
347 3714 393 3768 τοῦ
417 3707 564 3788 μειρακίου,
584 3709 629 3766 καὶ
647 3710 731 3766 πάλαι
753 3707 855 3768 τάττειν
880 3709 956 3769 αύτδν
978 3709 1022 3769 ἐπὶ

250 3799 281 3856 τὸ
294 3796 369 3878 ἔργον
387 3796 526 3870 ἀξιοῦντος,
552 3796 690 3863 ἐπαινέσας
712 3800 726 3854 δ
747 3798 874 3878 Νεμέτωρ
895 3798 943 3869 τὴν
956 3821 1022 3879 προ-

251 3886 363 3962 θυμίαν,
377 3912 389 3939 ε
400 3888 455 3956 Τῆς
470 3884 517 3961 μὲν
527 3882 657 3963 πράξεως,
673 3884 734 3963 ἔφη,
746 3888 789 3943 τδν
802 3887 893 3964 καιρὸν
905 3884 956 3962 ἐγὼ
970 3909 1020 3943 τα-

196 3982 224 4023 ιο
251 3999 262 4023 ν
286 3972 443 4049 μιεύσομαι,
454 3970 485 4030 σθ
500 3971 527 4032 δὲ
541 3972 605 4038 τέως
618 3972 683 4052 πρὸς
693 3970 737 4029 τδν
747 3971 856 4049 ἀδελφὸν
872 3973 1019 4051 ἀπόρρητον

253 4087 264 4112 ι
286 4059 368 4119 ἀπασι
381 4068 434 4125 τοῖς
446 4059 534 4125 ἄλλοις
544 4057 668 4138 ἀγγελίαν
677 4061 793 4139 πέμψον,
805 4059 844 4117 ότι
854 4059 923 4138 σώζῃ
933 4084 961 4118 τε
972 4063 1018 4131 δη-

250 4173 262 4202 ε
285 4149 355 4218 λῶν,
369 4145 415 4205 καὶ
425 4147 570 4225 διαταχέων
582 4146 660 4206 αθτδν
672 4145 745 4218 ἥκειν
757 4145 846 4214 ἀξιῶν.
864 4172 876 4199 ν
918 4145 967 4206 Ἐκ
992 4148 1019 4205 δὲ

250 4232 341 4293 τούτου
359 4231 493 4308 πέμπεταί
516 4258 554 4301 τις
575 4232 727 4312 ἐξευρεθείς,
753 4231 781 4303 δς
804 4233 887 4293 ἐδόκει
904 4225 934 4293 εδ
952 4238 1019 4306 ὑπη-

252 4319 385 4400 ρετήσειν,
404 4319 449 4377 καί
465 4320 611 4399 περιτυχὼν
636 4323 665 4382 ού
679 4321 771 4402 πρόσω
785 4325 832 4393 τῆς
852 4323 954 4388 πόλεως
966 4321 1020 4381 όντι

194 4423 221 4462 ετ
249 4407 383 4486 Ῥωμύλῳ
406 4407 528 4485 διασαφεῖ
557 4408 603 4475 τδις
627 4410 762 4487 ἀγγελίας
786 4413 800 4467 δ
823 4408 851 4467 δέ
875 4409 1021 4489 περιχαρὴς

249 4498 384 4576 γενόμενος
404 4495 511 4573 ἔρχεται
537 4497 636 4573 σπουδῇ
660 4495 724 4576 πρὸς
745 4497 890 4577 Νεμέτορα,
905 4500 950 4556 καὶ
972 4522 1018 4557 πε·

250 4585 383 4664 ριπλοικείς
409 4586 505 4663 ἀμφοῖν
539 4583 684 4650 ἀσπάζεται
709 4586 758 4661 μὲν
782 4589 903 4664 πρῶτον,
929 4585 1019 4645 ἔπειτα

249 4672 340 4753 φράζει
362 4672 410 4743 τὴν
437 4671 536 4729 ἔνθεσιν
564 4675 635 4749 σφῶν
654 4670 698 4728 καί
724 4675 821 4753 τροφὴν
847 4665 1019 4732 καὶτάλλ’ἀ

248 4761 320 4838 πορθ
336 4766 381 4818 τοῦ
401 4758 555 4820 Φαιστύλου
572 4758 690 4817 ἐπύθετο.
733 4762 795 4826 Τοῖς
809 4762 848 4831 δὲ,
869 4763 898 4818 οὗ
914 4761 1017 4819 πολλῶν

194 4865 220 4902 ao
247 4844 290 4906 ἵνα
304 4848 468 4907 πιστεύσειαν
488 4847 636 4926 τεκμηρίων
650 4846 796 4922 δεομένοις,
812 4846 977 4926 βουλομένοις
991 4874 1019 4909 τε

247 4934 292 4991 καὶ
305 4939 363 4992 καθ’
379 4936 471 5006 ἡδονὰς
494 4935 525 4995 τδ
539 4935 678 5018 λεγόμενον
691 4925 736 5006 ἦν.
778 4933 855 4995 Ἐπεὶ
870 4938 891 4994 δ’
908 4936 1020 5015 ἀνέγνω·

248 5045 297 5082 ταν
316 5022 457 5095 ἀλλήλους’,
481 5022 575 5081 αὐτίκα
590 5023 774 5083 συνετάττοντο
792 5022 837 5083 καί
852 5026 1016 5100 διεσκόπουν,

247 5108 317 5177 ὅστις
339 5109 412 5167 ἔσται
431 5110 525 5175 τσόπος
539 5109 557 5179 ἣ
572 5112 663 5187 καιρὸς
677 5112 713 5176 εἷς
730 5108 776 5180 τὴν
799 5110 912 5170 ἐπίθεσιν
927 5110 1019 5183 ἐπιτή-

245 5197 328 5263 δειος.
371 5191 419 5254 Ἐν
442 5172 464 5275 ᾧ
482 5195 505 5252 δ’
521 5184 589 5253 οἶνοι
611 5198 672 5275 περὶ
689 5196 762 5255 ταῦτ’
779 5188 856 5269 ἦσαν,
871 5203 885 5257 ό
898 5199 1018 5259 Φαιστύ·

1076 568 1134 618 baut
1152 569 1266 618 muricus
1285 567 1401 629 illuditur,
1417 566 1531 616 Numitor
1552 580 1658 630 sequeus
1680 570 1706 615 el
1734 563 1843 630 corporis

1073 659 1147 710 decus
1158 661 1230 725 plane
1243 660 1336 723 regium
1349 657 1523 717 demirabotur‚
1540 660 1565 708 et
1584 655 1755 707 considerabat
1773 670 1843 720 geue·

1073 753 1204 800 resumet
1226 751 1379 799 constantem
1394 746 1421 796 in
1445 747 1518 797 rebus
1538 745 1687 811 gravissimis
1712 746 1842 796 animum:

1074 841 1117 905 qui
1134 856 1181 893 uec
1198 841 1230 891 ad
1249 839 1441 891 misericordiam
1457 838 1618 903 captandam,
1633 851 1679 888 uec
1697 837 1730 887 ad
1748 849 1842 902 proces,

1074 932 1140 998 quod
1154 945 1238 981 omnes
1248 930 1274 980 io
1285 931 1327 980 tuli
1339 932 1438 980 larluna
1452 929 1532 979 lacere
1543 930 1630 989 solent,
1645 942 1672 978 sc
1684 930 1844 986 converteml,

1074 1026 1118 1077 sed
1127 1038 1184 1075 cum
1196 1024 1301 1074 boueslo
1312 1023 1409 1073 silentio
1417 1022 1448 1072 ad
1460 1022 1605 1086 supplicium
1619 1024 1739 1085 pergeret.
1773 1020 1851 1069 Post·v

1073 1130 1146 1179 quam
1156 1129 1215 1166 sero
1232 1115 1331 1164 domum
1344 1115 1476 1175 venerunt,
1499 1112 1554 1163 aliis
1568 1112 1680 1163 secedere
1700 1110 1787 1171 iussis,
1803 1109 1843 1173 ip-

1075 1212 1242 1260 sumilemum
1254 1207 1335 1257 solum
1358 1205 1517 1267 interrogarit
1536 1206 1650 1267 quisnam
1669 1206 1735 1253 esset
1752 1205 1778 1253 ol
1789 1203 1844 1265 qui·

1075 1301 1121 1351 bus
1139 1303 1222 1361 ortus,
1240 1299 1306 1362 quod
1321 1299 1377 1348 talis
1397 1298 1434 1347 rir
1452 1296 1602 1347 enamlibus
1617 1299 1687 1346 ortus
1704 1295 1846 1355 ruusdous

1074 1411 1123 1446 non
1139 1395 1275 1447 videretur.
1322 1397 1386 1443 cum
1402 1396 1483 1443 autem
1505 1394 1598 1442 Remus
1613 1390 1796 1455 respondisset,
1818 1404 1845 1439 se

1076 1486 1137 1536 illud
1169 1489 1266 1535 tantum
1293 1485 1355 1535 seire
1389 1497 1419 1542 ex
1444 1483 1541 1533 nutricii
1572 1482 1634 1545 lide,
1667 1496 1695 1533 se
1729 1482 1845 1533 inbutam

1076 1592 1134 1629 cum
1152 1580 1227 1628 tratre
1237 1578 1333 1640 gemino
1347 1588 1432 1627 recens
1447 1579 1530 1626 uatum
1549 1576 1575 1625 in
1588 1574 1650 1626 silva
1667 1575 1806 1639 expositum
1819 1579 1844 1624 et

1074 1671 1243 1736 apastoribus
1261 1674 1401 1732 susceptum
1420 1673 1445 1720 et
1464 1670 1596 1719 educatum
1616 1668 1846 1729 immediocriter

1075 1767 1131 1828 post
1150 1763 1320 1827 interpositam
1346 1760 1445 1813 brevem
1467 1775 1575 1822 moram,
1595 1761 1648 1810 sire
1671 1760 1769 1823 aliquod
1792 1761 1844 1809 veri

1075 1858 1220 1921 suspicatus,
1235 1858 1288 1907 sive
1302 1857 1348 1907 deo
1367 1870 1419 1906 rem
1439 1856 1464 1905 in
1477 1856 1557 1907 lucem
1573 1856 1720 1918 proterente,
1734 1854 1770 1903 sic
1781 1854 1846 1905 iure·

1074 1962 1130 1999 nem
1141 1950 1272 2012 alloquitur
1287 1970 1293 1999 ι
1309 1968 1321 1990 ι
1333 1951 1362 1998 ln
1373 1961 1428 1998 mes
1436 1951 1558 2012 potestate
1572 1960 1626 1997 esse
1639 1951 1671 2007 te,
1687 1947 1771 2008 Reme,
1787 1961 1847 2009 quo·

1077 2060 1089 2083 ν
1104 2053 1210 2103 ermque
1221 2039 1340 2103 supplicio
1353 2040 1462 2100 allicere,
1474 2041 1500 2095 ct
1518 2051 1561 2089 eos
1579 2039 1621 2104 qui
1635 2042 1658 2088 te
1673 2035 1725 2088 buc
1740 2037 1847 2088 adduxe

1075 2152 1088 2176 ιι
1103 2135 1171 2195 runt,
1187 2133 1274 2181 multis
1292 2136 1318 2182 et
1336 2132 1463 2183 atrocibus
1486 2130 1581 2181 iniuriis
1603 2130 1723 2195 acceptis,
1742 2136 1846 2182 morteto

1075 2244 1088 2269 ll
1103 2229 1170 2274 tuum
1186 2224 1399 2275 vehementissime
1417 2228 1544 2289 expetere,
1558 2236 1616 2275 eum
1634 2224 1685 2288 ipse
1703 2224 1779 2287 noris,
1799 2237 1848 2274 uon

1075 2338 1088 2363 ν
1103 2318 1217 2382 estquod
1233 2322 1259 2369 te
1275 2318 1385 2381 doceam.
1419 2318 1490 2376 Quod
1508 2318 1529 2368 si
1551 2322 1576 2367 la
1592 2322 1700 2369 amorte
1713 2321 1739 2367 et
1756 2318 1846 2382 quovis

1075 2432 1088 2456 s
1105 2411 1154 2462 alio
1175 2411 1241 2462 malo
1265 2411 1409 2473 liberarem,
1424 2425 1456 2462 an
1482 2412 1584 2475 gratiam
1606 2411 1669 2462 mibi
1687 2412 1803 2472 babebis,
1823 2417 1847 2462 et

1076 2523 1088 2549 ι
1103 2506 1196 2567 roganti
1206 2517 1305 2568 operam
1318 2508 1388 2555 tuam
1407 2504 1432 2555 io
1445 2518 1473 2556 re
1482 2505 1582 2567 utrique
1596 2510 1708 2555 nostrum
1720 2505 1848 2557 commoda

1076 2599 1219 2649 inarmis?
1239 2620 1251 2643 ν
1292 2602 1354 2650 curn
1378 2605 1461 2651 autem
1482 2600 1580 2652 iuvenis
1607 2601 1772 2666 respondisset
1789 2616 1847 2667 que

1075 2692 1184 2742 homiues
1193 2692 1218 2743 iu
1229 2693 1287 2742 rita
1298 2693 1476 2757 desperatione,
1485 2694 1570 2745 salutis
1584 2707 1628 2758 spe
1640 2697 1771 2763 ostentato,
1785 2696 1844 2747 siles

1075 2788 1189 2852 liscisque
1205 2788 1303 2839 arbitris
1319 2792 1345 2838 et
1356 2789 1437 2839 dicere
1457 2793 1482 2840 et
1499 2790 1607 2853 polliceri
1621 2790 1715 2851 solent,
1735 2792 1848 2849 Nuuutar

1075 2883 1128 2932 eius
1142 2882 1237 2931 vincula
1256 2881 1317 2931 solui
1334 2882 1425 2941 iussit,
1442 2885 1466 2931 et
1488 2879 1601 2934 clunibus
1625 2883 1666 2944 qui
1691 2881 1793 2932 aderant
1810 2894 1848 2931 re·

1074 2978 1161 3040 motis,
1173 2977 1295 3028 lortumm
1317 2990 1388 3027 suam
1402 2977 1423 3026 ai
1448 2976 1575 3026 narrauit:
1594 2982 1622 3027 ut
1642 2977 1755 3027 Amulius
1769 2978 1845 3027 irater

1074 3083 1148 3135 reguo
1163 3050 1243 3133 ipsum
1257 3069 1406 3130 fraudasset,
1418 3069 1581 3131 orbatumque
1593 3069 1677 3120 liberis
1686 3068 1843 3131 reddidisset,

1074 3162 1178 3212 altemm
1198 3163 1222 3212 in
1243 3161 1372 3212 venafione
1384 3163 1482 3212 occulte
1499 3161 1657 3223 interimens,
1670 3162 1773 3213 alterum
1790 3162 1847 3211 vin·

1075 3259 1141 3305 clam
1160 3256 1185 3305 iu
1200 3268 1297 3306 carcere
1309 3254 1463 3317 custodiens,
1486 3256 1617 3318 ceteraque
1637 3269 1664 3306 se
1687 3259 1715 3306 ut
1734 3256 1848 3306 <lominus

1074 3361 1146 3398 servo
1158 3351 1281 3399 uteretur.

1104 3447 1222 3496 thllllll.
1233 3447 1294 3496 ilaec
1304 3445 1414 3504 locutus,
1424 3448 1450 3495 et
1459 3443 1543 3494 multis
1554 3445 1663 3497 lacrimis
1674 3447 1737 3497 inter
1746 3448 1845 3511 loqueu-

1075 3547 1134 3597 dum
1144 3547 1220 3608 lusis,
1234 3547 1314 3597 orarit
1324 3548 1426 3597 Remum
1435 3548 1464 3596 ut
1474 3546 1621 3598 domesticas
1630 3561 1689 3597 suas
1699 3548 1799 3602 niurias
1810 3550 1846 3598 ul·

1073 3644 1216 3695 cisceretnr.
1248 3644 1324 3694 cuius
1334 3644 1534 3694 orationemeum
1551 3643 1646 3695 iuvenis
1656 3645 1758 3697 libenter
1771 3660 1846 3698 esce·

1074 3743 1158 3806 pisset,
1173 3746 1199 3792 et
1210 3742 1259 3792 iam
1271 3755 1297 3792 se
1310 3742 1342 3791 ad
1358 3755 1422 3806 opus
1435 3717 1623 3807 aggrediendum
1632 3743 1690 3794 duci
1703 3746 1846 3810 postularet,

1072 3838 1193 3898 Numitor,
1216 3839 1269 3889 eius
1298 3838 1374 3888 anbni
1398 3839 1523 3889 alacritate
1554 3839 1709 3903 collaudata,
1737 3843 1815 3904 inqiut
1839 3864 1846 3890 ε

1074 3956 1087 3980 ι
1103 3940 1210 4000 Tempus
1225 3935 1262 3986 rei
1272 3936 1384 4000 gerendae
1396 3949 1441 4000 ego
1454 3936 1642 4001 dispensatmus
1654 3951 1722 3998 suro,
1740 3942 1767 3987 tu
1779 3939 1844 3987 into·

1074 4051 1086 4075 ν
1101 4031 1148 4079 rim
1159 4031 1221 4080 clam
1233 4034 1344 4082 nuntium
1358 4033 1389 4082 ad
1399 4033 1497 4082 tratrem
1518 4034 1606 4097 mitte,
1619 4047 1663 4098 per
1671 4048 1743 4097 quem
1753 4033 1846 4098 signill-

1075 4152 1087 4176 ι
1103 4146 1143 4182 ces
1155 4135 1180 4182 te
1195 4134 1290 4184 salvum
1306 4147 1360 4185 esse
1372 4138 1397 4184 et
1409 4148 1495 4198 rogare
1506 4139 1535 4184 ut
1546 4135 1588 4187 ille
1599 4149 1673 4199 quam
1684 4135 1791 4200 primum
1804 4149 1846 4187 re·

1075 4247 1085 4268 a
1103 4229 1162 4277 olat.
1179 4247 1192 4272 ν
1204 4229 1267 4278 Tum
1280 4241 1340 4279 vero
1355 4230 1471 4279 iuventus
1489 4232 1628 4294 missusque
1641 4231 1793 4295 estquidam
1812 4234 1845 4282 arl

1073 4328 1120 4376 boc
1131 4324 1292 4375 ministerium
1305 4326 1459 4388 peridoneus.
1468 4327 1512 4392 qui
1521 4342 1569 4378 non
1583 4329 1668 4392 procul
1681 4329 1712 4379 ab
1725 4330 1786 4380 urbe
1795 4332 1844 4379 llo·

1073 4426 1167 4476 mulum
1178 4431 1265 4477 nactus
1276 4422 1392 4474 mandata
1402 4423 1532 4475 renuntiat.
1567 4425 1611 4475 llle
1620 4439 1679 4476 vero
1691 4426 1762 4477 valde
1774 4427 1846 4478 laetus

1072 4520 1454 4586 odllumltoremproperaritzet
1462 4520 1708 4587 primumutrumque
1716 4525 1846 4588 amplexus

1072 4621 1205 4680 salutarit,
1218 4618 1304 4668 duride
1317 4617 1427 4667 uamamt
1440 4619 1646 4681 quemadmodum
1664 4624 1691 4671 et
1705 4622 1809 4684 expositi
1820 4624 1846 4671 et

1072 4718 1170 4768 educati
1179 4721 1269 4777 essem,
1279 4720 1304 4766 et
1317 4715 1364 4765 alia
1374 4727 1529 4780 quaecunque
1537 4729 1568 4767 ex
1577 4716 1695 4767 Faustulo
1706 4724 1841 4782 acceperat.

1074 4817 1125 4867 Ibis
1138 4820 1222 4866 autem
1234 4815 1374 4865 volentibus
1386 4828 1430 4865 nec
1444 4813 1527 4864 multis
1537 4818 1567 4865 ut
1578 4814 1706 4865 crederent
1715 4829 1845 4877 argumen-

1074 4915 1105 4963 lis
1122 4912 1262 4978 egentibus,
1279 4913 1397 4976 voluptati
1410 4915 1463 4962 erat
1483 4912 1550 4975 quod
1564 4912 1692 4963 referebat.
1725 4913 1774 4963 Ubi
1784 4927 1844 4964 sero

1072 5025 1098 5060 se
1111 5015 1198 5062 mutuo
1209 4988 1376 5075 agnoverunt,
1392 5010 1475 5060 statim
1489 5010 1589 5061 consllia
1605 5011 1704 5071 ineunt,
1722 5015 1747 5061 el
1759 5010 1790 5061 de
1807 5012 1844 5062 rel

1071 5107 1237 5172 aggrediendae
1264 5108 1357 5157 ratione
1382 5113 1407 5157 et
1432 5107 1613 5171 opportunitate
1636 5121 1745 5170 qrrrerere
1759 5121 1842 5172 coepe·

1071 5207 1137 5256 runt.
1170 5205 1325 5254 Dumaulem
1335 5203 1388 5254 baec
1404 5203 1436 5251 ab
1457 5203 1510 5254 istis
1525 5206 1650 5266 paramur,
1664 5204 1796 5254 Faustulus
1810 5206 1841 5255 ad
