4048 5924
671 386 963 461 AN'IIQUITATUM
984 390 1131 454 ROMAN.
1155 394 1228 455 LIB.
1253 397 1331 456 VIII.

178 537 193 571 u
207 537 261 586 νης,
274 512 292 586 ἢ
305 512 390 585 καλήν
406 515 452 575 καὶ
464 515 569 576 δικαίαν
578 515 708 597 πρόρασιν
719 519 877 600 εἰληχότες
864 526 954 580 εσεοθε

177 622 193 656 ιι
206 606 252 659 τοῦ
273 599 400 677 πολέμου.
442 602 482 662 Tb
502 604 554 683 γὰρ
577 603 664 682 μή
630 628 681 663 των
703 606 847 686 ἀλλοτρίων
864 610 952 666 ἐπιθυ-

175 711 190 746 ε
208 692 280 766 μεῖν,
295 658 365 749 ἀλλὰ
383 691 417 749 τὰ
430 694 559 752 ἑαυτῶν’
544 694 686 772 απαιτεῖν,
699 693 745 753 καί
758 694 796 770 μὴ
806 694 954 776 τυγχάνον-

177 798 192 834 u
205 801 252 845 τας
275 777 367 838 τούτου
388 782 528 856 πολεμεῖν,
555 779 668 890 ἀπαγτες
712 782 1022 862 ἀνιμαλογήσουσιν,

176 858 274 924 αείναι
292 865 382 925 καλόν.
425 867 534 948 Φέρε
520 869 568 941 αὴ,
591 867 618 927 τί
636 868 757 977 πριήσειν
780 870 863 930 οἴεσθε
885 869 955 931 Ῥω·

181 975 196 1010 u
211 954 316 1031 μαίοις,
331 977 416 1014 ταυτα
434 958 507 1033 ὑμῶν
530 959 734 1038 προεχομένων;
757 959 868 1039 πότερον
885 961 953 1019 ἀπο-

180 1044 301 1103 εεθώσειν
324 1042 357 1103 τά
380 1043 467 1124 χωρία
493 1049 569 1121 ύμῖν;
592 1048 638 1105 καὶ
658 1046 685 1105 τί
710 1047 825 1107 κωλύσει
847 1047 954 1107 πάντων

179 1152 194 1188 υ
208 1131 300 1200 αὐτούς
313 1136 463 1206 ἀποστῆναι
477 1139 529 1194 τῶν
549 1136 709 1218 ἀλλοτρίωνς
731 1135 822 1208 ἥξουσι
842 1136 894 1217 γάρ
907 1142 955 1196 Αί-

179 1221 282 1282 ιικανοί
295 1245 323 1283 τε
333 1223 378 1281 καὶ
392 1223 502 1283 Σαόίνοι
514 1224 560 1283 καὶ
570 1224 702 1304 Τυρρηνοὶ
714 1226 760 1284 καλ
773 1226 866 1285 πολλοὶ
879 1226 954 1286 ἄλλοι

177 1308 254 1382 «τήν
278 1314 377 1371 ἑαυτῶν
393 1311 500 1372 ἕκαστοι
512 1318 562 1391 γῆν
574 1312 788 1393 ἀποληψόμενοι.
841 1316 883 1377 Ἢ
902 1340 952 1375 κα-

177 1419 193 1455 u
208 1397 288 1467 θέξειν
302 1400 336 1458 τὰ
350 1399 436 1481 χωρία
450 1402 495 1459 καλ
510 1399 592 1478 μηθέν
607 1405 659 1459 τῶν
682 1401 789 1462 δικαίων
814 1404 949 1476 ποιήσεως

177 1508 192 1544 α
206 1485 271 1568 ὅπερ
286 1487 339 1567 ἐγὼ
353 1489 459 1565 νομίζω.
481 1491 584 1551 Οὐκοῦν
606 1491 752 1550 ἀδικεῖσθαι
767 1491 888 1572 πρότεροι
901 1494 953 1553 λε’-

176 1596 296 1654 (εγοντες
311 1579 355 1636 ὑπ’
375 1579 462 1643 αὐτῶν
473 1578 543 1636 κατὰ
564 1578 594 1638 τθ
607 1582 750 1659 ἀναγκαῖον
766 1580 810 1639 ἐπὶ
829 1581 864 1641 τθι
883 1580 953 1642 ὅπλα

176 1665 357 1745 «χωρήσετε,
378 1668 424 1725 κοιλ
444 1667 600 1776 συμμάχους
617 1667 703 1741 ἕξετε,
717 1665 774 1728 ὅσοι
796 1668 831 1727 τθι
851 1674 951 1729 ἑαυτῶν

177 1773 192 1809 u
206 1753 416 1833 ἀφαιρεθέντες
401 1754 585 1832 ἀπεγνώκασιν
603 1755 690 1820 ἄλλως
701 1755 740 1815 ἔτι
758 1755 855 1814 αὐτὰ
840 1781 858 1829 η
875 1758 951 1816 πολε-

176 1862 192 1897 ιι
206 1846 315 1917 μοῦντες
329 1843 376 1900 οὐκ
391 1842 587 1925 ἀπολήψεσθαι.
633 1844 777 1924 Κράτιστος
793 1844 820 1904 δὲ
835 1849 849 1904 ό
863 1844 952 1925 καιρός

175 1950 251 1988 υκαι
241 1920 358 1996 οἷος’
332 1952 381 2010 συχ
394 1927 480 2009 ἕτερος
491 1931 627 1992 ἐπιθέσθαι
641 1930 798 2010 Pauperiore,
813 1933 842 1992 θν
853 1933 912 2004 ἠ’
883 1957 951 2012 τυχη

174 2038 191 2076 (ε
204 2021 258 2085 τοῖς
272 2021 452 2093 ἀδικουμένοις
462 2020 544 2079 ouidi*
531 2044 563 2080 αν
575 2023 731 2082 ἐλπισθέντα
739 2021 950 2101 παρεσκεύασεν,

176 2098 266 2167 υέν
246 2132 268 2188 ῳ
287 2106 459 2176 στασιάζουσι
479 2108 524 2168 καὶ
546 2109 737 2169 ὑποπτεύουσιν
755 2109 886 2181 ἀλλήλους
905 2110 1022 2170 καλ“

115 2235 123 2248 .
176 2216 190 2251 υ
202 2195 334 2274 ἡγεμόνας
346 2196 493 2277 έχουσινῆ
467 2196 593 2276 απεέροας
616 2197 743 2271 πολέμου.
786 2196 819 2258 Ἃ
837 2192 936 2274 μὲν
906 2223 951 2259 ουν

177 2307 192 2342 u
208 2285 376 2345 υποτίθεσθαι
388 2284 441 2345 ἔδει
455 2284 542 2365 λόγοις
551 2286 598 2347 καλ
610 2294 745 2365 παραινεῖν
767 2286 870 2368 ρίλοις,
883 2287 951 2362 μετὰ

176 2372 291 2447 σπαίοης
315 2374 416 2440 εὐνοίας
445 2374 489 2432 καὶ
513 2374 626 2441 πίστεως
649 2372 775 2455 εἰρημένα
798 2375 842 2434 θπ’
869 2375 950 2454 έμοῦ,

175 2484 190 2519 (ι
203 2466 276 2521 ταῦτ’
288 2467 291 2471 ’
301 2460 383 2524 ἐστίν.
427 2461 458 2523 Ἃ
481 2462 508 2522 δέ
529 2461 592 2544 παρ’
608 2461 675 2522 αὐτὰ
691 2467 725 2522 τὰ
743 2461 808 2541 ἔργα
824 2463 950 2523 ἑκάστοτε

176 2550 368 2658 «προορᾶσθαί
381 2576 410 2612 τε
431 2551 477 2612 καί
498 2557 670 2632 μηχανᾶσθαι
687 2551 791 2625 δεήσει,
809 2552 862 2618 τοῖς
884 2556 952 2630 ἡγε-

174 2659 188 2694 (ι
205 2660 268 2712 μοσι
281 2643 328 2710 τῆς
343 2640 477 2717 δυνάμεως
496 2640 656 2722 ἐπιτρέψατε
670 2597 839 2700 διανοεῖσθαι.
877 2642 920 2719 Πρ
922 2640 951 2700 ό·

171 2753 184 2780 r
200 2731 280 2804 θυμον
295 2726 402 2807 γάρ
360 2752 406 2786 και
425 2727 522 2802 τοθμθν
538 2726 629 2801 ἔσται,
645 2719 713 2787 έν
693 2753 716 2787 ω
730 2729 762 2786 ἀν
785 2751 819 2805 με
834 2727 948 2841 τάττητε

173 2817 291 2896 «τόπῳ,
307 2816 353 2874 καλ
365 2815 527 2896 πειράσομαι
550 2771 661 2890 μηδεύὸς
681 2787 770 2874 είναι
763 2816 859 2896 χείρων
882 2819 949 2892 μήτε

174 2904 365 2985 «στρατιώτου
392 2905 459 2982 μήτε
485 2907 601 2984 λοχαγου
623 2903 692 2981 μήτε
716 2906 857 2984 ἡγεμόνος·
878 2905 948 2965 ἀλλά

173 2994 373 3075 «καταχρῆσθέ
387 3016 433 3070 μοι
445 2990 582 3068 λαθόντες,
606 2992 671 3052 ὅπου
686 2991 718 3051 ἀν
737 2994 827 3071 μέλλω
840 3017 866 3054 τι
881 2997 949 3071 ὑμᾶς

107 3082 367 3164 madentem,
396 3083 441 3143 και
461 3073 490 3142 εν
504 3080 560 3142 ἴστε
579 3081 634 3156 ότι,
646 3086 669 3143 εἰ
688 3084 847 3160 παλεμῶν“
825 3091 886 3143 υυῐν
901 3107 951 3161 με·

172 3171 271 3248 σγάλα
288 3171 416 3251 βλάπτειν
430 3169 538 3237 δυνατός
558 3162 607 3244 ήν,
623 3195 668 3229 και
683 3171 729 3231 σθν
743 3174 803 3249 υμῖν
827 3142 950 3257 ἀγωνιζό·

170 3284 185 3319 ε
203 3284 280 3339 μενος
296 3259 401 3337 μεγάλα
415 3259 561 3336 δυνήσομαι
572 3260 693 3340 ὠρελεῖν.
708 3283 722 3319 u

210 3351 262 3412 lx.
283 3351 403 3410 Τοιαῦτα
418 3347 465 3426 μέν
483 3351 497 3406 ό
516 3347 638 3427 Μάρκιος
649 3339 733 3410 εἶπεν.
778 3351 814 3410 Oi
826 3349 854 3410 δέ
873 3352 947 3411 ooo-

166 3441 283 3510 λοῦσκοι,
296 3436 415 3513 λέγοντός
427 3460 456 3497 τε
470 3443 518 3497 τοῦ
536 3436 628 3517 ἀνδρὸς
643 3438 696 3509 ἔτι,
711 3437 787 3509 δῆλοι
798 3430 867 3511 ἦσαν
880 3437 949 3517 ἀγέ-

106 3550 139 3589 ae
170 3548 246 3603 μενοι
258 3527 317 3595 τοθς
329 3525 435 3605 λόγους·
450 3524 497 3585 καλ
512 3525 602 3599 ἐπειδὴ
616 3524 761 3602 ἐπαύσατο,
779 3526 881 3604 μεγάλῃ
898 3530 947 3604 βοῇ

169 3614 266 3681 πάντες
278 3612 479 3691 έπεσημήναντο
508 3616 544 3681 ώς
564 3612 598 3672 τά
614 3612 744 3693 κράτιστα
757 3613 946 3693 ὑποτιθεμένῳ·

171 3701 250 3782 λόγω
272 3725 302 3762 τε
324 3703 408 3763 οὐδενὶ
428 3701 566 3784 προθέντες
588 3704 740 3783 ἐπικυροῦσι
762 3700 811 3772 τὴν
829 3698 947 3779 γνώμην.

168 3793 191 3852 Γ
191 3790 318 3874 ραρέντος
329 3790 356 3851 δέ
366 3795 414 3851 τοῦ
427 3791 575 3870 δόγματος,
589 3793 663 3858 εθθλις
676 3788 703 3860 i}
717 3788 831 3865 ἑκάστης
844 3789 948 3860 πόλεως

166 3878 225 3947 τοὺς
239 3878 459 3962 ἐπιφανεστάτους
482 3879 578 3961 ἀνδρας
593 3877 712 3956 έλόμενοι
732 3879 895 3961 πρεσόευτάς
911 3885 947 3950 εἰς

107 3989 139 4029 ευ
166 3964 215 4037 τήν
228 3965 338 4042 Ῥώμην
353 3967 530 4028 ἀπέστειλαν·
558 3970 595 4049 τῷ
610 3968 638 4028 δέ
653 3968 769 4050 Μαρκίῳ
790 3969 948 4051 ψηφίζονται

168 4056 263 4133 βουλῆς
275 4079 304 4116 τε
333 4055 470 4138 μετουσίαν
483 4059 510 4117 έν
524 4057 614 4134 ἁπάσῃ
627 4055 715 4129 πόλει,
730 4055 777 4116 καί
791 4056 875 4138 ἀρχάς
884 4058 948 4128 έξεῖ·

164 4166 208 4202 ναι
222 4146 375 4223 πανταχόσε
399 4143 532 4257 μετιέναι,
557 4144 603 4203 καὶ
626 4146 678 4202 τῶν
698 4143 785 4203 σίλλων
807 4144 891 4204 ὁπόσα
904 4170 946 4205 τι,-

165 4229 287 4307 μιεέιτατα
302 4212 335 4306 ήν
348 4235 415 4313 παρ’
431 4234 521 4299 αθτοῖς
541 4233 674 4314 μετέχειν.
719 4233 775 4294 Καὶ
789 4231 851 4310 πρὶν
868 4233 883 4305 ἣ
899 4236 946 4303 τθς

164 4318 346 4399 ιῬωμαίων
331 4322 483 4410 αποκρίσεις
509 4324 664 4400 ἀναμεῖναι,
685 4322 781 4390 πάντες
803 4323 881 4403 έργαυ
906 4326 947 4385 εί·

106 4442 137 4483 ,ς
163 4432 242 4489 χοντο
257 4401 515 4517 παρασκευαζόμενοι
530 4411 563 4470 τθι
576 4412 703 4489 πολέμια
746 4410 828 4473 Ὅσοι
840 4435 868 4471 τε
878 4403 946 4486 ἦσαν

164 4498 250 4557 αὐτῶν
266 4498 405 4575 ἅθυμοι’
375 4521 440 4564 τεως
452 4489 613 4568 κακωθέντες
625 4502 652 4559 έν
666 4508 725 4567 ταῖς
739 4500 879 4580 προτέραις
890 4501 946 4575 μά-

163 4608 239 4665 χαις,
254 4585 313 4646 τότε
339 4585 434 4654 πάντες
456 4587 693 4667 ἐπερρώσθησαν
679 4613 715 4656 ως
738 4589 785 4663 τήν
802 4588 945 4666 Ρωμαίων

163 4675 365 4754 καθαιρήσοντες
381 4672 467 4755 ἰσχύν.
497 4677 532 4735 0I
550 4676 574 4734 δ’
589 4678 627 4743 εἰς
641 4676 688 4748 τὴν
703 4675 814 4752 Ῥώμην
826 4679 947 4737 ἀποστα-

162 4760 251 4829 λέντες
273 4766 319 4821 ύπ’
343 4767 427 4824 αὐτῶν
457 4762 595 4843 πρέσθεις,
620 4765 798 4831 καταστάντες
824 4763 868 4824 tari
897 4767 945 4837 τήν

103 4882 135 4923 ευ
164 4857 373 4936 βουλήν,ἶλεγον·
390 4855 478 4920 «Ὅτι
493 4858 668 4925 Οὐολούσκοις
692 4856 752 4938 περλ
775 4858 874 4917 πολλοῦ
888 4858 945 4918 ieri

165 4969 181 5003 ε
196 4947 396 5009 καταλύσασθαι
414 4949 448 5007 τά
459 4972 480 5006 π
497 4948 524 5016 θς
538 4946 691 5024 Ῥωμαίους
709 4946 882 5026 ἐγκλήματα,
897 4947 944 5008 καλ

163 5057 180 5094 τ
200 5035 244 5093 τὸν
259 5038 349 5098 λοιπὸν
361 5037 456 5118 χρόνον
471 4971 538 5096 τίνει
558 5035 641 5119 ρέλοις
655 5036 700 5095 καὶ
715 5035 866 5114 συμμάχοις
880 5035 943 5096 ἀνευ

163 5124 270 5184 αδολου
284 5128 330 5184 καὶ
351 5126 467 5200 ἀπάτης.
519 5124 649 5188 Ἐσεσθαι
664 5124 692 5183 δέ
706 5122 736 5182 τθ
747 5124 841 5183 πιστὸν
855 5125 943 5193 αὐτοῖς

160 5234 176 5270 α
193 5214 240 5283 τῆς
254 5212 342 5292 φιλίας
356 5212 487 5294 βέόαιον,
503 5216 526 5274 εἰ
540 5214 694 5293 κομίσαιντο
706 5216 755 5293 γ’ήν
772 5236 801 5273 τε
817 5212 864 5286 τήν
880 5215 943 5273 έαυ·

1727 394 1787 457 453

1010 545 1077 582 «τω
1088 533 1181 585 alienas
1197 548 1247 585 non
1260 535 1372 600 appetit,
1387 534 1431 587 sed
1448 534 1749 599 suestantunrreposeit,
1762 539 1789 613 et

1010 636 1125 688 «passm
1150 628 1275 692 repulsam
1296 630 1372 680 armis
1394 630 1435 680 tus
1452 644 1526 681 suum
1549 628 1714 693 persequitur
1741 606 1789 679 Iron

1011 717 1146 769 omnium
1164 719 1318 771 consessione
1329 721 1461 771 honestum
1478 723 1526 772 est
1559 719 1626 777 Quid
1642 724 1716 782 ergo?
1727 720 1787 784 quid

1010 808 1129 871 «putatis
1147 811 1269 860 Romanos
1291 810 1415 872 tacturos,
1437 812 1459 861 si
1482 825 1528 862 vos
1554 811 1609 861 baee
1633 814 1716 875 petere
1740 826 1788 862 νο·

1010 899 1154 951 «tueritne
1167 905 1252 952 utrum
1269 905 1382 954 vestrum
1397 918 1482 967 agrum
1503 903 1664 956 reddituros?
1683 910 1709 956 et
1729 906 1787 970 quid

1010 992 1144 1055 nrauhti,
1169 1008 1219 1057 quo
1239 997 1320 1047 miuus
1343 997 1418 1049 rebus
1441 999 1527 1050 alienia
1550 1000 1659 1051 cedant?
1684 1003 1789 1053 Venient

1010 1103 1023 1129 ι
1037 1085 1104 1136 enim
1116 1086 1205 1150 Equi,
1218 1086 1304 1137 atiani
1338 1090 1454 1150 Etrusci,
1466 1093 1493 1142 et
1511 1091 1584 1141 multi
1599 1092 1651 1153 alit,
1662 1097 1691 1144 ut
1702 1107 1789 1159 agrurn

1010 1196 1023 1220 u
1037 1190 1111 1226 suurn
1133 1184 1286 1243 recuperent.
1320 1184 1359 1231 An
1379 1185 1519 1233 retenturos
1539 1184 1594 1234 toea
1613 1187 1744 1249 nucupata,
1763 1189 1789 1236 et

1009 1286 1022 1311 υ
1037 1267 1108 1330 nituit,
1126 1270 1192 1332 quod
1204 1271 1352 1336 admotum,
1370 1276 1499 1329 tacturos?
1518 1280 1583 1344 Ergo
1598 1283 1666 1331 uerte
1685 1280 1720 1330 ita
1733 1279 1789 1343 opi-

1009 1382 1022 1406 «
1037 1375 1089 1412 ner.
1124 1364 1188 1427 Ergo
1203 1365 1347 1419 rosiuiuria
1363 1369 1396 1420 ab
1410 1370 1457 1422 illis
1469 1371 1598 1424 lacessitos
1618 1387 1673 1424 esse
1688 1377 1787 1434 testati,

1009 1475 1022 1497 α
1039 1468 1108 1505 arma
1126 1454 1181 1519 ipsa
1196 1459 1342 1511 necessitate
1362 1463 1442 1514 conati
1460 1465 1575 1529 capietis,
1597 1468 1623 1515 et
1640 1468 1720 1518 socios
1740 1468 1787 1518 ba-

1010 1570 1023 1592 .
1037 1548 1128 1599 bebitie
1141 1562 1243 1612 omnes,
1264 1558 1388 1618 quotquot
1402 1558 1477 1610 rebus
1492 1560 1544 1610 suis
1559 1561 1659 1625 spoIIati
1675 1562 1745 1612 aliter
1762 1574 1789 1612 se

1008 1661 1022 1686 a
1037 1654 1079 1693 eas
1092 1654 1168 1707 quam
1181 1645 1256 1695 armis
1273 1661 1419 1713 recuperare
1440 1666 1512 1716 posse
1525 1653 1697 1718 desperarunt.
1729 1657 1788 1705 iiase

1009 1746 1119 1793 «autem
1132 1744 1231 1795 occasio
1251 1750 1291 1797 est
1303 1752 1501 1814 peropportuna,
1516 1753 1542 1802 et
1559 1750 1640 1814 qualis
1659 1751 1728 1802 nuIIa
1741 1752 1788 1801 ali-r

1009 1849 1065 1887 use
1082 1835 1152 1887 robis
1166 1839 1269 1901 posthac
1291 1839 1387 1903 offeret,
1410 1843 1441 1894 ad
1463 1845 1587 1895 Romanos
1608 1845 1787 1906 inuadendum,

1009 1939 1117 1991 «quarn
1129 1941 1204 1991 supra
1217 1942 1285 1994 apem
1300 1932 1398 1982 tortum
1411 1933 1480 1984 robis
1491 1933 1606 1986 iniuriam
1617 1938 1698 2001 passis
1711 1939 1786 1989 obtu-

1009 2019 1075 2081 «tii,
1088 2019 1150 2070 dum
1159 2019 1195 2071 ilii
1209 2022 1329 2076 seditione
1341 2024 1452 2077 laborant
1467 2031 1494 2079 et
1504 2029 1552 2079 sibi
1561 2028 1668 2081 inuicem
1680 2034 1789 2096 suspecti

1010 2117 1106 2176 «sunt,
1116 2114 1241 2179 ducesque
1254 2116 1350 2167 militiis
1361 2116 1489 2181 imperitos
1500 2118 1600 2170 babent.
1635 2121 1695 2171 Heee
1713 2119 1789 2183 igitur

1009 2205 1109 2262 «suut,
1124 2215 1181 2264 quaa
1192 2201 1318 2252 suadenda
1334 2203 1416 2255 verbis
1428 2207 1454 2255 et
1467 2204 1498 2255 de
1509 2204 1600 2269 quibus
1611 2206 1705 2257 amieos
1717 2221 1788 2256 surn-

1008 2303 1021 2327 «
1037 2299 1079 2335 ma
1100 2285 1270 2338 benevolentia
1303 2302 1332 2338 ae
1354 2289 1391 2339 sie
1414 2291 1564 2351 monendos,
1588 2294 1682 2357 putavi.
1726 2297 1788 2352 Qum

1008 2391 1020 2413 «
1033 2386 1092 2424 vero
1116 2375 1142 2424 in
1164 2374 1218 2439 ipso
1232 2376 1330 2437 negotio
1344 2378 1371 2426 et
1391 2377 1494 2429 oonsilio
1515 2379 1666 2442 providenda
1687 2385 1713 2432 et
1734 2386 1788 2432 arte

1007 2461 1197 2526 «excogitanda
1211 2466 1299 2525 erunt,
1312 2476 1342 2514 ea
1352 2464 1487 2529 -eopiarum
1505 2466 1698 2531 imperatoribus
1717 2469 1786 2531 eopi-

1009 2550 1111 2601 «tanda
1128 2552 1286 2615 permittetis.
1328 2554 1381 2617 Ego
1406 2545 1487 2616 enim,
1510 2569 1683 2620 quemcunque
1704 2557 1787 2607 Iocum

1007 2657 1020 2682 s
1036 2638 1313 2703 murmuraveritis,
1337 2640 1363 2691 in
1383 2654 1413 2691 eo
1436 2643 1564 2693 manullo
1586 2643 1627 2694 rei
1646 2643 1725 2694 mitite
1747 2645 1787 2695 ret

1007 2746 1020 2770 r
1036 2728 1180 2779 centurione
1200 2727 1239 2779 vei
1255 2727 1319 2778 duce
1330 2725 1479 2780 deteriorem
1492 2732 1610 2795 praestare
1625 2732 1692 2782 omni
1704 2732 1787 2782 studio

1007 2834 1020 2858 «ι
1035 2815 1161 2866 conabor:
1184 2830 1262 2879 quare
1277 2830 1333 2868 mea
1352 2830 1426 2881 opera
1445 2819 1563 2881 ntandei,
1584 2818 1610 2870 in
1631 2820 1784 2883 quibuscun-

1008 2921 1020 2945 ο
1035 2915 1085 2967 que
1104 2903 1178 2953 rebus
1199 2901 1270 2954 uobis
1300 2902 1417 2967 prodesse
1443 2918 1562 2970 possum,
1585 2909 1661 2972 atque
1682 2921 1786 2972 persua·

1007 3008 1019 3032 ν
1035 3003 1092 3039 aum
1115 2990 1240 3050 babeatis,
1263 3003 1319 3051 me,
1345 2992 1389 3055 qui
1420 2991 1499 3044 bostis
1527 3007 1616 3059 magua
1638 2993 1786 3046 detrimenta

1006 3095 1019 3119 «ι
1037 3077 1108 3128 uobis
1121 3079 1208 3129 atterre
1222 3072 1307 3142 potui,
1319 3092 1386 3130 nune
1395 3093 1494 3146 quoque
1509 3081 1606 3133 socium
1620 3094 1708 3146 magna
1720 3096 1786 3133 corn·

1006 3183 1019 3208 u
1034 3164 1108 3215 moda
1126 3166 1199 3217 vobis
1212 3167 1302 3231 afferre
1317 3182 1397 3231 posse.
1411 3189 1424 3213 ν

1037 3355 1078 3403 ΙΧ.
1096 3356 1157 3405 Haeo
1175 3354 1240 3406 dixit
1250 3356 1367 3407 Marcius.
1391 3359 1457 3407 Dum
1469 3361 1554 3410 autern
1572 3357 1655 3410 adbuc
1669 3359 1782 3424 loquare·

1005 3458 1055 3516 tur,
1068 3456 1170 3508 Volsone
1182 3456 1238 3508 eius
1251 3458 1327 3509 rerba
1341 3458 1455 3511 lubenter
1474 3460 1560 3511 audire
1576 3462 1713 3526 apparebat
1729 3477 1736 3508 ε
1758 3467 1785 3514 et

1003 3567 1060 3604 enm
1074 3553 1147 3605 tinem
1160 3556 1257 3607 dicendi
1271 3557 1386 3618 iecisset,
1396 3558 1489 3622 ingenti
1500 3558 1608 3610 elamore
1620 3573 1679 3611 eum
1688 3562 1783 3626 optime

1002 3669 1103 3707 mouere
1132 3657 1301 3722 atquibearunt
1320 3678 1327 3708 ι
1346 3663 1373 3711 et
1391 3661 1452 3711 nulli
1474 3660 1581 3725 amptius
1597 3663 1663 3713 taeta
1685 3663 1783 3715 dicendi

1003 3761 1140 3826 eopiaeIus
1162 3761 1310 3813 sententiam
1329 3765 1409 3813 ratam
1429 3763 1548 3814 iecerunt.
1584 3767 1667 3822 Quare
1690 3766 1783 3831 scripto

1003 3858 1104 3911 decreto
1127 3858 1259 3911 confestim
1278 3874 1311 3911 ex
1328 3860 1430 3925 siugulis
1451 3860 1593 3911 civitatibus
1617 3861 1782 3915 nobilissimos

1001 3976 1113 4028 quosque
1124 3963 1191 4013 viros
1202 3961 1363 4027 delegerunt,
1377 3964 1531 4025 Romamque
1543 3961 1663 4025 legarunt.
1689 3965 1782 4016 biarcio

1001 4077 1062 4116 vero
1074 4065 1178 4117 inomni
1194 4065 1295 4115 civitate
1311 4063 1353 4113 ins
1370 4059 1501 4111 senatorIae
1513 4058 1644 4123 dignitatis
1656 4064 1682 4112 et
1692 4075 1781 4125 pereu-

1001 4155 1091 4208 dorum
1115 4158 1209 4224 ubique
1235 4156 1408 4220 magistratum
1433 4156 1459 4204 et
1482 4153 1779 4219 autumnitanorum,

1001 4256 1124 4319 quotquot
1144 4255 1210 4320 apud
1230 4255 1298 4319 ipsos
1316 4252 1418 4304 maximi
1431 4254 1502 4313 sunt,
1526 4249 1697 4303 decreuerunt.
1731 4257 1781 4306 Nee

1002 4350 1150 4413 exspectatis
1171 4351 1256 4415 popuii
1281 4350 1385 4401 Romani
1404 4348 1543 4413 responsis,
1559 4361 1646 4399 omues
1667 4363 1720 4400 rem
1734 4362 1780 4411 ag-

1001 4444 1180 4509 gressibeilum
1198 4446 1339 4510 parabant:
1357 4450 1383 4496 et
1403 4447 1528 4509 quotquot
1547 4457 1578 4495 ex
1599 4444 1662 4500 iltis,
1689 4445 1780 4504 proetiis

1000 4539 1169 4604 superioribus
1185 4540 1257 4592 tincti
1271 4540 1417 4592 demissiore
1426 4543 1497 4591 eraut
1509 4539 1601 4599 mimo,
1612 4540 1673 4588 tuue
1684 4551 1778 4600 omues,

1000 4637 1071 4688 vetut
1082 4636 1184 4687 Romani
1201 4636 1296 4701 imperii
1308 4637 1443 4702 potentiam
1456 4633 1581 4693 eversuri,
1597 4631 1665 4682 vires
1676 4633 1780 4698 eollege-

999 4737 1067 4785 runt.
1101 4733 1185 4798 Legati
1199 4734 1283 4784 autem
1303 4732 1336 4783 ab
1349 4733 1410 4797 ipsis
1427 4734 1529 4781 Itomarn
1549 4728 1632 4787 nnbat,
1648 4732 1778 4793 postquam

999 4828 1024 4878 in
1035 4828 1130 4878 curiam
1141 4826 1273 4877 introducti
1288 4829 1346 4877 sunt
1368 4845 1375 4875 ι
1395 4846 1407 4868 ν
1418 4824 1502 4874 Volsci
1516 4823 1525 4887 (
1533 4821 1694 4885 Inquiebaut)
1707 4835 1777 4887 mag-

1000 4944 1013 4969 «
1030 4938 1119 4988 nupera
1139 4924 1245 4988 eupiunt
1270 4935 1356 4974 omnes
1379 4919 1562 4971 controversias
1582 4919 1681 4981 tollere,
1706 4923 1732 4969 et
1752 4919 1778 4971 in

999 5038 1013 5063 ι
1026 5022 1152 5083 posterum
1165 5017 1251 5083 poputi
1265 5017 1369 5069 Romani
1387 5015 1463 5066 amici
1483 5019 1509 5065 et
1528 5014 1588 5065 socii
1605 5015 1657 5066 sine
1677 5013 1736 5066 dolo
1752 5020 1778 5067 et

998 5138 1011 5162 ε
1026 5115 1111 5167 traude
1124 5129 1188 5167 ease.
1224 5116 1329 5167 sirmam
1353 5119 1437 5166 autem
1468 5113 1584 5164 amicitire
1610 5113 1684 5164 iidem
1712 5114 1778 5165 inter

998 5236 1010 5262 r
1028 5222 1146 5282 utrosque
1164 5215 1217 5268 iore
1234 5216 1449 5277 demonstrabant,
1461 5215 1482 5264 si
1494 5227 1581 5277 agrurn
1592 5227 1668 5265 auum
1685 5216 1711 5265 et
1728 5228 1777 5278 op·
