4070 5926
241 393 300 454 ste

242 528 277 592 ὡς
292 524 517 601 ίκπολεμουμίνου
530 529 575 583 τοῦ
587 524 732 601 δημοτικοῦ
744 523 808 603 πρὸς
821 523 881 591 τοὺς
897 526 923 583 ἐν
940 524 1019 596 τίλει,

242 612 296 673 aias
309 614 357 685 τῆς
370 613 498 691 προτέρης
517 609 601 683 ἥττης
615 610 739 693 ἀμαχητὶ
753 612 894 691 γενομένης
906 611 1018 693 αἰσχύνη

242 699 458 779 παροξυνθέντες,
487 697 534 759 εἴτ’
550 698 595 760 ἀπὶ
615 708 674 768 ταῖς
687 704 789 760 ἑαυτῶν
807 702 934 779 δυνάμισι
954 703 1021 762 πολ·

243 792 302 857 λαῖς
333 786 423 856 οὔσαις
456 786 751 870 μιγαλοφρσννίσαντες,
780 787 832 848 είτι
860 789 905 850 διὰ
935 794 1021 849 ταῦτα

202 898 215 936 s
242 880 331 939 πάντα
349 877 473 954 πολεμεῖν
491 875 638 953 Ῥωμαίοις
660 877 817 956 διέγνωσαν.
863 875 917 936 Καί
942 898 1021 935 συνα-

243 966 366 1046 γαγόντες
380 965 406 1034 ἐξ
422 965 527 1039 ἀπάσης
545 964 647 1034 πόλεως
668 964 715 1037 τὴν
728 967 860 1044 νεότητα,
878 966 953 1044 μέρει
972 962 1021 1042 μίν

242 1078 294 1115 τινι
307 1059 354 1127 τῆς
369 1054 504 1131 δυνάμευις
519 1055 563 1112 ἐπὶ
579 1051 626 1121 τδς
650 1052 782 1133 Ἑρνίκων
799 1077 826 1112 τε
841 1054 887 1112 καὶ
899 1052 1021 1113 Λατίνων

244 1143 333 1212 πόλιος
347 1145 538 1224 ἐστράτευσαν,
562 1146 596 1222 τῇ
617 1142 645 1201 δέ
664 1141 794 1221 iotam
815 1142 930 1214 πλείστη
952 1139 976 1199 τ’
988 1131 1021 1212 ἦν

243 1231 290 1290 καλ
304 1231 451 1311 κρατίστη,
464 1230 522 1298 τοὺς
536 1230 581 1291 ἐπὶ
597 1230 643 1298 τὰς
659 1230 749 1297 πόλεις
764 1234 836 1312 σφῶν
852 1228 961 1302 ἥξοντας
982 1229 1022 1288 δέ·

190 1337 216 1378 io
244 1325 339 1400 χισθιιι
361 1320 483 1399 ίμελλον.
525 1318 622 1380 Ταῦτα
644 1327 756 1397 μαθοῦσι
780 1317 926 1395 Ῥωμαίοις
951 1317 1022 1387 ἔδοξε

246 1411 308 1488 διχῇ
332 1408 420 1488 νέμειν
434 1408 481 1477 τδις
505 1409 647 1485 δυνάμεις,
675 1406 721 1467 καί
746 1407 845 1489 τῇμέν
870 1407 948 1488 ίτέρορ
972 1408 1020 1478 τὴν

245 1495 373 1576 Ἑρνίκων
387 1520 415 1556 τε
429 1496 476 1556 καὶ
497 1496 617 1558 Λατίνων
633 1495 677 1555 isi
700 1497 820 1577 φυλακῆς
840 1496 924 1576 ἐχειν,
945 1491 1022 1575 τηδέ

245 1588 322 1667 έτέρφι
335 1588 383 1660 τὴν
397 1584 573 1647 Οὐολούσκων
591 1585 742 1657 λεηλατεῖν.

286 1676 440 1737 LXXXlV.
463 1672 731 1753 Διακληρωσαμένων
746 1670 774 1732 δέ
788 1675 841 1731 τῶν
854 1670 962 1731 ὑπάτων
974 1669 1021 1738 τδις

193 1787 216 1826 ts
248 1763 384 1842 δυνάμεις,
405 1765 439 1830 ῶς
465 1762 531 1822 ἔστιν
547 1760 635 1828 αὐτοῖς
659 1760 732 1833 ἔθος,
757 1760 787 1821 τδ
802 1762 850 1838 μὲν
875 1758 1022 1840 ἐπικουρεῖν

247 1853 343 1930 μελλον
359 1855 412 1920 τοῖς
438 1850 588 1931 συμμάχοις
611 1851 766 1931 στράτευμα
794 1851 903 1911 Καίσων
918 1847 1022 1915 illidio<

244 1939 395 2022 παρέλαόε·
411 1938 518 2020 θάτερον
534 1940 562 1997 δέ
584 1940 693 2005 Λεύκιος
713 1940 781 2019 ἐχων
796 1939 839 1998 ἐπί
857 1936 904 2009 τὴν
920 1936 1022 1994 ’λντια-

244 2032 296 2087 τῶν
311 2021 359 2109 ἥγε
375 2030 463 2089 πόλιν.
507 2027 650 2105 Γενόμενος
674 2027 702 2087 δί
725 2028 838 2098 πλησίον
870 2030 922 2085 τῶν
944 2025 1021 2104 θρίων

245 2116 291 2176 καί
308 2115 421 2176 κατιδὼν
436 2114 483 2185 τὰς
506 2119 559 2174 τῶν
578 2114 713 2192 πολεμίων
734 2116 875 2191 δυνάμεις,
898 2114 956 2173 τότε
973 2113 1022 2189 μὲγ

192 2232 219 2274 20
246 2202 596 2286 ἀντικατεστρατοπέδευσεν
609 2205 652 2263 ἐπὶ
665 2203 762 2285 λόφου·
778 2210 835 2270 ταῖς
848 2205 871 2262 δ’
886 2201 944 2273 ίξῆς
958 2201 1023 2278 ἠμί·

246 2318 303 2374 ραις
320 2295 437 2362 ἐξιόντων
453 2296 488 2360 εἰς
502 2294 532 2353 τδ
547 2292 637 2352 πεδίον
651 2297 704 2352 τῶν
719 2291 855 2370 πολεμίων
870 2291 967 2368 θαμινά
977 2291 1022 2348 καὶ

245 2384 466 2464 προκαλουμένων
488 2385 524 2450 είς
540 2381 650 2461 μάχην,
671 2381 750 2454 ἡνίκα
766 2382 811 2439 τὸν
833 2382 929 2440 οἰκεῖον
951 2379 1021 2460 ἐχειν

244 2471 336 2552 καιρδν
352 2469 554 2546 θπελάμόανεν,
569 2470 644 2548 ἐξῆγε
666 2470 715 2538 τὰς
736 2468 878 2546 δυνάμεις·
898 2469 945 2527 καὶ
960 2470 1021 2547 πρὶν

246 2563 283 2628 εἷς
294 2562 385 2641 χεῖρας
397 2562 498 2633 ἐλθεῖν,
511 2557 679 2639 παρακλήσει
688 2580 718 2616 τε
732 2560 819 2639 πολλῇ
833 2558 879 2617 καί
890 2557 1023 2618 ἐπικελεύ-

191 2672 218 2713 at
247 2672 287 2710 σει
307 2649 491 2731 χρησάμενος,
512 2649 633 2708 ἐκέλευσε
656 2647 793 2725 σημαίνειν
817 2648 848 2709 τδ
872 2648 1022 2724 πολεμικόν·

247 2738 292 2797 καλ
314 2740 338 2798 ol
362 2740 524 2819 arpennibus
548 2738 579 2798 τδ
593 2738 703 2809 σύνηθες
726 2736 906 2805 ἀλαλάξαντας
933 2737 1023 2813 ἀθρόοι

245 2825 315 2884 κατὰ
334 2825 443 2906 σπείρας
459 2848 488 2885 τι
503 2827 548 2887 καί
562 2827 632 2887 κατὰ
646 2826 741 2908 λόχους
755 2826 928 2887 συνίόαλλον.
972 2824 1035 2893 Ὡς4

245 2914 273 2972 δὲ
289 2912 336 2983 sie
356 2915 455 2996 λόγχας
472 2915 518 2974 καὶ
533 2917 567 2975 τά
582 2916 677 2976 σαυνία
691 2917 738 2975 καὶ
755 2915 805 2976 όσα
819 2907 890 2997 είχον
905 2915 1022 2989 ίκηθόλα

246 3002 430 3081 ἐξανάλωσαν,
448 3007 615 3083 σπασάμενοι
630 3004 664 3063 sd
687 3004 747 3087 ξίφη
770 3007 959 3086 συρράττουσιν
972 3008 1023 3066 ἀλ-

191 3112 218 3153 eo
246 3094 335 3165 λήλοις
349 3098 392 3175 ίσῃ
404 3094 491 3175 τόλμῃ
505 3118 534 3155 τι
549 3094 596 3154 καλ
615 3095 740 3174 ἐπιθυμία
754 3101 801 3154 τοῦ
816 3100 915 3174 ἀγῶνος
929 3095 1022 3157 broiss-

247 3205 286 3262 ροι
300 3183 448 3263 χρώμενοι·
462 3177 495 3257 ἦν
506 3207 555 3257 τε,
574 3188 610 3251 ὡς
627 3183 674 3242 καὶ
694 3183 821 3265 πρότερον
837 3185 902 3267 ἔφην
913 3230 921 3258 ,
934 3186 1022 3265 παρα·

245 3270 356 3344 πλήσιος
370 3273 458 3339 αὐτοῖς
470 3277 484 3331 θ
498 3276 547 3332 τοῦ
562 3273 662 3348 ἀγῶνος
677 3272 788 3353 τρόπος,
801 3275 849 3333 καὶ
867 3272 926 3333 οὔτε
944 3280 961 3346 ἡ
975 3297 1024 3334 σο-

246 3359 294 3436 φία
318 3358 363 3417 καὶ
380 3358 397 3430 ἡ
417 3360 543 3440 ἐμπειρία
561 3360 705 3437 Ῥωμαίων
727 3362 787 3440 περὶ
807 3361 854 3429 τὰς
869 3361 977 3441 μάχας,
1002 3354 1021 3436 ἧ

246 3446 379 3527 χρώμενοι
394 3446 427 3506 ei
449 3446 536 3508 πολλὰ
550 3448 729 3527 ἐπεκράτουν,
745 3448 805 3508 οὔτε
819 3450 850 3509 τὸ
869 3450 1023 3531 καρτερικὸν

191 3551 217 3591 st
246 3534 293 3593 nei
306 3535 474 3617 ταλαίπωρον
489 3538 582 3604 ἐντοῖς
596 3535 684 3603 πόνοις
698 3537 741 3595 διδ
755 3541 859 3598 πολλῶν
873 3539 1024 3616 ἠσκημένον

247 3623 357 3703 ἀγώνων
372 3623 527 3704 ἐπεκράτιι·
541 3625 574 3684 τὰ
589 3624 640 3705 γὰρ
655 3624 724 3684 αὖτδι
738 3627 858 3707 καὶπερὶ
873 3625 933 3695 τοὺς
945 3632 1024 3688 πολε-

246 3715 319 3791 μίους
334 3704 383 3786 ἦν,
407 3711 433 3781 ἐξ
452 3704 481 3772 οὗ
498 3713 618 3794 Μάρκιον
633 3714 751 3793 ἡγεμόνα
773 3714 917 3793 Ῥωμαίων
933 3718 964 3776 οὐ
978 3718 1022 3776 τὸν

246 3803 426 3882 ἀφανέστατον
464 3801 649 3883 στρατηλατὴν
686 3803 779 3884 ἔσχον·
814 3805 872 3863 ἀλλ’
904 3807 1024 3887 ἀντεῖχον

246 3894 366 3972 ἑκάτεροι
386 3897 433 3964 τῆς
453 3892 559 3974 χώρας,
573 3893 598 3951 ἐν
620 3892 682 3970 ᾑτδ
703 3897 809 3973 πρῶτον
824 3892 956 3965 ἔστησαν,
975 3897 1024 3975 οὐχ

191 3999 219 4040 to
246 3981 392 4061 ὑφιέμενοι.
445 3979 562 4040 Ἔπειτα
585 3978 655 4039 κατά
682 3979 777 4060 μικρὸν
804 3984 829 4041 οἱ
856 3984 1022 4044 Οὐολοῦσκοι

245 4069 397 4148 ὑπεχώρουν
423 4074 452 4130 ἐν
474 4069 568 4151 κόσμῳ
594 4092 623 4128 τε
648 4069 695 4130 καὶ
717 4069 788 4139 τάξει
810 4070 947 4150 δεχόμενοι
964 4072 1023 4140 τοὺς

245 4155 406 4232 Ῥωμαίους.
450 4158 634 4238 Στρατηγημα
648 4158 676 4217 δὲ
690 4166 766 4219 τοῦτο
780 4149 832 4234 ἦν,
847 4157 890 4218 ίνιι
906 4161 1021 4222 διασπά-

244 4245 312 4306 σωσί
327 4268 355 4305 τε
370 4246 455 4306 αὗτῶν
470 4247 517 4315 τὰς
528 4246 614 4317 τάξεις
625 4247 671 4306 καί
686 4245 713 4316 ἐξ
728 4246 879 4328 ὑπερδεξίου
894 4247 1022 4330 γίνωνται

241 4356 283 4392 *ω
302 4332 351 4396 ίου.

191 4441 218 4479 as
241 4358 262 4414 k
285 4357 426 4480 {XXXV
451 4422 487 4481 Ol
502 4421 524 4479 δ’
539 4423 715 4493 θπολαθόντες
732 4425 824 4496 αὐτοὺς
839 4429 930 4511 ἀρχειν
944 4439 1026 4513 φυγῖς

245 4508 386 4580 ἠκολούθον
403 4510 486 4588 βάδην
505 4509 552 4585 μὲν
580 4514 688 4572 ἀπιοῦσι
707 4515 752 4575 καὶ
773 4516 846 4577 αιἰτολ
862 4519 909 4578 σὺν
932 4522 1025 4604 κόσμῳ

245 4596 385 4676 ἑπόμενοι·
397 4598 487 4670 ἐπειδὴ
500 4597 528 4657 δέ
540 4599 629 4683 δρόμῳ
639 4608 789 4683 χωροῦντας
802 4608 845 4667 ἐπί
859 4608 904 4666 τδν
916 4610 1024 4690 χάρακα

241 4688 398 4768 ἐθεάσαντο,
422 4689 518 4773 ταχιίφ
544 4690 590 4752 καλ
610 4693 684 4753 edroi
699 4693 785 4762 διώξει
802 4695 848 4754 καί
863 4696 1019 4775 ἀσυντάκτῳ

238 4777 382 4857 χρώμενοι.
426 4782 462 4841 0i
478 4778 505 4840 δέ
521 4781 553 4856 δὴ
569 4783 716 4856 τελευταῖοί
733 4806 762 4843 τε
779 4784 824 4843 καί
840 4783 1017 4861 ὀπισθοφυλα-

184 4883 212 4922 so
239 4872 343 4933 κοῦντες
357 4866 431 4947 λόχοι
443 4871 548 4951 νεκρούς
562 4871 585 4931 τ’
598 4871 755 4945 ἐσκύλευον,
775 4875 811 4942 ῶς
825 4869 1018 4953 κεκρατηκότες

238 4952 289 5026 ἤδη
312 4957 364 5014 τῶν
388 4959 541 5036 πολεμίων,
566 4962 612 5021 καί
637 4963 678 5041 ἐφ’
701 4959 824 5039 ἁρπαγὴν
856 4965 903 5034 τῆς
927 4962 1018 5044 χώρας

238 5041 389 5113 ἐτράποντο.
433 5048 569 5118 Μαθόντες
580 5047 609 5108 δέ
624 5052 647 5107 oi
661 5051 825 5111 Οὐολοῦσκοι
840 5056 936 5127 ταῦτα,
950 5049 978 5110 σί
987 5075 1016 5110 τε

239 5127 315 5196 δόξαν
338 5134 519 5213 παρασχόντες
538 5141 637 5218 φυγῆς,
657 5137 748 5209 ἐπειδὴ
768 5146 822 5207 τοῖς
842 5139 954 5220 ἐρόμασι
971 5145 1017 5200 τοῦ

240 5217 357 5297 χάρακος
369 5221 547 5299 ἐπλησίασαν,
566 5227 774 5308 ὑποστραφέντες
787 5227 915 5302 ἔστησαν·
931 5227 1016 5291 καλοί

761 389 929 453 DlONYSil
953 387 1329 452 Httlcaebisscrtsts

1074 531 1127 581 siue
1138 529 1225 594 prmlio
1240 532 1349 593 acceptas
1370 525 1503 589 ignominia
1521 524 1635 590 impulsi,
1654 522 1707 575 sire
1724 521 1855 588 copiarum

1074 640 1176 677 suarum
1196 624 1356 676 multitudine
1370 623 1442 675 valde
1462 623 1537 684 elati,
1549 622 1603 673 sire
1622 620 1655 672 ob
1674 620 1750 671 besee
1767 633 1855 672 omnes

1074 723 1148 774 simul
1160 736 1261 775 eeussas
1276 723 1368 774 bellum
1389 721 1481 787 populo
1497 723 1609 772 Romano
1626 718 1719 770 inferre
1734 717 1855 770 decreve-

1075 824 1141 872 runt.
1175 825 1271 885 Atque.
1289 791 1415 871 connects
1428 832 1461 869 ex
1475 819 1592 869 omuibus
1604 815 1703 882 oppidis
1714 817 1852 879 iurentrrte,

1075 929 1133 967 cum
1149 917 1220 980 parte
1240 915 1368 980 copiarum
1389 917 1475 964 contra
1496 913 1617 965 Hernicos
1632 917 1658 964 et
1678 914 1778 964 Lutinros
1794 917 1854 964 sunt

1075 1015 1193 1080 proiecti3
1210 1027 1267 1064 cum
1293 1013 1387 1077 reliqua
1400 1015 1474 1077 (qum
1494 1017 1520 1064 et
1541 1013 1650 1064 maxims
1663 1016 1689 1063 et
1703 1013 1856 1062 validisnma

1075 1112 1144 1176 erat)
1156 1111 1267 1162 bostium
1279 1114 1366 1161 contra
1375 1109 1451 1162 urbes
1462 1124 1522 1162 suas
1533 1109 1718 1162 advenientium
1735 1110 1860 1174 trapetum

1074 1212 1212 1279 excepturi.
1247 1212 1379 1274 Romanis,
1395 1212 1435 1263 iris
1446 1211 1521 1264 rebus
1533 1213 1653 1276 cognitis,
1665 1212 1759 1277 placuit
1771 1214 1858 1277 copias

1076 1309 1189 1361 bifariam
1200 1308 1325 1369 dividere,
1336 1311 1364 1361 et
1374 1309 1478 1361 alteram
1490 1314 1587 1375 partem
1601 1311 1716 1361 Hernicis
1724 1314 1750 1361 et
1762 1311 1858 1362 Latinis

1076 1412 1190 1474 praesidio
1211 1411 1326 1474 mittere,
1345 1425 1403 1464 cum
1423 1413 1502 1465 alters
1521 1425 1582 1463 vero
1598 1425 1686 1476 agrum
1707 1410 1858 1463 Volscorurn

1074 1511 1193 1576 populari.

1108 1680 1236 1731 LXXXIV.
1254 1682 1430 1738 Quumautem
1439 1682 1554 1733 consules
1563 1681 1628 1734 inter
1641 1681 1762 1747 seeoples
1775 1681 1858 1735 scritti

1077 1772 1161 1817 essent
1170 1804 1178 1829 ,
1188 1773 1217 1820 ut
1229 1782 1283 1820 mos
1295 1773 1334 1820 est
1343 1769 1391 1821 iilis
1402 1810 1408 1831 ,
1418 1771 1516 1845 iioesoni
1525 1771 1602 1824 Fabio
1611 1772 1712 1824 obvenit
1721 1772 1858 1833 exereitus,

1078 1859 1123 1924 qui
1132 1859 1206 1910 sociis
1217 1864 1344 1927 suppetias
1353 1867 1407 1915 erat
1420 1865 1528 1926 laturus,
1538 1866 1630 1916 Lucius
1639 1879 1698 1917 vero
1709 1865 1815 1917 altarum
1827 1864 1860 1915 ed

1078 1954 1179 2007 Antium
1192 1955 1271 2008 duxit.
1288 1961 1373 2018 Quum
1382 1964 1466 2011 autem
1479 1960 1529 2012 lam
1537 1960 1569 2012 sd
1582 1961 1643 2013 tices
1656 1961 1819 2024 accessisset,
1833 1964 1860 2012 et

1081 2044 1191 2097 bostium
1212 2048 1295 2112 copias
1314 2051 1495 2115 conspexisset,
1517 2055 1578 2104 tunc
1597 2052 1698 2118 quidem
1717 2053 1742 2103 ia
1761 2052 1859 2104 tumulo

1079 2144 1162 2191 cestra
1171 2143 1315 2197 exedrerso
1327 2144 1410 2208 posuit
1419 2164 1425 2196 ι
1435 2145 1598 2211 aequantibus
1607 2145 1769 2203 serodiebus,
1779 2159 1859 2208 quum

1079 2230 1164 2283 bostes
1181 2246 1240 2283 suas
1255 2235 1338 2298 copias
1355 2235 1460 2287 subiade
1471 2238 1497 2288 in
1511 2250 1626 2302 campum
1638 2236 1817 2302 producerent,
1831 2241 1860 2289 et

1078 2322 1112 2373 ad
1130 2338 1237 2389 pugnam
1259 2331 1434 2391 provocarent,
1457 2329 1501 2378 ulti
1520 2333 1620 2392 tempus
1642 2342 1670 2381 se
1689 2334 1860 2394 opportunum

1077 2419 1177 2468 nectum
1192 2430 1247 2470 esse
1270 2422 1340 2469 retus
1368 2424 1420 2480 esi,
1444 2420 1529 2485 copies
1549 2419 1652 2482 eduxit;
1675 2424 1700 2472 et
1715 2422 1859 2486 priusquam

1077 2524 1166 2563 manus
1179 2516 1376 2574 consererentur,
1397 2514 1468 2580 ionga
1491 2515 1624 2567 monitione
1644 2519 1672 2567 et
1686 2516 1860 2568 adhortatione

1078 2616 1152 2669 usus,
1170 2604 1285 2656 bellicum
1305 2606 1360 2656 caci
1374 2606 1466 2657 iussit:
1481 2611 1557 2672 atque
1572 2608 1665 2659 milites
1676 2613 1796 2659 consueto
1807 2609 1859 2660 ela-

1078 2709 1148 2750 more
1159 2699 1258 2750 sublate
1269 2701 1387 2752 contestis
1400 2700 1530 2753 ordinibus
1539 2705 1566 2753 et
1580 2701 1725 2754 cohortibus
1738 2704 1860 2755 condixe-

1079 2795 1149 2845 runt.
1187 2795 1292 2845 Lanceis
1311 2808 1371 2845 vero
1389 2799 1415 2845 et
1436 2794 1538 2858 iaculis,
1559 2795 1710 2861 reliquisque
1724 2796 1862 2847 missilibus

1078 2886 1228 2948 consumtis,
1244 2887 1345 2949 utrique
1359 2887 1412 2950 pari
1425 2885 1528 2937 audacia
1540 2889 1618 2950 atque
1635 2888 1721 2937 studio
1734 2888 1861 2951 pugnandi

1079 2978 1173 3029 strictis
1187 2978 1275 3043 gladiis
1286 2979 1359 3030 alteri
1369 2979 1394 3029 iu
1411 2978 1504 3030 alteros
1513 2979 1648 3030 irruerunt.
1683 2979 1762 3030 Simili
1773 2981 1860 3040 etism,

1079 3072 1108 3119 ut
1118 3073 1176 3121 ante
1188 3070 1249 3132 diri,
1265 3084 1353 3136 pugne
1363 3084 1452 3136 genere
1465 3070 1502 3121 ilii
1516 3070 1661 3134 utebantur,
1675 3085 1722 3122 nec
1734 3074 1859 3123 Romano·

1078 3179 1134 3214 rum
1148 3165 1293 3229 prudentia,
1307 3179 1353 3216 nee
1374 3165 1410 3217 rei
1429 3164 1543 3216 militaris
1565 3164 1665 3228 peritis,
1680 3179 1731 3228 qua
1745 3166 1861 3230 plerum·

1076 3269 1125 3320 que
1140 3257 1240 3308 vincere
1249 3257 1379 3316 solebuut,
1393 3271 1438 3308 nee
1455 3256 1570 3308 laborum
1582 3257 1716 3309 tolerantia
1735 3258 1859 3310 indelessa

1077 3353 1104 3399 et
1113 3350 1185 3412 longa
1194 3350 1370 3400 exercitatione
1387 3353 1459 3414 parta
1478 3349 1591 3414 superior
1603 3351 1676 3401 erat:
1696 3363 1753 3400 nam
1767 3349 1856 3400 iisdem

1078 3443 1215 3494 virtutibus
1227 3445 1253 3494 et
1264 3441 1351 3494 hostes
1363 3442 1463 3507 prediti
1472 3446 1558 3506 erant,
1572 3455 1604 3494 ex
1617 3456 1669 3506 quo
1682 3442 1775 3502 Marcii,
1787 3441 1860 3493 baud

1077 3536 1246 3587 obscurissimi
1272 3538 1438 3586 Romanorum
1465 3535 1553 3598 ducis,
1581 3535 1703 3600 auspiciis
1730 3535 1861 3599 ductuque

1078 3628 1228 3690 milituranl;
1245 3627 1290 3679 sed
1306 3628 1404 3691 uirique
1416 3626 1581 3690 resistebant,
1597 3639 1643 3676 nec
1656 3625 1688 3696 de
1701 3626 1764 3688 loco,
1775 3626 1800 3676 in
1809 3641 1861 3691 quo

1078 3721 1185 3784 primum
1209 3723 1341 3779 steterant,
1370 3719 1570 3770 dimovebantur.
1603 3718 1699 3769 Deinde
1728 3719 1860 3783 paullatim

1081 3812 1162 3863 Volsci
1173 3811 1261 3877 pedem
1273 3811 1428 3871 reserebant,
1439 3813 1544 3863 servatis
1557 3811 1688 3863 ordinibus
1700 3817 1727 3864 et
1740 3814 1794 3864 acie
1807 3813 1860 3863 ins·

1079 3905 1160 3954 lrueta
1182 3905 1349 3954 Romanorum
1372 3905 1492 3967 impetum
1509 3903 1666 3968 excipientes.
1702 3906 1758 3955 Hoc
1776 3908 1862 3956 autern

1078 4000 1133 4048 erat
1154 3998 1317 4059 stratagema,
1332 4000 1361 4046 ut
1373 4010 1461 4047 eorum
1472 3996 1573 4049 ordines
1587 3996 1754 4060 divellerent,
1768 4011 1862 4064 eosque

1077 4092 1109 4143 de
1120 4089 1241 4155 superiori
1253 4089 1308 4142 looo
1320 4093 1440 4154 peterent.

1107 4437 1222 4487 LXXXV.
1244 4436 1283 4487 titi
1304 4448 1364 4486 vero
1383 4433 1487 4486 volscos
1503 4435 1568 4499 luge
1583 4434 1683 4486 initium
1701 4434 1784 4488 iacere
1802 4438 1861 4499 rati,

1077 4526 1103 4575 et
1123 4525 1171 4589 ipsi
1189 4525 1295 4576 serratis
1311 4525 1441 4577 ordinibus
1460 4524 1611 4590 pedetentim
1629 4524 1748 4577 cedentes
1770 4540 1863 4591 seque-

1075 4616 1173 4669 bantur.
1207 4617 1256 4669 Ubi
1278 4631 1338 4670 rero
1357 4632 1401 4669 eos
1422 4631 1498 4668 cursu
1513 4619 1595 4666 eastra
1616 4620 1702 4680 petere
1726 4616 1862 4677 viderunt,

1077 4705 1124 4770 ipsi
1135 4719 1236 4771 quoque
1245 4707 1360 4757 celeriter
1371 4709 1397 4757 et
1406 4703 1566 4769 incomposite
1579 4717 1622 4755 eos
1631 4705 1859 4769 persequebantur.

1077 4795 1176 4847 Ultimo
1193 4808 1253 4845 vero
1274 4794 1407 4855 centurias,
1427 4798 1453 4846 et
1472 4792 1600 4845 novissimi
1623 4792 1729 4857 agminis
1743 4794 1861 4845 custodes

1076 4883 1196 4934 cadavera
1208 4883 1360 4949 spoliabant,
1374 4887 1501 4947 tamquam
1513 4885 1583 4947 parta
1595 4881 1627 4933 de
1641 4880 1760 4933 hostibus
1778 4882 1860 4934 ricto-

1075 4972 1125 5033 ria,
1138 4976 1163 5023 et
1173 4986 1200 5024 se
1211 4973 1242 5023 ad
1253 4987 1341 5037 agrum
1358 4971 1527 5037 populandum
1540 4972 1675 5022 verterent.
1711 4971 1858 5022 Volscorum

1075 5073 1135 5112 vero
1144 5060 1184 5111 bis
1195 5061 1373 5113 animadversis
1385 5064 1411 5112 et
1422 5061 1445 5112 ei
1457 5060 1499 5125 qui
1512 5061 1577 5124 iuge
1590 5059 1732 5125 opinionem
1747 5061 1859 5125 praebue-

1077 5152 1143 5209 rant,
1156 5165 1235 5214 quum
1247 5151 1279 5202 ad
1290 5151 1349 5202 salli
1364 5150 1516 5200 munitiones
1530 5148 1782 5214 appropinquassent,
1802 5163 1858 5199 con·

1077 5239 1145 5291 versi
1158 5242 1290 5305 steterunt,
1304 5243 1330 5292 et
1340 5239 1360 5290 ii
1372 5238 1416 5306 qai
1431 5239 1456 5290 in
1468 5237 1557 5290 castris
1568 5241 1640 5291 erent
1653 5237 1750 5297 relicti,
1763 5236 1862 5303 apertis
