4052 5926
185 1396 211 1435 tn

184 2274 210 2313 20

184 2722 209 2761 θθ

182 3161 209 3201 θθ

184 3606 210 3644 ὐύ

183 4060 211 4099 60

183 4485 209 4523 lo

183 4949 209 4989 Μ)

235 420 295 481 tlt

235 551 317 630 λιμον
332 550 469 623 ἀπιτάδεια
484 551 612 629 εὐτρεπῆ,
626 547 762 627 προήγαγε
776 546 824 616 τὰς
839 547 961 623 δυνάμεις
976 547 1012 614 εἰς

238 636 378 720 ὐπαιθρον·
394 638 441 698 καὶ
454 637 554 698 τίθεται
567 635 732 717 στρατόπεδα
743 635 814 715 τρία,
828 640 887 696 καθ’
900 634 943 701 οὐς
956 635 1011 711 μά-

238 728 314 787 λιστα
330 725 503 805 ὐπελάμύανε
521 727 618 794 τόπους
633 724 789 797 ποιήσεσθαι
812 723 871 793 τούς
886 724 1014 788 Λατίνους

240 815 287 887 τὴν
302 812 403 894 ἔφοδον.
447 813 657 893 Ἐνθυμούμενος
675 813 703 874 δέ
721 816 761 873 ὅτι
779 813 911 895 φρονίμων
933 835 1015 893 στρα-

239 905 327 983 πηγῶν
348 906 432 977 ἐστιν,
446 906 476 963 οὐ
492 903 569 982 μόνον
592 903 625 963 sd
645 905 747 962 ἑαυτῶν
764 903 911 982 πράγματα
932 908 1015 962 ποιεῖν

241 992 353 1073 ίσχυρδι,
379 991 448 1051 ἀλλδι
471 991 517 1052 καί
541 990 576 1051 τδι
601 995 653 1052 τῶν
676 990 808 1069 πολεμίοιν
835 994 948 1065 ἀσθενῆ,
968 988 1015 1050 καί

240 1083 358 1163 μάλιστα
372 1080 420 1160 μίν
435 1079 497 1140 ἀνευ
513 1074 602 1161 μάχης
616 1082 661 1140 καὶ
673 1081 752 1141 πόνου
767 1080 943 1140 καταλύεσθαι
954 1076 1014 1146 τούς

239 1170 387 1247 πολέμους,
409 1171 432 1228 εί
446 1167 475 1228 δί
496 1170 533 1247 μή
546 1192 587 1250 γε,
599 1168 645 1230 σὺν
668 1168 798 1249 ἐλαχίστη
821 1174 867 1229 πού
881 1182 1013 1249 στρατιω-

239 1265 312 1318 τικοῦ
328 1256 444 1330 πλήθους
467 1259 588 1337 δαπάνῃ,
603 1258 727 1336 πολέμων
740 1283 769 1317 τε
790 1259 913 1319 ἁπάντων
935 1255 1013 1317 κακί·

239 1369 315 1415 στους
335 1346 481 1427 ἡγούμενος
494 1345 539 1406 καί
561 1347 674 1405 πλεῖστα
698 1347 804 1428 λυπηρά
821 1347 947 1427 έχοντας,
970 1344 1014 1414 οὐς

238 1433 302 1515 πρύς
317 1438 449 1515 συγγενεῖς
463 1434 508 1493 καλ
527 1432 616 1514 φίλους
630 1434 839 1514 ἀναγκαζόμενοί
850 1459 917 1502 τινες
938 1436 1014 1493 ἀναι-

238 1530 357 1603 ροῦνται,
381 1522 578 1604 ἐπιεικεστέρων
597 1524 698 1600 μᾶλλον
717 1520 734 1581 ἀ
758 1524 926 1604 δικαιοτέρων
948 1522 1014 1604 ᾤετο

238 1614 292 1674 δεῖν
307 1614 395 1682 αὐτοῖς
410 1612 567 1673 διαλύσεων.
610 1612 706 1695 Κρύφα
720 1636 749 1672 τε
768 1611 801 1684 δὴ
819 1614 933 1691 πέμπων
951 1612 1015 1691 πρὸς

236 1703 298 1772 τούς
313 1703 534 1783 ἐπιφανεστάτους
549 1706 602 1762 τῶν
617 1702 738 1761 Λατίνων
756 1703 922 1769 ἀνυπόπτους
943 1701 1014 1768 τινάς

237 1790 326 1851 ίπειθε
348 1790 437 1871 φιλίαν
457 1790 582 1868 πράττειν
597 1790 656 1857 ταῖς
673 1789 787 1865 πόλεσι,
803 1790 849 1849 καί
862 1792 892 1849 ἐκ
905 1793 951 1849 τοῦ
965 1811 1015 1871 φα·

236 1885 312 1960 νεροῶ
337 1878 547 1958 πρεσύευόμενος
571 1877 641 1938 κατὰ
666 1878 756 1947 πόλεις
778 1902 806 1939 τε
830 1878 876 1938 καὶ
899 1878 965 1957 πρδς
983 1877 1014 1938 τύ

236 1968 321 2029 κοινύν
348 1971 377 2028 οὐ
405 1971 529 2047 χαλεπῶς
549 1966 721 2048 έξειργάσατο
744 1966 839 2045 μηκέτι
862 1964 910 2040 τὴν
933 1964 1013 2038 αὐτὴν

237 2057 357 2124 ἀπαντας
381 2056 466 2133 ὁρμὴν
492 2056 563 2137 ἔχειν
585 2056 651 2136 πρὸς
671 2055 716 2116 τύν
740 2056 870 2134 πόλεμον·
897 2056 1014 2133 μάλιστα

237 2146 264 2206 δὲ
280 2145 371 2212 αὐτούς
385 2144 569 2226 ἐξεθεράπευσε
583 2144 629 2204 καλ
647 2145 785 2217 διαστῆναι
800 2145 867 2227 πρδς
880 2144 941 2214 τούς
951 2150 1014 2225 ἡγε-

237 2236 318 2313 μόνας
332 2235 441 2305 ἐποίησε
456 2232 500 2293 tsi
508 2232 632 2304 τοιαύτης
642 2234 800 2315 εὐεργεσίας.
822 2238 858 2296 Oi
877 2233 925 2308 τὴν
939 2237 1014 2294 αὐτο-

237 2326 353 2407 κράτορα
381 2323 571 2405 παρειληφότες
599 2322 720 2385 Λατίνων
750 2323 930 2405 στρατηγίαν,
951 2327 1016 2386 Μα-

238 2413 324 2492 μίλιός
339 2436 368 2471 τε
379 2413 426 2472 καί
445 2411 541 2481 Σέξτος
560 2414 587 2471 ἀν
603 2411 719 2492 Τύσκλῳ
741 2410 817 2473 πόλει
832 2410 879 2480 τδις
892 2410 1015 2489 δυνάμεις

237 2504 404 2583 συνέχοντες,
433 2501 661 2581 παρεσκευάζοντο
682 2501 729 2577 μὲν
753 2505 788 2568 ὡς
810 2501 947 2570 ἀλάσοντες
971 2499 1014 2560 ἐπί

236 2593 283 2667 τὴν
298 2590 424 2669 Ῥώμην,
441 2590 579 2650 ἐδαπάνων
592 2588 619 2650 δέ
633 2587 716 2649 πολύν
733 2592 768 2658 εἰς
783 2590 813 2648 τὸ
828 2588 933 2667 μέλλειν
949 2586 1014 2668 χρό-
1029 2664 1030 2668 ¹

236 2704 294 2753 νον,
309 2679 361 2741 είτε
385 2678 431 2745 τάς
451 2677 634 2757 ὑστεριζούσας
654 2676 827 2755 ἀναμένοντες
848 2679 937 2744 πόλεις
961 2674 1014 2735 elce

236 2771 288 2826 τῶν
300 2769 375 2846 ίερῶν
389 2768 477 2833 αὐτοῖς
496 2767 525 2824 οὐ
538 2765 681 2844 γινομένων
697 2767 795 2827 καλῶν.
818 2766 865 2825 Ἐν
879 2764 964 2844 τούτῳ
982 2765 1013 2836 δὴ

238 2859 275 2936 τῷ
289 2856 377 2935 χρόνῳ
391 2855 458 2921 τινές
474 2856 694 2930 ἀποσκιδνάμενοι
709 2861 755 2915 τοῦ
774 2855 951 2935 στρατοπέδου
966 2852 1015 2927 τλν

236 2943 327 3024 χώραν
353 2949 405 3003 τῶν
429 2942 574 3018 Ῥωμαίων
596 2944 732 3023 ἐπόρθουν.
776 2947 862 3005 Τοῦτο
886 2941 976 3018 μαθὼν
1000 2945 1015 3000 θ

236 3032 352 3110 Λάρκιος
367 3030 525 3091 ἀποστέλλει
538 3029 582 3087 τὸν
599 3031 721 3091 Κλοίλιον
742 3032 784 3090 ἀπ’
806 3031 900 3099 αὐτοὺς
917 3032 1015 3110 ἀγοντα

237 3123 288 3179 τῶν
311 3117 413 3179 ίππίων
439 3142 468 3178 τε
492 3116 538 3177 καί
560 3117 644 3196 ψιλῶν
668 3118 727 3188 τούς
751 3119 963 3197 ἀνδρειοτάτους,
988 3118 1016 3186 ὃς

237 3209 371 3288 ἀπιφανεὶς
397 3208 485 3274 αὐτοῖς
513 3206 710 3287 ἀπροσδόκητος
742 3208 844 3284 ὀλίγους
866 3207 914 3283 μέν
942 3229 1015 3273 τινας

236 3296 386 3357 ἀποκτείνει
403 3296 569 3376 μαχόμενος,
590 3293 650 3364 τούς
665 3295 692 3356 δὲ
710 3295 815 3363 λοιποὺς
830 3294 1015 3376 αἰχμαλώτους

236 3385 379 3463 λαμὸάνει.
421 3384 535 3453 Τούτους
561 3387 575 3443 θ
595 3382 710 3461 Λάρκιος
734 3388 764 3445 ἐκ
783 3388 835 3443 τῶν
854 3382 1014 3463 τραυμάτων

237 3472 378 3533 ἀναλαθῶν
395 3474 441 3532 καί
454 3477 512 3540 ταῖς
535 3472 627 3538 ἀλλαις
648 3471 845 3554 ἐκθεραπεύσας
867 3473 1015 3553 φιλανθρω-

236 3564 310 3630 πίαις
324 3565 477 3622 ἀπέστειλεν
498 3563 533 3628 είς
552 3559 675 3621 Τύσκλον
692 3565 799 3641 ἀθρόους
819 3561 880 3620 ἀνευ
895 3560 1014 3639 λύτρων,

236 3651 399 3736 πρεσύευτάς
414 3652 459 3711 σύν
475 3654 563 3718 αὐτοῖς
572 3650 681 3731 πέμψας
690 3649 836 3727 Ῥωμαίων
846 3646 906 3717 τούς
918 3651 1015 3731 ἐπιφα-

236 3744 384 3809 νεστάτους.
427 3731 509 3802 Οὐτοι
530 3736 702 3818 διεπράξαντο
723 3739 878 3810 διαλυθῆναι
890 3737 921 3796 τύ
935 3735 1016 3818 στρά-

235 3853 321 3909 τευμα
330 3834 382 3889 τῶν
395 3828 528 3901 Λατίνων,
545 3826 590 3885 καί
601 3827 723 3905 γινέσθαι
733 3829 791 3892 ταῖς
803 3826 912 3885 πόλεσιν
924 3828 1016 3884 ἐνιαυ-

237 3920 306 3985 σίους
329 3919 433 3999 ἀνοχάς.

250 4009 421 4071 lxxvii.
443 4012 539 4070 Ταῦτα
563 4003 774 4087 διαπραξάμενος
798 4008 813 4063 θ
836 4003 902 4083 ἀνὴρ
929 4008 1016 4083 ἀπῆγε

237 4095 284 4163 τδις
300 4097 423 4170 δυνάμεις
433 4098 463 4154 ἐκ
475 4101 522 4169 τῆς
535 4095 681 4174 ὑπαίθρου,
696 4093 742 4153 καί
755 4092 817 4172 πρὶν
831 4091 848 4165 ἢ
863 4093 951 4153 πάντα
971 4093 1015 4154 τδν

237 4186 283 4254 τῆς
303 4182 420 4252 ἐξουσίας
439 4186 612 4266 ἐκπληρῶσαι
627 4187 720 4265 χρόνον
742 4183 857 4250 ὐπάτους
877 4182 1016 4251 ἀποδείξας

238 4271 349 4333 ἀπίθετο
369 4272 417 4343 τὴν
439 4274 541 4353 ἀρχὴν,
566 4273 626 4332 οὔτε
652 4270 808 4339 ἀποκτείνας
830 4271 921 4330 οὐδένα
945 4269 1015 4333 Ῥω-

237 4363 324 4443 μαίων
337 4361 391 4424 οὔτ’
406 4361 530 4431 distica<
540 4368 587 4435 τῆς
601 4363 727 4443 πατρίδος
740 4361 793 4421 οὐτ’
810 4362 878 4442 άλλη
893 4373 1015 4445 συμφορᾷ

238 4453 333 4535 βαρείᾳ
358 4448 509 4534 περιύαλῶν
537 4451 658 4533 οὐδεμιᾷ.
712 4441 796 4517 Οὐτος
823 4453 838 4508 θ
867 4452 943 4521 ζῆλος
967 4451 1015 4510 ἀπ’

237 4543 337 4602 ἐκείνου
357 4546 403 4602 τοῦ
419 4536 512 4619 ἀνδρύς
534 4536 678 4618 ἀρξάμενος
697 4536 782 4597 ἀπασι
799 4537 942 4617 παρέμεινε
961 4543 1015 4606 τοῖς

236 4630 403 4708 λαμύάνσυσι
416 4629 465 4703 τὴν
480 4626 564 4699 αὐτὴν
580 4624 708 4698 ἐξουσίαν,
724 4631 787 4705 ἀχρι
801 4630 848 4696 τῆς
860 4626 951 4705 τρίτης
964 4626 1015 4706 πρὸ

236 4725 312 4802 ἡμῶν
326 4731 426 4801 γενεᾶς.
472 4715 576 4778 Οὐδένα
591 4723 653 4795 γοῦν
674 4719 703 4776 ἐκ
724 4723 771 4791 τῆς
791 4714 908 4795 ίστορίας
922 4737 1015 4795 παρει-

236 4811 373 4893 λήφαμεν,
387 4809 415 4876 te
438 4809 468 4867 οὐ
485 4804 598 4887 μετρίως
616 4807 683 4885 αὐτῇ
706 4803 753 4865 καί
777 4804 916 4869 πολιτικῶς
930 4802 1015 4882 ἐχρή-

238 4919 319 4967 σατο,
341 4897 470 4963 πολλάκις
493 4891 705 4973 ἀναγκασθείσης
727 4896 772 4965 τῆς
786 4890 886 4957 πόλεως
901 4893 1016 4951 καταλῦ-

239 5005 285 5043 σαι
295 4985 343 5051 rt<
352 4983 480 5061 νομίμους
491 4981 577 5063 ἀρχδις
591 4982 638 5042 καί
651 4980 738 5042 πάντα
755 4984 867 5051 ποιῆσαι
878 4978 912 5039 cd
924 4980 1014 5057 πράγ-

240 5094 313 5150 ματα
327 5077 338 5131 ἐ
359 5076 366 5100 '
387 5074 436 5135 tvl.
483 5072 536 5133 Καὶ
556 5075 579 5132 εί
595 5072 642 5150 μέν
658 5075 685 5131 ἀν
704 5079 757 5139 τοῖς
770 5070 878 5138 ύθνείοις
891 5069 1015 5147 πολέμοις

240 5159 318 5237 μόνον
339 5096 407 5230 ἀσαν
426 5164 449 5220 oi
463 5160 645 5240 λαμύάνοντες
665 5158 712 5231 τὴν
732 5158 900 5238 δικτατορίαν
921 5158 1014 5235 ἀγαθοί

241 5244 388 5328 προστάται
401 5252 448 5320 τῆς
461 5249 586 5331 πατρίδος
602 5246 683 5326 μηθίν
698 5246 749 5305 tat
770 5251 814 5304 τοῦ
833 5246 955 5325 μεγέθους
968 5252 1015 5317 τῆς

755 414 923 478 DlONYSll
944 413 1324 476 HALIGARNASSENSIS

1066 557 1176 618 parasset
1185 592 1192 617 ,
1201 555 1293 619 {copias
1311 556 1335 605 in
1348 557 1403 607 loca
1418 560 1502 624 aperta
1514 556 1615 612 eduxit:
1630 558 1656 607 et
1673 560 1745 608 terna
1764 559 1845 612 castra

1067 658 1123 710 iecit
1139 659 1171 709 ab
1191 672 1221 710 ea
1243 662 1327 725 perte,
1346 675 1395 725 qua
1415 661 1571 725 potissimum
1594 659 1694 712 Latinos
1713 660 1847 713 adorturos

1067 760 1249 824 suspicabatur.
1282 761 1397 825 cogitans
1406 764 1488 812 summ
1502 758 1661 824 prudentium
1670 772 1723 810 asse
1735 760 1846 824 impera·

1067 866 1149 915 torum
1164 878 1213 915 non
1222 867 1302 916 solum
1313 880 1354 917 res
1366 866 1425 918 suas
1442 865 1557 928 firmare,
1578 864 1621 916 sed
1637 865 1712 915 etiarn
1729 878 1770 915 res
1782 864 1846 916 hos·

1067 969 1130 1020 dnm
1140 968 1280 1032 debiliora,
1294 969 1413 1037 imprimis
1426 983 1486 1020 vero
1497 969 1550 1021 sine
1566 969 1617 1019 uilo
1626 969 1714 1034 proelio
1724 970 1750 1019 et
1762 967 1848 1023 labore

1069 1070 1134 1123 bella
1144 1069 1274 1131 conticere,
1283 1074 1326 1121 snt
1336 1072 1403 1122 cerie
1410 1085 1486 1135 quem
1500 1070 1600 1122 minimo
1612 1070 1726 1122 militaris
1737 1072 1847 1123 multitu·

1068 1173 1132 1225 dinis
1143 1172 1308 1224 detrimentos
1329 1187 1407 1237 eaque
1419 1175 1530 1224 omnium
1551 1169 1674 1225 bellorum
1692 1175 1801 1239 pessima
1821 1178 1848 1228 et

1068 1276 1240 1328 molestissima
1257 1276 1363 1337 ducens,
1376 1289 1432 1339 quea
1444 1276 1556 1329 homines
1570 1277 1649 1329 coacti
1657 1281 1744 1331 contra
1755 1292 1847 1343 cogua-
1914 1249 1917 1255 ’

1068 1383 1108 1431 tos
1121 1383 1147 1431 et
1162 1379 1254 1431 amicos
1271 1379 1438 1443 susceperint,
1460 1378 1516 1430 haec
1534 1381 1651 1444 aequitate
1672 1381 1847 1447 potiusquam

1068 1497 1166 1535 summo
1180 1484 1234 1534 iure
1249 1483 1354 1534 finiende
1363 1482 1527 1535 existimabat.
1560 1486 1655 1549 Quare,
1671 1487 1735 1537 elam
1746 1488 1848 1539 mntem

1068 1591 1098 1640 ad
1113 1567 1233 1655 primores
1247 1590 1389 1642 Latinorum
1405 1590 1472 1643 viros
1485 1591 1586 1644 minime
1600 1596 1743 1656 suspectos,
1760 1593 1848 1646 suade-

1068 1693 1112 1743 bat
1123 1692 1183 1758 ipsis
1197 1695 1226 1744 nt
1239 1693 1390 1771 deamicitia
1405 1693 1468 1744 inter
1487 1692 1603 1745 οἰνίιούεο
1618 1693 1771 1744 concilianda
1790 1709 1848 1759 aga·

1069 1800 1146 1849 rents
1162 1802 1188 1850 et
1207 1798 1289 1864 palam
1308 1798 1391 1849 missis
1413 1797 1517 1860 legatis,
1537 1810 1596 1848 cum
1616 1797 1649 1848 ad
1669 1799 1778 1863 singulos
1793 1803 1847 1849 tum

1069 1901 1143 1952 etlam
1158 1901 1190 1952 sd
1204 1915 1290 1952 eorum
1311 1900 1504 1965 rempublicam,
1523 1899 1593 1951 tacite
1613 1900 1698 1951 eliecil
1719 1914 1749 1951 ne
1763 1914 1847 1951 omnes

1069 2015 1139 2066 teque
1152 2003 1184 2053 sd
1197 2002 1289 2053 bellum
1301 2002 1408 2066 amplius
1422 2004 1506 2053 essent
1521 2001 1646 2066 propensi.
1691 2003 1745 2053 Tali
1765 2006 1848 2054 autem

1068 2104 1203 2163 beneficio,
1218 2105 1285 2169 ipsos
1295 2106 1400 2156 maxime
1412 2105 1458 2154 sibi
1469 2104 1607 2169 demeruit,
1620 2106 1647 2155 et
1660 2104 1691 2155 ab
1704 2104 1763 2169 ipsis
1774 2105 1846 2155 duci·

1068 2207 1115 2258 bus
1127 2208 1248 2259 alienavitn
1280 2208 1405 2258 Mamilius
1414 2207 1479 2258 enim
1494 2209 1520 2258 ct
1532 2209 1637 2269 sextus,
1651 2208 1681 2260 ad
1693 2222 1755 2271 quos
1768 2208 1847 2259 totius

1069 2309 1127 2361 belli
1139 2323 1264 2360 summam
1278 2309 1357 2359 batim
1368 2307 1525 2369 detulerant,
1537 2308 1564 2360 in
1575 2309 1635 2361 urbe
1645 2309 1752 2359 Tusculo
1763 2309 1849 2373 copias

1069 2417 1237 2478 continentes,
1253 2414 1447 2478 parabantseut
1462 2416 1564 2465 Romam
1584 2416 1706 2478 peterent,
1720 2414 1764 2465 scd
1783 2415 1848 2465 mul·

1068 2519 1122 2567 tum
1132 2514 1282 2578 temporlsln
1293 2527 1323 2565 en
1333 2514 1488 2565 cunctatione
1501 2514 1691 2576 consumebant,
1705 2514 1758 2565 sire
1777 2516 1847 2578 quod

1068 2620 1240 2683 exspectarent
1257 2616 1361 2682 populos
1374 2631 1433 2680 eos,
1452 2618 1495 2681 qui
1516 2618 1629 2669 nondum
1645 2621 1781 2680 venerant,
1796 2620 1849 2673 sire

1069 2721 1137 2786 quod
1147 2724 1203 2773 enta
1213 2700 1273 2772 nihil
1290 2721 1364 2772 tausti
1380 2722 1562 2785 promitterent.
1599 2725 1694 2773 interea
1708 2736 1769 2773 vero
1779 2736 1849 2788 qne-

1069 2827 1126 2877 dem
1137 2840 1221 2892 persa
1239 2825 1336 2890 reliquo
1354 2825 1464 2877 exercitu
1478 2830 1593 2891 separata
1606 2839 1694 2892 agrum
1713 2829 1849 2878 Romanum

1069 2930 1241 2996 populabatur.
1269 2930 1386 3001 Lartius,
1399 2929 1447 2979 hnc
1463 2942 1490 2980 ra
1509 2929 1621 2994 cognite,
1636 2928 1751 2981 cleliam
1763 2930 1788 2980 in
1807 2943 1849 2980 eos

1069 3034 1184 3096 immisit,
1199 3046 1256 3083 cum
1266 3032 1405 3084 fortissimis
1420 3030 1563 3096 quibusque
1574 3037 1600 3084 et
1610 3033 1738 3097 equitibus
1753 3037 1778 3086 et
1787 3032 1847 3084 reli-

1070 3135 1148 3197 tibus;
1164 3136 1207 3199 qui
1217 3135 1271 3185 illos
1289 3148 1321 3186 cx
1335 3134 1467 3199 improviso
1481 3135 1598 3196 adortus,
1617 3148 1709 3199 paucos
1728 3136 1849 3200 quosdam

1069 3238 1232 3301 repugnantes
1253 3235 1389 3296 interiecit,
1413 3235 1522 3301 reliquos
1544 3237 1614 3287 rivos
1634 3238 1707 3301 oepit.
1749 3240 1849 3290 Lartius

1069 3338 1115 3389 bos
1128 3350 1160 3387 ex
1169 3335 1311 3387 vulneribus
1326 3335 1441 3396 reiectos,
1453 3338 1480 3386 et
1491 3334 1578 3386 ceteris
1587 3333 1747 3384 humanitatis
1759 3332 1848 3383 ciliciis

1069 3440 1210 3500 devinctos,
1229 3439 1365 3489 incolumes
1384 3436 1537 3495 Tusculum,
1550 3437 1616 3487 nullo
1630 3435 1789 3486 redemtionis
1805 3449 1848 3485 ac·

1070 3544 1140 3608 cepto
1153 3541 1246 3608 pretio,
1262 3539 1373 3603 remisit,
1387 3543 1413 3590 et
1429 3553 1487 3589 cum
1500 3539 1560 3603 ipsis
1575 3537 1669 3602 legatos
1680 3540 1850 3588 Romanorum

1069 3643 1232 3695 nobilissimos
1244 3642 1319 3694 misit
1353 3641 1398 3691 lsti
1410 3641 1560 3703 etiecemnt,
1573 3644 1602 3692 nt
1614 3640 1758 3693 babuerunt
1772 3640 1850 3705 copia

1070 3750 1263 3809 dimitterentur,
1278 3750 1304 3799 et
1316 3746 1423 3798 inducis
1441 3745 1467 3797 in
1478 3758 1568 3797 annum
1584 3747 1650 3798 inter
1673 3746 1790 3797 civitates
1808 3745 1850 3795 ie·

1070 3852 1132 3901 rent.

1101 3992 1222 4041 Lxxvll.
1242 3988 1287 4040 ilis
1299 3989 1373 4041 rebus
1385 3990 1477 4053 gestis,
1487 3987 1590 4040 domum
1601 4000 1632 4039 ex
1641 4000 1700 4053 agro
1713 3988 1850 4041 exercibrm

1070 4088 1167 4154 redunt
1176 4105 1210 4164 et,
1223 4105 1355 4166 antequam
1369 4102 1451 4151 totum
1462 4098 1558 4162 imperii
1571 4102 1671 4163 ternpus
1683 4100 1843 4163 explevisset,

1069 4213 1209 4268 consulibus
1223 4210 1371 4275 designatis,
1383 4208 1507 4260 dictatura
1517 4220 1544 4258 se
1556 4206 1695 4269 abdicavit,
1711 4205 1781 4256 nullo
1797 4206 1849 4257 siva

1068 4320 1178 4367 Romano
1192 4316 1237 4364 aut
1246 4326 1326 4374 cnse,
1338 4314 1383 4361 aut
1393 4309 1473 4375 patria
1484 4309 1569 4373 pulso,
1580 4310 1625 4358 ant
1636 4306 1686 4357 alia
1702 4306 1772 4373 gravi
1784 4306 1848 4357 cala·

1069 4416 1154 4468 unitata
1170 4414 1269 4465 utiocto.
1302 4412 1367 4463 lllud
1381 4409 1529 4475 preclarum
1544 4407 1616 4459 istius
1639 4406 1688 4458 riri
1708 4406 1848 4471 exemplum

1068 4520 1156 4583 postea
1171 4528 1256 4567 omnes
1275 4514 1408 4565 dictatores
1422 4511 1500 4563 secuti
1513 4514 1585 4571 sunt,
1606 4522 1686 4572 usque
1702 4509 1732 4559 ad
1746 4509 1848 4561 etatem

1068 4625 1159 4678 abhoc
1171 4626 1256 4675 nostra
1270 4622 1377 4674 tertiam.
1410 4623 1538 4684 Nusquam
1550 4618 1614 4670 enim
1627 4619 1653 4669 in
1671 4618 1848 4682 historispro·

1069 4728 1148 4780 ditum
1165 4725 1316 4792 reperimus,
1333 4736 1485 4789 quemquam
1502 4722 1578 4773 tuism
1592 4721 1634 4786 qui
1648 4721 1675 4771 in
1690 4721 1739 4771 boc
1757 4720 1847 4785 maps-

1069 4836 1137 4883 lratu
1157 4845 1206 4882 nou
1230 4843 1257 4882 se
1282 4829 1408 4879 moderate
1431 4830 1457 4878 et
1478 4827 1583 4877 civiliter
1601 4823 1713 4889 gesserit,
1735 4822 1847 4888 mamus

1069 4931 1209 4996 respublica
1229 4941 1295 4994 sape
1313 4925 1390 4978 merit
1406 4928 1507 4986 coacta,
1527 4921 1643 4988 legitimis
1662 4920 1846 4987 magistratibus

1070 5042 1206 5105 abrogatis,
1222 5053 1306 5092 rerum
1324 5050 1447 5089 summam
1462 5036 1538 5086 unius
1554 5032 1672 5099 potestati
1694 5030 1844 5096 permittere.

1071 5147 1117 5205 nt,
1141 5145 1162 5195 st
1190 5145 1215 5194 in
1233 5141 1340 5194 externis
1365 5143 1463 5191 tantum
1493 5137 1564 5188 bellis
1584 5135 1736 5187 dictaturam
1766 5128 1845 5195 adepti

1072 5249 1167 5315 egregie
1181 5247 1286 5314 patriam
1297 5244 1478 5304 defendissent,
1490 5255 1569 5306 neque
1580 5237 1675 5304 imperti
1685 5234 1846 5303 amplitudine
