4034 5922
669 400 962 492 nunruuiranuu
981 417 1130 478 nouas.
1154 418 1226 478 ιιιι.
1249 420 1272 479 r.
1734 424 1775 486 ευ

874 547 941 621 ίσκω

160 551 359 623 στησομένους.
400 547 568 627 ‘llsstgla
592 549 779 626 ουμξαλλόμεν

997 560 1060 619 Seri,
1072 561 1191 622 quantum
1210 572 1256 621 ego
1275 560 1378 622 conicio,
1397 559 1437 610 rel
1455 564 1588 625 antequam
1608 563 1727 616 tiereules
1746 564 1773 615 tn

160 636 435 718 utrplv‘liprxlie
450 637 532 695 ἕλθεῐν
543 637 578 703 εἶτ
591 635 708 695 Ἰταλίαν
718 628 949 719 ίῑρὸεῆᾊρἕόᾼῐᾈ
997 655 1091 705 ltaliam
1111 654 1221 718 reniret,
1247 655 1378 706 lrie'loeus
1398 657 1504 707 saturno
1525 671 1594 707 saeer
1616 661 1682 721 erat,
1699 663 1723 710 et
1740 661 1772 712 ab

162 728 348 811 Q
363 723 941 813 *semesam-as„

162 840 229 897 μσς.
274 817 330 875 Καὶ
344 818 361 885 ἡ
377 814 480 884 attigi·
496 813 564 883 ἀκτὴ
579 813 723 888 σύμπασα,
738 817 756 885 ἡ
773 819 819 872 νῦν
839 815 941 873 Ἰταλία

1 907 16 931 “
121 926 136 964 ε
163 905 337 981 καλουμένη,
354 906 394 982 τῷ
405 904 455 981 θεῷ
470 900 556 979 τούτῳ
566 902 699 972 ἀνέκειτο,
716 902 863 981 Σατουρνία
876 902 942 982 πρδς

163 997 218 1051 τῶν
241 991 410 1051 ἐνοικούντων
424 988 620 1065 ὀνομαζομένη,
635 992 670 1055 ὣς
684 989 753 1048 ἔστιν
768 992 852 1064 εύρεῑν
872 990 899 1048 έν
913 1014 941 1049 τε

165 1077 335 1145 Σιόυλλείοις
355 1076 453 1155 λογίοις
473 1076 519 1133 καί
535 1076 624 1143 ἄλλοις
640 1076 693 1135 τισί
708 1077 877 1156 χρηστηρίοις
891 1078 941 1137 ὑπὸ

164 1172 219 1225 τῶν
235 1170 302 1224 θεῶν
317 1165 463 1242 δεδομένοις
476 1165 627 1244 εἰρημένον·
641 1165 699 1243 ίερά
715 1188 743 1222 τε
757 1167 880 1244 πολλαχῇ
894 1171 941 1237 τῆς

163 1255 256 1334 χώρας
268 1254 340 1313 ἐστίν
354 1253 478 1332 ἱδρυμένα
487 1257 527 1332 τῷ
541 1255 606 1332 θεῷ,
620 1253 666 1312 καί
679 1253 765 1318 πόλεις
778 1254 844 1319 τινός
858 1251 941 1321 οὕτως

112 1366 137 1405 ιο
164 1343 257 1419 ὥσπερ
273 1346 292 1412 ἡ
308 1342 437 1417 σύμπασα
452 1342 506 1400 τότ’
522 1340 591 1411 ἀκτὴ
605 1342 809 1418 ὀνομαζόμεναι·
819 1344 902 1422 χῶροί
911 1366 940 1401 τι

164 1432 262 1490 πολλοὶ
287 1437 332 1489 τοῦ
348 1432 469 1506 δαίμονος
483 1430 634 1506 ἐπώνυμοι,
652 1430 697 1488 καὶ
717 1431 823 1506 μάλισθ’
837 1434 861 1490 al
881 1432 941 1491 σκό·

163 1523 240 1580 παλαι
253 1519 301 1578 καί
314 1519 348 1578 ιδ
362 1517 493 1597 pasti-apa.

202 1609 327 1669 XXXV.
348 1607 450 1667 Ἰταλία
464 1609 487 1664 δ’
502 1604 551 1662 ἀνδι
565 1604 658 1685 χρόνον
676 1606 817 1681 ὠνομάσθη
840 1607 881 1667 ἐπ’
897 1610 941 1665 οἶν-

164 1699 225 1777 δρός
249 1695 392 1766 δυνάστου,
420 1694 492 1770 ὄνομ’
516 1692 630 1754 Ἰταλοῦ.
684 1696 784 1753 Τοῦτον
809 1695 839 1753 δέ
862 1718 940 1775 φησιν

114 1807 138 1847 ta
163 1786 299 1863 Ἀντίοχος
319 1788 334 1841 δ
355 1783 531 1862 Συρακούσιος
547 1782 644 1858 ἀγαθὸν
663 1781 708 1839 καί
729 1783 807 1862 σορὸν
829 1805 941 1860 γεγενη-

164 1876 241 1951 μένον
258 1871 305 1931 καί
329 1878 381 1932 τῶν
397 1869 589 1950 πλησιοχώρων
612 1868 671 1935 τοὺς
696 1869 743 1944 μὲν
767 1870 853 1947 λόγοις
874 1876 939 1930 ἀνα-

165 1964 307 2031 πείθοντα,
325 1959 385 2025 τοὺς
408 1959 434 2017 δὲ
460 1959 505 2038 βία
531 1956 748 2036 προσαγόμενον,
770 1956 876 2017 ἅπασαν
898 1963 940 2041 ὑφ’

165 2053 253 2127 ἐαυτῷ
264 2047 424 2117 ποιήσασθαι
438 2046 485 2116 τὴν
497 2048 560 2122 γῆν,
575 2042 624 2114 όση
639 2043 709 2111 ἐντὸς
723 2034 755 2115 ἦν
770 2048 821 2103 τῶν
833 2047 939 2106 κολπων

164 2144 211 2195 τοῦ
224 2159 256 2194 τε
272 2134 428 2209 Ναπητίνου
447 2134 492 2192 καὶ
507 2140 552 2191 τοῦ
567 2133 760 2202 Σκυλλητίνου·
775 2131 806 2203 ἣν
822 2133 854 2203 δὴ
866 2136 940 2215 πρώ-

111 2256 137 2294 ,3
164 2247 214 2295 την
235 2227 370 2295 κληθῆναι
394 2221 511 2283 Ἰταλίαν
534 2221 577 2279 ἐπὶ
592 2225 638 2279 τοῦ
658 2218 771 2282 Ἰταλοῦ.
814 2219 892 2281 Ἐπεί
912 2224 940 2283 δέ

162 2312 265 2383 ταύτης
279 2305 405 2391 καρτερός
420 2310 538 2386 ἐγένετο,
553 2298 603 2367 καί
611 2308 762 2386 ἀνθρώπους
775 2308 887 2376 πολλοὺς
900 2303 939 2370 εἶ-

162 2423 213 2479 χεν
225 2399 371 2470 ὑπηκόους,
386 2399 482 2457 αύτίκα
496 2402 547 2456 τῶν
564 2394 697 2474 ἐχομένων
711 2397 880 2473 ἐπορέγεσθαι
894 2399 940 2457 καί

164 2487 257 2552 πόλεις
270 2486 418 2563 ὑπάγεσθαι
433 2484 546 2550 πολλάς·
559 2473 625 2541 εἶναι
640 2485 663 2541 δ’
675 2484 752 2542 αὐτὸν
765 2487 899 2564 Οἴνωτρον
910 2487 941 2545 τὸ

161 2573 250 2653 γένος.
294 2572 453 2641 Ἑλλάνικος
473 2571 495 2630 δ’
524 2574 538 2629 δ
563 2570 673 2637 nisisi<
698 2593 776 2650 φησιν
802 2570 939 2649 Ἡρακλέα

108 2686 134 2725 τε
161 2663 223 2729 τούς
244 2660 376 2740 Γηρυόνου
397 2664 456 2739 βοῦς
474 2660 654 2720 ἀπελαύνοντα
669 2660 705 2725 είς
725 2656 833 2737 Ἄργος,
848 2663 939 2736 ἐπειδή

161 2774 203 2815 τις
218 2752 292 2827 αύτῷ
309 2750 424 2825 δάμαλις
439 2747 635 2828 ἀποσκιρτήσας
654 2752 700 2819 τῆς
715 2748 811 2825 ἀγέλης
825 2753 851 2808 ἔν
865 2751 939 2811 Ἴσα.

162 2837 211 2915 λίη
227 2838 297 2896 έόντι
312 2837 365 2908 ἤδη
380 2834 482 2916 φεύγων
505 2836 577 2914 διῆρε
591 2836 639 2904 τλν
656 2834 753 2905 ἀκτὴν,
767 2836 813 2893 καὶ
827 2838 872 2896 τόν
887 2864 937 2916 με·

161 2926 227 2992 ταξθ
244 2926 430 2999 διανηξάμενος
448 2923 528 3002 πόρον
551 2928 597 2993 τῆς
612 2924 744 2994 θαλάσσης
763 2927 799 2990 είς
814 2927 937 2986 Σικελίαν

164 3015 292 3092 sipiano,
307 3014 428 3094 ἐρόμενον
441 3010 482 3070 ἀεὶ
496 3010 554 3077 τοὺς
563 3010 731 3093 Ιἐπιχωρίους,
748 3014 807 3070 καθ’
819 3011 861 3080 οὓς
876 3016 934 3074 ἑκά-

105 3126 133 3164 αυ
161 3122 242 3160 στοτε
262 3101 360 3177 γίνοιτο
376 3096 477 3159 διώκων
495 3098 540 3155 τόν
562 3098 689 3167 δάμαλιν,
710 3097 735 3156 εί
755 3100 793 3171 κη’
807 3123 846 3167 τις
860 3103 938 3162 αύτόν

162 3189 291 3267 ἑωρακὼς
318 3186 377 3260 εἴη,
403 3189 455 3244 τῶν
477 3187 541 3266 τῇδε
565 3186 708 3266 ἀνθρώπων
734 3185 861 3255 Ἑλλάδος
889 3190 937 3265 μὲν

161 3276 282 3351 γλιύττσμ
301 3276 378 3354 ὀλίγα
393 3273 553 3351 συνιέντων,
569 3279 603 3354 τῇ
618 3274 644 3334 al
660 3272 762 3355 πατρίῳ
776 3280 849 3356 ριυνῇ
868 3277 937 3336 κατθι

160 3362 210 3429 τός
226 3363 351 3439 μηνύσεις
361 3366 408 3420 τοῦ
421 3359 487 3432 ζώου
501 3363 649 3421 καλούντων
659 3362 703 3418 τόν
713 3362 827 3437 δάμαλιν
838 3359 936 3424 οὐίτου-

161 3453 225 3524 λον,
241 3450 333 3530 ὧσπερ
347 3449 393 3508 καί
403 3455 448 3507 νῦν
460 3450 583 3527 λέγεται,
595 3452 637 3508 tri
646 3455 691 3508 τοῦ
705 3449 770 3518 ζώου
785 3450 833 3523 τὴν
846 3452 936 3531 χώραν

107 3558 134 3596 τε
161 3540 294 3614 ὀνομάσαι
313 3547 419 3610 πᾶσαν,
435 3540 529 3609 ύσηνό
551 3540 664 3612 δάμαλις
683 3539 801 3610 διῆλθεν,
822 3543 936 3599 Οὐϊτου-

159 3630 231 3688 λίαν·
247 3635 404 3704 μεταπεσεῖν
418 3628 441 3684 δ’
455 3626 506 3684 άνδι
520 3627 612 3705 χρόνον
626 3628 674 3697 τὴν
697 3628 840 3702 ὀνομασίαν
855 3633 892 3694 είς
906 3629 936 3687 τό

158 3722 205 3775 νῦν
216 3723 310 3796 σμῆμα.
323 3716 474 3791 θαυμαστὸν
488 3717 573 3792 οὐδὲν,
582 3715 639 3773 ἐπεί
649 3713 694 3772 καί
704 3720 756 3774 τῶν
768 3715 935 3788 Ἑλληνικῶν

157 3805 245 3863 πολλὰ
259 3806 290 3863 τό
299 3803 484 3882 παραπλήσιον
499 3804 624 3862 πέπονθεν
634 3804 781 3880 ὀνομάτων.
798 3804 875 3877 Πλὴν
888 3805 935 3863 εἴθ’

157 3895 193 3957 irc
213 3891 349 3970 Ἀντίοχός
363 3914 442 3973 ρησιν
462 3893 503 3949 ἐπ’
523 3892 614 3969 άνδρός
631 3892 772 3968 ἡγεμόνος,
788 3892 853 3971 ὅπερ
869 3896 931 3961 ἴσως

108 4006 134 4043 ιο
158 3981 202 4039 καί
217 3980 394 4059 πιθανώτερόν
409 3983 494 4052 ίστιν,
509 3979 555 4038 εἴθ’
570 3983 605 4045 ὡς
616 3979 773 4048 Ἑλλάνικος
790 3982 873 4040 οἴεται
888 3985 933 4042 ἐπὶ

158 4074 203 4127 τοῦ
218 4069 315 4146 ταύρου
329 4066 378 4139 τὴν
395 4068 539 4144 ὀνομασίαν
553 4067 652 4139 ταύτην
672 4067 747 4147 ἔσχεν
757 4115 765 4140 ,
776 4070 859 4128 ἐκεῖνό
870 4073 895 4147 γ’
909 4070 935 4138 ἐξ

159 4156 256 4236 δμροὶν
272 4157 361 4228 δῆλον,
374 4155 414 4213 ὅτι
427 4156 496 4214 κατόι
508 4153 556 4224 τὴν
570 4155 733 4235 Ἡρακλέους
745 4154 849 4227 ἡλικίαν
862 4156 880 4228 ἢ
892 4181 935 4233 μι-

159 4249 216 4323 κρῷ
228 4244 341 4321 πρόσθεν
358 4241 440 4310 οὕτως
460 4241 613 4317 ὠνομάσθη.
656 4243 698 4302 'ri
721 4240 749 4300 δὲ
764 4244 815 4324 πρὸ
835 4243 934 4305 τούτων

157 4328 289 4402 Ἕλληνες
301 4331 350 4406 μίν
360 4330 504 4412 Ἑσπερίαν
517 4330 562 4389 καί
573 4332 703 4391 Αὐσονίαν
714 4331 796 4401 αὐτὴν
810 4332 931 4407 ἐκάλουν,

110 4438 133 4473 ιε
158 4423 182 4478 ol
197 4421 220 4477 δ’
232 4420 370 4500 ἐπιχώριοι
381 4418 543 4496 Σατουρνίαν
557 4423 611 4492 ,ὣς
625 4417 727 4498 είρηιαί
742 4441 787 4495 μοι
798 4418 933 4499 πρότερον.

198 4507 333 4567 xltltlll.
354 4504 432 4565 Ἔστι
457 4504 484 4563 δέ
502 4528 543 4571 τις
555 4505 601 4564 καὶ
621 4504 707 4585 ἕτερος
721 4504 795 4581 λόγος
816 4505 866 4563 ὑπὸ
880 4509 933 4564 τῶν

159 4593 308 4674 ίπτρωρίων
330 4592 571 4671 μυθολογούμενος,
599 4596 634 4659 ύις
659 4593 776 4672 πρὸτῆς
802 4593 863 4661 Διὸς
884 4597 934 4671 σίρ-

158 4685 242 4761 χῆςὸ
265 4681 363 4759 Κρόνος
382 4683 409 4739 έν
428 4684 515 4759 τῇγῇ
537 4682 619 4759 ταύτῃ
642 4682 835 4753 δυναστεύσειε,
855 4682 933 4740 καὶὸ

157 4769 296 4847 λεγόμενος
316 4771 360 4828 ἐπ’
383 4771 482 4828 ίκείνου
506 4770 560 4846 βίος
581 4768 667 4828 ἅπασι
694 4769 805 4850 δαψιλὴς
828 4769 932 4836 ὁπόσοις

110 4875 134 4911 ao
158 4847 226 4937 ὅραι
239 4857 352 4937 μύουσιν
370 4859 399 4916 ού
419 4861 482 4936 παρ’
511 4859 600 4924 ἄλλοις
617 4858 717 4933 μᾶλλον
732 4857 750 4926 ὴ
764 4858 839 4935 παρὰ
858 4857 931 4936 σρίσι

157 4945 269 5021 γίνοιτο.
312 4945 369 5006 Καὶ
388 4946 412 5003 εί
429 4968 468 5012 τις
481 4945 584 5025 ἀφελὼν
605 4947 636 5004 τό
656 4946 771 5022 μυθῶδες
793 4945 931 5022 τοῦλόγου

157 5032 247 5111 χόρος
269 5031 366 5112 ἀρετὴν
390 5033 517 5100 ἐξετάζειν
538 5033 699 5105 έθελιίσειεν,
718 5031 743 5100 ἐξ
759 5022 791 5103 ἧς
807 5031 879 5110 γένος
901 5033 931 5092 rt

156 5120 305 5201 ἇνθρόιπιαν
320 5119 446 5186 πλείστας
461 5118 620 5200 εὐφροσύνας
634 5118 807 5200 ίκαρπόισατο
820 5120 930 5197 γενόμε-

160 5230 204 5269 νον
215 5207 291 5276 sate
308 5208 358 5265 εἶτ’
370 5211 399 5268 is
411 5212 474 5286 γῆς,
488 5210 524 5275 ὣς
537 5211 551 5267 δ
566 5205 678 5274 παλαιός
696 5204 753 5285 ἔχει
774 5202 861 5283 λόγος,
880 5203 928 5264 ιίτ’

996 755 1081 804 ineolis
1096 755 1226 806 Saturnius
1236 755 1413 818 appellabatur.
1446 757 1512 814 Quin
1526 757 1600 807 etiam
1613 760 1665 808 tota
1677 759 1772 824 reliqua

994 864 1053 913 ora,
1067 864 1124 915 quus
1139 865 1205 902 nunc
1218 852 1288 903 ltalia
1303 856 1414 912 vocatur,
1431 852 1491 905 huic
1504 854 1595 904 numini
1615 868 1684 906 saera
1702 859 1770 918 erat,

995 950 1021 999 et
1031 947 1062 997 ab
1075 947 1162 997 ineolis
1177 947 1290 996 Saturnia
1307 950 1450 1009 nocebatur,
1466 949 1531 999 sieut
1545 952 1727 1014 reperiturtatu
1745 953 1771 1004 in

995 1044 1144 1103 carminibus
1157 1043 1289 1107 Sibyllinis,
1304 1058 1377 1108 quam
1391 1046 1415 1095 in
1429 1046 1483 1109 aliis
1496 1047 1644 1110 quibusdam
1654 1049 1770 1110 oraculis,

995 1154 1052 1205 que
1067 1140 1101 1191 dii
1125 1139 1300 1201 reddiderunt,
1322 1140 1481 1192 declaratum.
1514 1146 1546 1197 st
1567 1142 1594 1193 iu
1611 1145 1698 1194 multis
1717 1145 1772 1196 aliis

995 1235 1071 1286 huius
1090 1235 1195 1299 regionis
1209 1236 1269 1286 loeis
1286 1238 1379 1300 templa
1396 1237 1455 1288 huie
1469 1238 1516 1289 deo
1531 1239 1611 1290 dicata
1624 1244 1703 1290 sunt:
1725 1255 1770 1292 ex·

994 1336 1049 1384 tant
1059 1333 1132 1383 etiam
1145 1334 1220 1384 urbes
1232 1333 1362 1397 quasdam,
1382 1348 1439 1399 quaa
1453 1338 1488 1387 ita
1501 1338 1657 1389 nominantur
1672 1343 1702 1390 ut
1718 1339 1772 1390 uni-
1813 1368 1817 1377 ·

994 1446 1065 1484 versa
1078 1434 1164 1484 italiae
1172 1446 1215 1483 ora
1226 1437 1287 1485 tuno
1297 1435 1439 1498 vocabatur,
1453 1438 1478 1487 et
1489 1438 1565 1487 multa
1580 1437 1632 1487 toea
1643 1437 1719 1489 huius
1730 1439 1771 1490 dei

994 1543 1083 1580 nornen
1094 1529 1197 1583 habent.
1210 1531 1335 1596 praecipue
1348 1532 1440 1596 scopuli
1449 1536 1474 1582 et
1482 1533 1556 1583 eolles
1569 1534 1667 1584 excelsi.

1027 1621 1126 1669 xxxii.
1146 1621 1235 1669 Postea
1252 1623 1334 1669 tamen
1351 1622 1419 1671 ltalia
1439 1624 1525 1670 roeata
1538 1626 1577 1671 est
1598 1636 1611 1672 a
1632 1621 1686 1673 rire
1702 1637 1771 1689 [νεω-

995 1717 1108 1780 potente,
1124 1715 1165 1765 eui
1182 1729 1270 1766 nemen
1280 1720 1333 1766 erat
1347 1717 1432 1765 ltalus.
1454 1717 1593 1774 „intioelrus
1606 1720 1689 1770 antem
1700 1722 1772 1784 Syra-

995 1826 1101 1865 cusanus
1109 1814 1144 1865 ait
1152 1812 1218 1863 hune
1231 1814 1307 1864 tuisse
1319 1814 1400 1864 virum
1412 1815 1517 1877 probrum
1529 1829 1558 1867 ac
1569 1818 1714 1881 sapientem,
1726 1820 1769 1884 qui
1812 1809 1816 1841 ³

994 1909 1090 1973 populis
1103 1909 1190 1959 ricinis
1203 1909 1293 1975 partim
1314 1909 1408 1967 verbis,
1424 1912 1515 1974 partini
1533 1912 1560 1961 vi
1570 1913 1618 1965 sibi
1631 1914 1768 1979 adiunctis,

994 2008 1072 2060 totam
1082 2006 1147 2056 illam
1156 2005 1277 2069 regionem
1290 2006 1395 2057 insuam
1403 2010 1550 2071 potestatem
1562 2010 1656 2075 redegit
1669 2026 1725 2076 quae
1734 2018 1772 2065 est

994 2104 1058 2154 iuter
1072 2104 1141 2153 sinus
1158 2104 1303 2168 Napetiuum
1320 2109 1344 2155 el
1357 2106 1517 2169 Scylletiuum
1533 2107 1618 2159 :hane
1633 2109 1708 2173 igitur
1722 2113 1771 2176 pri·

994 2215 1059 2251 mam
1068 2201 1099 2251 ab
1112 2202 1173 2253 italo
1184 2201 1226 2252 illo
1236 2203 1331 2253 ltaliam
1349 2204 1424 2254 tuisse
1435 2206 1589 2269 appellatam.
1610 2210 1674 2260 Cum
1688 2213 1772 2269 autem

993 2298 1042 2347 hae
1058 2298 1153 2361 potitus
1166 2302 1246 2359 esset,
1263 2304 1289 2349 et
1303 2301 1394 2350 multos
1406 2301 1518 2353 homines
1530 2303 1641 2364 subditos
1651 2304 1766 2369 haberet,

994 2393 1077 2445 statim
1091 2394 1250 2446 finitimarum
1262 2397 1373 2459 gentium
1390 2398 1581 2450 dorninatiouem
1598 2402 1733 2463 affectasse,
1745 2409 1771 2455 et

994 2492 1084 2542 multas
1095 2491 1207 2546 unitates
1218 2491 1265 2542 sibi
1279 2492 1432 2543 subiecisse:
1444 2508 1532 2559 genere
1542 2500 1624 2548 autem
1637 2501 1769 2554 OEnotruru

994 2589 1078 2639 tuisse.
1132 2592 1162 2639 nt
1177 2589 1316 2639 Hellanicus
1330 2590 1433 2640 Lesbius
1447 2591 1483 2640 uit
1501 2594 1631 2643 Herculem
1652 2596 1771 2657 Geryonis

992 2684 1069 2735 bores
1081 2688 1159 2749 Argos
1169 2685 1320 2749 abigentem,
1331 2688 1448 2751 quoniam
1460 2689 1553 2739 vitulus
1569 2689 1668 2752 quidam
1683 2692 1769 2754 ipsius,

993 2783 1108 2834 oumiarn
1118 2783 1144 2833 in
1156 2784 1226 2833 ltalia
1237 2787 1312 2846 esset,
1326 2784 1357 2834 ab
1371 2788 1481 2835 armento
1498 2786 1608 2838 resiliens
1620 2789 1730 2852 iugarat,
1744 2795 1771 2843 et

993 2882 1106 2931 universa
1119 2881 1161 2931 illa
1170 2895 1213 2931 ora
1224 2868 1349 2951 peragrata
1365 2884 1478 2947 fretoque
1487 2888 1613 2938 transnato
1624 2888 1648 2937 in
1662 2889 1768 2940 Siciliam

993 2984 1153 3046 pervenerat,
1164 2983 1315 3045 querentem
1328 2993 1424 3045 semper
1438 2996 1468 3032 ex
1481 2983 1544 3034 illius
1554 2984 1659 3048 regionis
1674 2985 1769 3049 irretitis,

993 3080 1016 3128 iu
1029 3091 1188 3142 quoscunque
1207 3078 1313 3128 vitulum
1327 3092 1477 3143 persequens
1493 3081 1625 3142 inciderat,
1638 3096 1699 3133 num
1711 3085 1767 3148 quis

992 3190 1050 3226 eum
1066 3176 1184 3237 vidisset,
1197 3175 1245 3226 illis
1262 3176 1362 3239 quidem
1382 3190 1460 3241 pauca
1480 3178 1568 3243 linguae
1585 3180 1678 3230 Greeae
1693 3194 1768 3231 voea-

990 3270 1048 3320 bula
1061 3269 1271 3333 intellegentibus,
1285 3273 1312 3322 et
1329 3273 1406 3335 patrie
1427 3286 1539 3324 sermone
1561 3286 1618 3323 eum
1634 3274 1660 3324 id
1677 3275 1767 3327 animal

990 3367 1150 3432 signitioarent
1161 3369 1266 3420 vitulum
1277 3371 1468 3435 appellantibus,
1484 3375 1513 3421 ut
1521 3372 1595 3422 etiam
1604 3386 1670 3423 nune
1680 3375 1765 3439 appel·

990 3466 1063 3529 latur,
1077 3467 1108 3517 ab
1117 3465 1160 3517 ille
1171 3468 1272 3518 animali
1287 3467 1426 3520 universam
1437 3483 1505 3519 oram
1516 3484 1590 3533 quarn
1603 3471 1697 3523 vitulus
1709 3487 1766 3538 per-

989 3566 1084 3625 agrarat
1105 3564 1223 3614 Vituliam
1248 3567 1394 3618 nominasse.
1429 3570 1515 3616 Postea
1537 3581 1595 3617 nero
1616 3570 1766 3621 uocabulum

989 3660 1055 3710 istud
1070 3660 1095 3709 ln
1109 3674 1163 3710 earn
1182 3662 1302 3720 termam,
1314 3668 1387 3726 quam
1400 3677 1465 3712 nurre
1483 3663 1573 3724 habet,
1589 3667 1699 3715 ltaliam
1709 3680 1765 3717 mu·

988 3759 1067 3806 tatum
1089 3769 1157 3815 esse,
1177 3757 1267 3806 mirum
1290 3771 1336 3805 non
1358 3761 1406 3817 est,
1427 3757 1547 3820 siquidem
1566 3760 1651 3809 multis
1673 3761 1766 3810 Grecis

989 3852 1116 3902 uocabulis
1136 3851 1201 3902 idem
1222 3852 1317 3902 accidit.
1352 3857 1527 3903 verumtamen
1548 3854 1615 3915 sive,
1631 3858 1660 3904 ut
1678 3856 1766 3906 sntio-

989 3949 1051 3999 ehus
1072 3950 1119 4009 ait,
1135 3963 1148 3998 a
1168 3948 1232 3999 duee
1245 3951 1254 4011 l
1265 3950 1290 3999 irl
1313 3948 1381 4012 quod
1397 3950 1500 3999 tortasse
1514 3949 1587 3998 etiam
1611 3950 1765 4002 verisimilius

988 4049 1041 4106 est)
1055 4047 1121 4109 sive,
1132 4050 1161 4097 ut
1173 4048 1243 4112 putat
1259 4046 1413 4106 Hellanicus,
1424 4061 1439 4095 a
1449 4046 1524 4095 vitulo
1537 4058 1627 4096 nomen
1636 4048 1685 4097 hoe
1693 4060 1763 4100 aeae·
1834 4062 1836 4067 ’

988 4146 1038 4209 ρίῑ,
1069 4145 1130 4195 illuri
1163 4148 1231 4195 certe
1267 4157 1298 4193 ex
1327 4143 1455 4194 amborum
1484 4145 1629 4197 alletoritate
1655 4150 1763 4212 constat,

989 4238 1100 4289 Herculis
1112 4240 1186 4289 aetate
1202 4239 1246 4287 aut
1258 4237 1331 4301 paulo
1347 4239 1417 4286 antea
1426 4236 1460 4285 ita
1472 4236 1623 4288 nominatam
1634 4252 1699 4294 esse.
1711 4244 1762 4291 An·

988 4338 1028 4385 tea
1045 4338 1129 4386 autern
1148 4335 1227 4386 Greci
1246 4348 1300 4384 eam
1321 4333 1464 4397 Hesperiam
1482 4336 1508 4385 et
1530 4337 1661 4386 Ausoniam
1686 4351 1763 4387 voea-

988 4432 1055 4493 bant,
1064 4433 1108 4496 ipsi
1117 4445 1176 4482 vero
1183 4430 1301 4495 indigene
1311 4431 1459 4491 Saturniam,
1470 4434 1498 4482 ut
1508 4446 1582 4496 supra
1592 4434 1652 4483 disi.

1019 4529 1129 4582 ltltitvl.
1149 4529 1239 4577 Fertur
1250 4527 1323 4577 etiam
1337 4527 1382 4577 alla
1401 4528 1481 4578 tabula
1494 4529 1557 4579 inter
1577 4529 1641 4578 illius
1658 4530 1762 4592 regionis

988 4626 1077 4675 ineolas
1089 4626 1221 4673 Saturnum
1236 4626 1291 4672 aute
1312 4624 1377 4674 lovis
1394 4638 1494 4688 regnum
1511 4625 1535 4673 in
1547 4624 1614 4675 hisee
1633 4627 1706 4677 terris
1722 4641 1760 4679 re·

987 4737 1088 4787 gnosso,
1099 4726 1124 4771 el
1138 4721 1288 4771 celebratum
1300 4720 1360 4771 illud
1380 4721 1439 4771 ritas
1456 4734 1533 4784 genus
1553 4722 1627 4771 rebus
1648 4724 1762 4775 omnibus

986 4835 1047 4885 quas
1061 4820 1117 4869 anni
1130 4822 1240 4883 tempora
1250 4818 1398 4883 progignunt
1410 4816 1538 4868 abundans
1550 4856 1556 4878 ,
1570 4832 1619 4868 non
1628 4820 1692 4882 apud
1702 4820 1762 4872 alios

986 4920 1147 4982 potiusquam
1157 4916 1221 4981 apud
1231 4918 1297 4981 ipsos
1310 4917 1430 4967 floruisse.
1440 4923 1475 4965 Αο
1482 4916 1567 4978 siquis,
1577 4916 1664 4967 tabulis
1675 4932 1705 4969 er
1713 4919 1761 4969 hae

984 5014 1122 5065 narratione
1141 5013 1257 5075 sublatis,
1279 5015 1392 5064 naturam
1410 5013 1463 5063 eius
1482 5015 1587 5075 regionis
1605 5014 1761 5066 considerare

984 5117 1056 5178 velit,
1070 5130 1099 5165 ex
1122 5128 1171 5179 qua
1189 5128 1265 5178 genus
1284 5114 1432 5175 humanum,
1447 5113 1595 5177 simulatque
1614 5118 1700 5167 natum
1718 5118 1758 5166 eat

984 5214 1037 5266 sire
1056 5228 1087 5265 ex
1107 5218 1186 5274 terra,
1206 5214 1234 5263 ut
1249 5212 1330 5276 prisea
1348 5210 1396 5262 tert
1413 5211 1510 5275 opinio,
1534 5212 1586 5261 sire
1603 5213 1691 5275 quavis
1710 5212 1756 5261 alta
