4088 5936
660 415 951 490 ANTIQUITATUM
975 413 1122 475 Roman.
1148 414 1221 475 LIB.
1247 413 1299 474 lv,
1720 414 1779 473 253

169 580 182 605 ι
191 549 303 610 ’πώποτε
318 547 511 629 πραττόμενον,
531 547 589 608 οὐτε
603 551 712 624 μαθεῖνς
728 548 771 608 ἵνα
788 547 814 609 δὲ
828 548 866 626 μὴ
881 571 948 626 μαν·

170 669 181 691 ν
197 638 308 709 τεύησθε
322 634 369 705 τδς
378 637 543 716 καταράτους
553 636 639 696 αὐτῶν
651 635 751 718 φύσεις,
763 638 822 695 ἀλλ’
833 636 948 717 aipein<

163 754 183 791 ,ι
203 728 306 802 μάθητε
320 727 389 793 οἵους
405 725 539 792 σκύλακας
553 727 614 800 ύμῖν
630 728 647 796 ἡ
661 723 809 804 Ταρκυνίου
829 723 949 801 τυραννίς

165 846 182 871 ν
197 816 357 898 ὑποτρέφει,
383 812 512 873 θεάσασθε
533 809 608 894 ἔργον
630 812 686 880 ἑνὸς
700 814 786 872 αὐτῶν
801 817 846 872 τοῦ
865 833 947 894 πρεσ-

123 932 139 973 5
170 933 181 961 ι
197 903 323 967 όυτάτου.

208 994 356 1057 Lxxxli.
380 1020 393 1044 ι
415 989 489 1064 Αύτη
510 990 627 1071 Σπορίου
644 990 692 1067 μίν
707 991 763 1049 tori
782 989 947 1073 Λουκρητίου

167 1085 323 1163 semime,
338 1080 365 1141 ὃν
381 1079 500 1149 Mu&
516 1083 563 1152 τῆς
574 1079 676 1146 πόλεως
693 1078 809 1161 ἔπαρχον
825 1082 840 1137 ὅ
855 1078 949 1160 τύραν-
1001 1097 1066 1155 'aad
1097 1104 1188 1155 bellum
1211 1103 1369 1168 proficiscens
1389 1102 1458 1153 urbis
1481 1103 1625 1166 praetectum
1644 1103 1781 1167 constituit,

1003 1224 1016 1248 ι
1031 1217 1094 1254 uxor
1104 1207 1185 1253 autern
1203 1202 1328 1265 Tarquinii
1350 1202 1480 1263 collatini,
1496 1206 1659 1267 tyrannorum
1675 1204 1781 1270 cognati,

166 1262 267 1339 ιτίνου
280 1258 346 1337 γυνὴ
364 1263 413 1318 τοῦ
429 1260 567 1335 συγγενοῦς
582 1259 633 1315 τῶν
648 1257 781 1338 τυράννων
800 1257 846 1316 καῖ
859 1256 947 1316 πολλλι
1003 1296 1078 1370 «Ψ,
1095 1318 1280 1357 mmmm
1301 1304 1380 1357 multa
1394 1306 1497 1371 'mmm
1514 1308 1589 1358 mm
1626 1311 1707 1371 Atque
1727 1307 1783 1359 hm
1824 1360 1828 1369 ι

1003 1428 1016 1452 ι
1033 1407 1150 1471 quidem,
1165 1405 1232 1473 quod
1256 1405 1398 1471 pudicitiam
1418 1407 1484 1459 tucri
1501 1407 1594 1470 voluit,
1620 1411 1645 1460 et
1665 1410 1782 1460 maritum

1003 1529 1016 1553 ι
1032 1522 1106 1559 suum
1124 1509 1231 1571 amarit,
1250 1513 1279 1559 ut
1294 1508 1383 1560 bonam
1401 1507 1475 1560 dccet
1493 1522 1611 1571 uxorem,
1623 1524 1678 1561 cum
1692 1513 1783 1562 Sextm

169 1202 182 1229 ι
197 1196 240 1241 νος
252 1171 326 1242 iimo
342 1171 386 1232 no
399 1168 443 1229 τδν
460 1168 590 1245 πόλεμον,
615 1168 762 1248 Ταρκυνίου
788 1166 816 1227 δὲ
841 1170 948 1229 Κολλα·

114 1374 141 1414 10
167 1379 180 1404 ι
194 1350 261 1430 ὑπὲρ
285 1351 371 1407 αὐτῶν
392 1345 638 1418 κακοπαθήσαντος.
673 1344 757 1427 ,λύπη
781 1346 870 1423 μέντοι
893 1370 947 1405 σω·

168 1468 179 1492 ι
196 1440 300 1521 φρονεῖν
316 1435 462 1516 βουλομένη
473 1434 519 1494 καὶ
533 1433 580 1523 τὀν
591 1433 673 1513 ἄνδρα
689 1434 732 1493 τδν
748 1437 843 1523 ἑαυτῆς
858 1438 948 1515 φιλοῦ-

167 1557 179 1580 a
193 1551 240 1601 σα,
251 1525 342 1606 ὥσπερ
355 1528 441 1605 ἀγαθῇ
451 1521 579 1606 προσήκει
591 1520 706 1603 γυναικί,
715 1521 875 1600 ξενιζομένου
884 1529 947 1605 παρ’

166 1643 179 1669 ι
197 1618 265 1695 αὐτῇ
285 1613 383 1682 ΣεἜτου
408 1610 452 1672 δεδι
475 1611 523 1684 τὴν
550 1610 701 1688 συγγένειαν
722 1634 754 1690 τη
780 1611 946 1695 παρελθούσῃ

168 1704 288 1777 ινυκτῖ,
322 1700 483 1762 Κολλατίνου
517 1698 544 1759 δί
579 1698 633 1758 τότ’
670 1699 867 1776 ἀποδημοῦντος
904 1702 947 1760 ἐπὶ

1005 575 1017 598 ι
1035 555 1113 606 licuit.
1147 557 1182 605 Nc
1201 558 1285 604 autem
1307 552 1482 616 cognoscendis
1509 564 1595 603 corum
1626 551 1781 602 exsecrandis

1004 663 1016 687 ι
1031 643 1132 706 ingeniis
1145 643 1294 694 divinatione
1307 640 1377 691 robis
1392 654 1455 706 opus
1466 641 1509 701 sit,
1527 643 1605 704 atque
1618 643 1687 690 certo
1697 640 1781 690 sciatis

1004 759 1016 781 ν
1029 736 1115 803 quales
1132 736 1227 788 catulos
1244 736 1368 802 Tarquinii
1393 733 1504 798 tyrannis
1524 734 1594 785 robis
1609 734 1673 796 aiat,
1687 734 1781 786 iacinns

1006 847 1016 871 ι
1030 827 1103 877 unius
1116 838 1209 886 eorum,
1224 826 1268 888 qui
1282 824 1405 875 maximus
1416 826 1477 874 natu
1490 826 1539 885 est,
1555 836 1651 888 quaeso,
1663 821 1745 874 videte
1756 823 1780 872 et

1004 935 1017 960 ι
1033 914 1204 966 οοιωὶόενσιε.

1032 1006 1151 1056 Lxxxii.
1162 1025 1175 1047 ν
1187 1007 1247 1054 Haec
1256 1008 1293 1054 eoi
1303 1002 1352 1053 titia
1364 1002 1446 1067 Spurii
1452 1002 1557 1052 Lucretii
1567 1013 1641 1065 quem
1652 1005 1780 1063 tyrannus,

1004 1614 1138 1679 «hospitio
1161 1614 1193 1664 ab
1206 1629 1236 1666 ca
1256 1614 1409 1679 cognationis
1431 1628 1520 1666 caussa
1541 1615 1629 1668 diisset
1655 1620 1782 1681 exceptus,

1004 1740 1016 1763 ι
1033 1716 1159 1782 superiore
1172 1722 1258 1779 nocte,
1273 1717 1396 1768 collatino
1411 1721 1471 1768 tunc
1485 1718 1586 1769 absente
1605 1721 1630 1770 ci
1649 1718 1674 1767 in
1696 1721 1784 1770 castris

115 1818 141 1859 νς
168 1821 181 1848 ι
199 1790 390 1873 στρατοπέδου,
406 1789 455 1861 τλν
472 1789 617 1848 ἀκόλαστον
640 1786 715 1867 ύύριν
734 1792 780 1860 τῆς
798 1774 948 1875 τύραννίδος

169 1911 182 1934 ιι
198 1882 247 1940 οὐκ
270 1878 385 1952 ἠδυνήθη
411 1879 558 1958 διαφυγεῖν·
583 1877 641 1936 ἀλλ’
655 1875 757 1955 ’ὥσπερ
780 1877 949 1955 αἰχμάλωτος

170 1999 184 2022 ι
200 1970 246 2029 ὐπ’
264 1968 378 2046 ἀνάγκης
396 1971 557 2047 κρατηθεῖσα
573 1965 711 2042 ὑπέμεινεν
733 1964 783 2023 ὅσα
811 1971 848 2043 μὴ
874 1970 949 2048 θέμις

171 2088 184 2111 ι
201 2060 323 2138 έλιυθέρφι
348 2057 452 2136 γυναικί
476 2056 577 2116 παθεῖν.
623 2054 683 2129 Ἐφ’
705 2043 741 2120 οἷς
761 2055 947 2132 ἀγανακτοῦσα

170 2176 182 2201 ι
197 2147 243 2207 καλ
260 2147 391 2230 ἀφόρητον
404 2145 537 2224 ἡγουμένη
552 2142 600 2214 τὴν
613 2140 704 2222 ύύριν,
721 2142 812 2215 ἐπειδη
824 2147 891 2225 ’πρὸς
903 2149 947 2208 τὸν

116 2260 143 2298 ac
172 2266 184 2289 α
199 2235 302 2315 πατέρα
317 2235 362 2295 καὶ
382 2235 440 2302 τούς
456 2233 551 2299 ἄλλους
571 2239 703 2312 συγγενεῖς
726 2230 772 2300 nd<
794 2241 948 2318 κατασχού.

1004 1840 1018 1868 ιι
1034 1824 1163 1882 versante,
1189 1820 1333 1871 effrenatam
1358 1834 1388 1870 ac
1411 1819 1615 1886 intemperantem
1645 1820 1784 1885 tyrannidis

1005 1942 1017 1965 ι
1032 1921 1205 1973 contumeliam
1218 1924 1327 1987 effugere
1341 1937 1390 1974 non
1405 1924 1499 1975 valuit:
1512 1923 1557 1975 sed
1578 1927 1607 1975 ut
1623 1925 1720 1989 captiva
1740 1938 1783 1975 ne-

1006 2046 1019 2071 ι
1032 2025 1147 2077 cessitate
1160 2031 1245 2077 coacta
1264 2026 1334 2087 tulit,
1357 2041 1414 2091 qum
1431 2028 1562 2092 ingenuam
1574 2028 1702 2079 mulierem
1723 2027 1785 2078 ierre

1004 2150 1018 2178 ιι
1034 2130 1102 2181 netas
1114 2132 1160 2181 eat.
1193 2131 1274 2187 Quam
1288 2128 1461 2181 contumeliam
1477 2129 1575 2195 indigne
1589 2131 1680 2191 serens,
1690 2143 1736 2182 nec
1748 2134 1785 2181 to·

1004 2251 1018 2280 ιι
1032 2233 1157 2285 ierandarn
1173 2231 1335 2293 existimans,
1348 2234 1480 2297 postquam
1500 2232 1566 2298 patri
1579 2235 1605 2285 et
1617 2234 1725 2296 cognatis
1740 2249 1786 2285 sua
1834 2234 1839 2263 ³

30 5280 41 5365 i

169 2354 182 2381 ι
198 2347 246 2393 σας
263 2323 348 2396 αὐτὴν
370 2324 484 2404 ἀνάγκας
507 2319 623 2393 διεξῆλθε
629 2365 641 2396 ,
656 2317 756 2387 πολλάς
782 2330 948 2406 ποιησαμένη

170 2442 182 2466 ι
198 2413 300 2487 δεήσεις
320 2413 367 2473 καί
390 2416 463 2494 ἀρὰς,
482 2413 527 2475 ἵνα
549 2417 662 2499 τιμωροὶ
684 2428 737 2488 τοῖς
759 2431 850 2490 κακοῖς
869 2426 950 2493 αὐτῆς

169 2503 312 2584 «γένοιντο
328 2504 373 2563 καὶ
396 2504 427 2563 τδ
446 2505 625 2586 κεκρυμμένον
648 2506 697 2568 {arrd
717 2514 770 2578 τοῖς
789 2512 895 2582 κόλποις
911 2512 949 2582 ξί-

171 2619 185 2645 a
201 2615 246 2672 φας
266 2590 443 2670 σπασαμένη,
461 2597 508 2651 τοῦ
528 2596 626 2674 πατρὸς
646 2599 767 2675 δρῶντος,
783 2589 805 2660 ιλ
820 2601 949 2679 δημόται,

174 2795 186 2821 ι
205 2769 343 2845 θαυμαστὴ
355 2768 387 2828 σύ
402 2770 447 2828 καῖ
458 2771 563 2831 πολλῶν
578 2770 691 2832 ἐπαίνων
703 2773 761 2843 ἀξία
774 2780 820 2847 τῆς
835 2780 952 2857 εὐγενοῦς

174 2858 393 2939 ιπροαιρίσεως,
413 2858 474 2941 οἴχῃ
490 2859 535 2920 καί
555 2860 696 2930 ἀπόλωλας
714 2866 763 2944 οὐχ
788 2867 953 2943 ὑπομείνασα

172 2973 186 3001 ιι
201 2946 358 3027 τυραννικὴν
381 2945 472 3027 ὐύριν,
494 2947 600 3017 ἁπάσας
622 2953 782 3031 ὑπεριδοῦσα
806 2953 854 3023 τὰς
869 2957 896 3016 ίν
912 2946 953 3017 'ed

174 3064 187 3087 ι
202 3038 251 3117 ζῇν
271 3035 384 3113 ἡδονάς,
413 3033 456 3095 ίνα
481 3059 522 3096 σοι
545 3038 627 3115 μηδίν
656 3040 695 3099 έτι
720 3047 835 3104 τοιοῦτον
851 3048 953 3129 ,συμόῇ

118 3141 148 3182 eo
173 3124 311 3188 Ιιιπαθεῑν.
353 3121 469 3186 Ἔπειτα
484 3124 516 3185 σύ
530 3125 595 3204 μδν,
623 3118 645 3188 ιύ
666 3131 836 3212 Λουκρητία,
851 3124 955 3213 ’γυναι-

176 3241 189 3267 ιι
205 3212 279 3280 κείας
300 3220 416 3293 τυχοῦσα
436 3212 553 3294 φύσεως,
579 3215 670 3296 ἀνδρὸς
693 3219 811 3295 εὐγενοῦς
831 3220 954 3303 φρόνημα

174 3330 188 3357 ι
206 3302 297 3381 ἔσχες·
307 3308 383 3379 ἡμεῖς
397 3301 425 3361 δδ
441 3301 532 3382 ἄνδρες
554 3303 831 3385 γενόμενοιγυναικῶν
850 3304 954 3394 χείρους

174 3418 188 3446 ι
205 3393 287 3472 ἀρειῇ
300 3390 485 3471 γενησόμεθας
500 3392 545 3450 καλ
557 3392 598 3453 σοί
608 3394 667 3470 μίν,
684 3395 799 3474 ἀτιμίαν
813 3390 955 3477 ίτυραννή-

174 3507 187 3532 ιι
201 3485 248 3553 θης
272 3478 354 3539 νύκτα
377 3482 547 3561 ἀφαιρεθεῖσα
575 3481 623 3554 πὴν
646 3481 774 3559 ἀμίαντον
796 3486 862 3544 αἰδῶ
887 3488 954 3563 μετά

121 3587 149 3628 ας
175 3596 188 3621 ι
207 3568 282 3646 βίας,
308 3568 389 3640 ἡδίων
410 3570 454 3628 καλ
483 3570 680 3653 μακαριώτερος
702 3571 786 3641 ἔδοξεν
809 3577 824 3631 θ
847 3576 956 3645 θάνατος

176 3685 190 3712 ι
207 3647 275 3715 εῖναι
297 3661 342 3717 τοῦ
368 3657 438 3738 βίου·
459 3662 524 3734 ἡμῖν
545 3657 573 3717 δὲ
589 3658 630 3738 ἄρ’
655 3661 684 3718 οὐ
703 3661 904 3739 παραστήσεται
927 3664 956 3724 τδ

177 3773 190 3798 ι
207 3744 271 3804 αὐτὸ
294 3749 380 3806 τοῦτο
399 3744 558 3819 ύπολαύεῖν,
589 3736 626 3806 ὧν
651 3746 795 3828 Ταρκύνιος
827 3753 856 3810 οὐ
893 3752 956 3829 μίαν

177 3862 191 3887 ι
206 3832 322 3913 ἡμέραν,
337 3833 404 3894 ἀλλά
420 3836 540 3915 πέμπτον
563 3834 609 3894 καί
630 3836 746 3897 εἰκοστὸν
768 3836 823 3907 ἔτος
839 3839 891 3913 ἡδη
909 3867 954 3901 τυ·
979 3881 984 3900 ι

177 3926 325 4004 ιραννῶν,
349 3923 435 3992 πάσας
461 3922 595 4006 ἀφῄρηται
614 3922 660 3991 τδς
680 3929 707 3985 έν
729 3929 768 4008 τῷ
790 3931 837 4000 ῖὴν
863 3932 957 4002 ἡδονάς

121 4035 152 4074 ιο
177 4040 190 4065 s
206 4011 354 4093 ίλευθερίαν
367 4012 540 4095 ἀφελόμενοςς
557 4013 604 4072 οὐκ
618 4011 689 4072 έστιν
703 4017 780 4089 ἡμῖν,
792 4005 815 4075 ιλ
830 4018 954 4095 δημόται,

177 4129 190 4155 ι
207 4102 302 4179 βιωτὸν
323 4103 350 4161 έν
368 4102 495 4167 τοιούτοις
510 4100 719 4176 κυλινδουμένοις
734 4111 835 4178 κακοῖς,
849 4107 956 4167 ἐκείνων

176 4219 190 4243 ι
204 4195 257 4250 τῶν
274 4192 375 4271 ἀνδρῶν
395 4180 468 4250 οὐσιν
483 4189 628 4268 ἀπογόνοις,
649 4188 675 4249 ολ
694 4188 728 4248 τδι
750 4191 838 4251 δίκαια
853 4195 956 4255 τάττειν

178 4279 294 4352 ιὴξίουν
313 4287 368 4347 τοῖς
389 4277 490 4349 ἄλλοις,
514 4278 559 4338 καί
581 4278 692 4346 πολλούς
721 4278 787 4360 ὐπδρ
809 4283 891 4363 ἀρχῆς
911 4287 958 4346 καί

177 4395 191 4423 ι
204 4368 280 4438 δόξης
294 4368 393 4445 ἤραντο
412 4365 561 4434 κινδύνους·
583 4364 651 4426 ἀλλά
671 4368 740 4426 δυεῖν
761 4368 868 4450 θάτερον
886 4370 958 4432 dnn-⁸

124 4475 152 4515 οι
177 4483 191 4509 ι
206 4479 249 4515 σιν
262 4454 425 4537 αῖρετίον,ἡ
450 4453 506 4532 βίον
522 4456 654 4536 ίλιύθιρον
674 4454 691 4526 ἡ
715 4455 826 4517 θάνατον
844 4458 954 4530 ἔνδοξον.

178 4570 191 4594 ⁸
206 4542 288 4603 Ἥκιι
303 4542 332 4602 δδ
346 4544 436 4624 καιρδς
458 4537 511 4607 οἷον
534 4550 681 4631 εὐχόμεθα,
700 4556 889 4629 μεθεστηκότος
910 4553 958 4633 μὲν

179 4661 193 4686 ι
211 4635 299 4706 darie
316 4635 418 4705 πόλεως
439 4640 599 4719 Ταρκυνίου,
626 4642 780 4722 ἡγουμένων
792 4646 820 4705 di
834 4649 881 4718 τῆς
897 4650 958 4706 ἐπι·

181 4752 194 4776 ι
210 4725 353 4804 χειρὴσεως
366 4732 418 4788 τῶν
433 4731 598 4809 πατρικίων,
621 4734 723 4801 οὐδενὸς
745 4734 770 4792 δ’
785 4740 849 4810 ἡμῖν
873 4736 960 4795 ἐλλεί-

180 4839 194 4863 ι
209 4815 312 4891 ψοντος,
324 4813 370 4872 ido
385 4816 416 4874 ῖκ
431 4819 578 4898 προθυμίας
594 4821 760 4903 χωρήσωμεν
776 4822 821 4882 iet
835 4822 869 4882 τά
887 4822 960 4902 ἔργα,

124 4932 154 4971 ω
180 4926 193 4951 ο
208 4902 423 4978 ademptionem
437 4907 584 4986 χρημάτων
599 4912 649 4988 οὐχ
666 4909 753 4969 ὅπλων
763 4913 793 4969 οὐ
805 4914 959 4989 στρατηγῶν

179 5017 191 5040 ·
207 4991 238 5048 οὐ
252 4993 300 5061 τῆς
315 4990 397 5066 ἄλλης
408 4997 456 5067 τῆς
469 4997 506 5063 είς
515 4995 549 5055 τά
558 4996 673 5073 πολέμια
681 5004 864 5077 παρασκευῆς·
876 4999 959 5071 μεστὴ

179 5105 193 5129 ι
209 5077 263 5158 γάρ
281 5078 406 5140 ἀπάντων
422 5086 440 5155 ἡ
456 5083 543 5156 πόλις,
566 5087 676 5166 αἰσχρὸν
693 5086 769 5160 [μίν]
786 5090 958 5148 Οὐολούσκων

180 5186 195 5216 e
207 5166 254 5224 καὶ
278 5166 401 5228 Σαόίνων
415 5172 515 5252 μυρίων
531 5171 577 5232 καί
589 5170 675 5232 ἀλλων
692 5174 782 5253 άρχιιν
795 5173 892 5247 ἀξιοῦν,
903 5178 959 5235 αὐ·

181 5254 268 5324 «τούς
291 5255 320 5315 δί
349 5258 518 5328 δουλεύοντας
540 5260 636 5345 ἑτέροις
659 5260 812 5341 ὐπομίνειν,
835 5263 960 5345 καὶπερὶ

1006 2357 1018 2382 ιι
1037 2334 1169 2386 intortunia
1181 2332 1299 2395 narravit,
1311 2333 1396 2384 multis
1410 2348 1453 2385 eos
1466 2338 1564 2399 precata
1578 2338 1604 2385 et
1620 2335 1744 2387 obtestata
1758 2339 1787 2386 ut

1005 2432 1137 2484 «iniurias
1157 2445 1215 2481 suas
1232 2431 1425 2492 ulciscerentur,
1449 2433 1538 2484 educto
1551 2434 1647 2495 cultro,
1666 2449 1741 2497 quern
1761 2435 1786 2484 in

1007 2529 1093 2579 «sinu
1111 2527 1221 2577 abditum
1244 2526 1367 2587 hahebat,
1389 2526 1542 2592 inspectante
1563 2528 1785 2592 patra,'Quirites‚

1007 2646 1020 2670 ι
1037 2627 1129 2675 serrum
1150 2624 1278 2675 inviscera
1297 2638 1342 2674 sua
1352 2624 1471 2675 condidit.
1507 2629 1569 2675 Ote
1580 2625 1747 2676 admirandam
1762 2629 1788 2677 et

118 2709 147 2748 ν
173 2681 247 2739 «διὰ
260 2684 311 2739 τῶν
327 2683 423 2751 ἑαυτῆς
437 2682 597 2762 animur
618 2683 701 2767 ιαμ
718 2687 762 2746 ιιι
778 2689 894 2767 ωηο,
908 2681 951 2753 ,ην
1009 2710 1013 2717 ·
1672 2684 1679 2705 ..

1009 2744 1020 2765 ιι
1039 2723 1071 2773 nb
1094 2735 1240 2786 generosum
1273 2722 1382 2772 animum
1416 2722 1501 2773 multis
1519 2705 1643 2774 'laudibus
1671 2722 1785 2788 dignaml
1830 2706 1836 2714 ⁵

1008 2847 1020 2870 ιι
1035 2824 1131 2887 onisii,
1143 2824 1252 2889 periisti,
1273 2838 1321 2875 non
1338 2825 1418 2876 terens
1429 2828 1582 2891 tyrannicam
1597 2828 1786 2889 contumeliam,

1009 2948 1021 2973 ιι
1037 2928 1155 2991 negdectis
1172 2927 1286 2979 omnibus
1297 2927 1371 2978 huius
1380 2929 1439 2983 ritae
1450 2929 1625 2994 voluptatibus,
1641 2931 1731 2994 nequid
1743 2931 1786 2982 tibi

1011 3047 1022 3069 ν
1036 3025 1160 3079 eiusmodi
1169 3026 1274 3091 amplius
1285 3027 1469 3091 perpetiendum
1485 3033 1557 3079 esset.
1571 3032 1602 3078 Et
1611 3032 1648 3089 tn,
1664 3030 1786 3089 Lucretia,

1010 3149 1022 3172 ι
1037 3128 1124 3180 mulier
1133 3130 1199 3187 nata,
1213 3127 1259 3177 riri
1275 3126 1501 3191 generosianimurn
1513 3128 1620 3180 timuisti
1634 3151 1639 3181 :
1654 3142 1781 3191 nosram,
1823 3134 1827 3145 '

1010 3242 1022 3266 ι
1037 3224 1083 3287 qui
1102 3223 1148 3273 viri
1162 3237 1248 3275 sumus
1260 3223 1318 3285 nati,
1346 3238 1360 3273 a
1379 3223 1524 3275 mulieribus
1538 3225 1631 3277 virtute
1655 3226 1785 3290 superabi-

1010 3340 1022 3364 ν
1040 3326 1117 3373 mur?
1148 3323 1184 3371 Tu
1197 3321 1298 3386 quidem
1312 3321 1389 3387 quod,
1400 3323 1474 3373 unius
1486 3326 1566 3374 noctis
1581 3337 1653 3390 passa
1667 3338 1694 3375 cs
1704 3328 1787 3388 tyran·

1011 3440 1024 3463 o
1039 3420 1134 3479 uidem,
1158 3420 1185 3470 et
1207 3418 1335 3483 impolluta
1357 3419 1476 3484 pudicitia
1499 3423 1609 3486 pervim
1626 3423 1729 3487 spoliata
1745 3437 1787 3485 aa,

1011 3538 1023 3564 ι
1039 3520 1143 3569 mortem
1155 3517 1208 3581 ipsa
1219 3517 1270 3568 vita
1282 3517 1453 3569 iucundiorem
1462 3530 1493 3567 ac
1507 3517 1640 3569 beatiorem
1655 3519 1769 3570 iudicasti
1781 3533 1787 3562 ε

1011 3633 1024 3657 «
1042 3614 1114 3665 nobis
1127 3626 1188 3663 rero
1200 3626 1249 3663 non
1264 3614 1345 3665 reniet
1356 3614 1381 3663 in
1392 3619 1501 3665 merrtem
1516 3618 1545 3664 ut
1561 3613 1627 3665 idem
1646 3615 1789 3677 sentiamus,

1012 3728 1024 3752 ι
1039 3708 1130 3771 quibus
1152 3707 1291 3773 Tarquiniis
1309 3707 1445 3760 dominatio
1471 3723 1521 3758 nou
1543 3721 1686 3773 perunum
1710 3707 1789 3769 diem,

1013 3823 1025 3847 ν
1042 3802 1085 3854 sed
1109 3804 1158 3854 iarn
1178 3816 1223 3868 per
1237 3803 1366 3854 continuos
1392 3803 1605 3869 vigintiquinque
1627 3816 1719 3866 annos,
1742 3815 1790 3854 una

1013 3923 1025 3947 ν
1044 3916 1101 3953 cum
1121 3902 1173 3967 ipsa
1198 3901 1313 3954 libemate
1341 3914 1440 3953 ornnem
1462 3902 1530 3954 ‚rita
1553 3904 1662 3951 fructum
1684 3899 1792 3963 eripuit?

1012 4021 1025 4045 ν
1044 4003 1097 4051 Non
1118 4005 1165 4061 est,
1192 3999 1317 4061 Quirites,
1344 3999 1477 4050 rirendurn
1499 3998 1577 4060 nobis,
1598 3997 1640 4061 qui
1663 3997 1791 4048 inistius·

1012 4119 1025 4143 ι
1042 4098 1110 4149 modi
1127 4098 1199 4150 malis
1216 4110 1361 4158 versamur;
1388 4110 1445 4147 cum
1464 4095 1497 4146 ab
1515 4095 1563 4146 iilis
1581 4095 1658 4146 simus
1678 4096 1790 4155 oriundi,

1013 4216 1026 4240 ι
1043 4197 1088 4262 qui
1101 4211 1128 4247 se
1145 4197 1200 4248 aliis
1219 4197 1273 4247 iura
1290 4195 1392 4245 reddere
1410 4208 1510 4259 aquarn
1526 4197 1688 4255 censuerunt,
1701 4196 1792 4260 quique

1013 4314 1026 4338 o
1046 4295 1124 4347 multa
1147 4295 1256 4360 pericula
1277 4308 1322 4360 pro
1342 4294 1482 4359 imperiosi
1495 4292 1571 4359 gioria
1586 4293 1733 4344 subierunt:
1749 4291 1793 4341 sed

1015 4411 1027 4435 o
1044 4393 1192 4443 alterutrum
1213 4390 1327 4442 omnibus
1345 4396 1384 4443 est
1408 4390 1561 4456 erigendum,
1581 4392 1620 4441 rel
1639 4392 1691 4440 rita
1703 4388 1792 4449 libera,

1014 4510 1027 4535 a
1051 4492 1180 4541 velmors
1201 4489 1317 4556 gloriose.
1353 4490 1430 4541 Adest
1450 4490 1514 4541 enim
1538 4494 1636 4554 tempus
1660 4486 1727 4550 quod
1746 4500 1791 4551 op·

1014 4606 1028 4635 ι
1044 4588 1172 4651 tabernas,
1185 4587 1319 4652 Tarquinio
1333 4586 1366 4638 ab
1383 4586 1445 4639 urbe
1458 4588 1554 4639 remoto
1565 4590 1591 4636 ei
1607 4582 1716 4648 patriciis
1727 4582 1751 4633 in
1767 4596 1794 4634 re

1016 4712 1029 4737 α
1042 4693 1203 4759 aggredienda
1226 4691 1340 4751 ducibus,
1359 4703 1405 4741 nec
1429 4689 1481 4740 ιιΙΙο
1505 4700 1547 4738 reo
1566 4683 1640 4735 nobis
1658 4681 1738 4732 deerit
1752 4720 1759 4743 ‚
1773 4680 1794 4731 si

1017 4810 1030 4835 ι
1044 4792 1120 4844 alacri
1130 4791 1213 4842 animo
1225 4789 1257 4840 ad
1266 4803 1319 4839 rem
1331 4789 1409 4853 ipsam
1424 4783 1589 4851 peragendam
1602 4779 1793 4841 accesserimu53

1017 4909 1029 4933 ν
1047 4903 1096 4939 non
1117 4889 1237 4947 homines,
1253 4901 1301 4937 non
1321 4885 1449 4951 pecnnia,
1472 4898 1520 4934 non
1535 4896 1618 4942 arnna,
1639 4894 1689 4932 non
1708 4878 1793 4941 duces,

1015 5004 1029 5033 ι
1042 4985 1147 5051 denique
1179 4986 1262 5037 nuilus
1291 4985 1354 5036 alins
1381 4985 1485 5035 bellicus
1508 4986 1641 5048 apparatus
1668 4981 1795 5044 (omniurn

1015 5076 1106 5127 «enim
1127 5076 1188 5127 urbs
1208 5081 1247 5128 eet
1266 5070 1369 5143 piena);
1389 5082 1497 5141 etturpe
1510 5078 1576 5128 esset
1594 5088 1639 5125 nos
1656 5074 1795 5139 ipsos‚qui

1016 5194 1028 5219 α
1046 5172 1191 5224 Volscorum
1203 5177 1229 5224 et
1241 5174 1389 5227 Sabinorum
1408 5189 1438 5226 ac
1450 5174 1556 5226 aliorum
1578 5173 1731 5225 infinitorum
1748 5187 1794 5236 po-

1016 5293 1029 5318 t
1044 5273 1160 5339 Μίλωνι
1180 5273 1313 5341 imperium
1334 5276 1494 5338 affectamus,
1517 5277 1621 5327 aiiomm
1648 5272 1794 5325 servitutem
