4070 5926
571 504 576 513 ⁸
675 422 969 498 adnrourm'ruu
992 427 1144 492 noum.
1171 431 1243 495 nin.
1271 433 1321 492 rx.

179 552 248 635 με’ρη
268 551 368 632 λόγων,
383 553 502 626 ἀνίκησεν
523 560 541 627 ἡ
558 553 717 615 σπένδεσθαι
733 562 898 635 παραινοῦσα
913 559 957 618 τὸν

179 643 244 723 πρός
255 642 349 710 αθτοίνς
360 642 477 720 πολεμον
493 642 605 722 γνώμη,
620 644 736 722 γίνονταί
751 645 776 704 τ’
798 646 892 726 ἀνοχαὶ
911 653 957 707 τοῦ

178 732 296 811 πολέμου
307 730 373 811 πρὸς
383 732 760 811 αὑτοὺςτισσαρακονταετεῑς,
805 734 892 795 Kaloi
907 734 956 813 μίν

180 822 300 902 ἀπῄεσαν
314 820 415 888 πολλόις
429 825 462 900 τῇ
478 819 556 880 πολει
570 825 617 894 τῆς
632 820 737 901 εἰρήνης
752 819 865 902 χάριτας
890 826 957 885 εἶδό-

141 924 156 964 t
181 934 232 978 τες·
253 909 444 976 stimulo<
470 906 628 990 ἀρικάμενος
646 913 684 978 εἰς
706 908 754 982 τὴν
770 910 846 971 πόλιν
863 913 908 972 tet
924 937 956 992 τη

182 998 326 1059 καταλύσει
347 1003 392 1058 τοὺ
404 994 523 1074 πολίμου
536 995 580 1057 τόν
599 997 678 1068 πεζὸν
695 997 825 1079 θρίαμὺον
841 1002 956 1075 αἰτησά-

182 1110 258 1167 μενος
273 1087 376 1148 ἔλαθεν.
418 1084 542 1163 Ἐγίνετο
555 1087 583 1148 δί
597 1085 644 1146 καί
657 1086 766 1165 τίμησις
778 1088 822 1147 ίπί
838 1092 886 1163 τῆς
899 1089 957 1150 τού-

181 1200 233 1236 των
250 1180 346 1259 άρχῆς,
360 1177 406 1236 καί
417 1167 484 1250 ἦσαν
499 1178 523 1235 ol
535 1176 713 1253 τιμησάμενοι
724 1176 831 1236 πολῖται
846 1186 956 1258 opifera

182 1265 275 1334 αὐτοὺς
289 1265 335 1327 καί
348 1264 476 1348 χρήματα
494 1264 540 1323 καί
554 1263 615 1332 τοὺς
635 1267 662 1325 ἰν
674 1264 730 1345 ἤθη
747 1267 844 1334 παῖδας
876 1265 957 1347 ὀλίγῳ

130 1370 155 1411 to
181 1357 285 1424 πλείους
299 1355 452 1438 τρισχιλίων
466 1378 497 1415 τε
510 1353 556 1413 καί
575 1354 747 1433 τρισκαίδεκα
769 1354 915 1435 μυριάδων.

220 1444 363 1506 xxxvlt.
386 1445 421 1505 Οἱ
437 1441 464 1502 δό
479 1439 548 1519 μετθι
562 1443 668 1510 τούτους
692 1443 893 1525 παραλαδόντες
906 1442 954 1515 τὴν

181 1523 281 1586 ὑπατον
303 1525 399 1605 ἀρχὴν,
419 1527 529 1596 Λεύκιος
551 1530 674 1607 Αίμιλιος
695 1533 840 1611 Μάμερκος
858 1533 888 1592 τό
902 1536 960 1613 τρί-

180 1641 224 1676 τον
247 1615 293 1675 καί
317 1616 468 1684 Οὐοπίσκος
483 1616 609 1692 Ἰούλιος,
638 1620 682 1680 tul
710 1624 756 1693 τῆς
779 1619 893 1699 ἐύδόμης
914 1622 959 1681 καί

180 1703 379 1782 ἑθδυμηκοστῆς
402 1704 579 1783 ὀλυμπιάδος,
602 1707 635 1779 ἢν
658 1708 731 1768 blan
757 1711 861 1771 στάδιον
883 1712 957 1772 Δάν-

128 1821 152 1859 ιι
179 1816 237 1865 της,
252 1790 375 1865 Ἀθήνησι
388 1791 411 1850 δ’
423 1792 549 1873 ἄρχοντος
563 1792 702 1872 Χάρητος,
718 1794 842 1857 ίπίπονον
857 1797 957 1879 σράδρα

180 1882 226 1940 καὶ
239 1882 383 1960 ταραχώδη
407 1880 454 1954 τὴν
479 1882 565 1963 ἀρχὴν
586 1883 753 1958 διετελεσαν,
775 1884 881 1965 εἰρήνην
906 1887 954 1962 μίν

181 1971 287 2049 ἄγοντες
302 1970 355 2029 eni
367 1972 419 2030 τῶν
436 1968 530 2041 ἔξωθεν
544 1971 686 2048 πολέμων·
704 1976 730 2033 ἰν
742 1974 843 2056 ἡσυχίη
857 1974 908 2053 γόιρ
922 1966 955 2047 ἦν

179 2059 314 2120 πάντατά
332 2060 460 2143 διάφορα·
476 2059 527 2119 ὑπδ
540 2061 568 2120 δί
582 2065 635 2129 τῶν
650 2065 676 2123 ἰν
690 2066 723 2143 τῆ
744 2061 821 2124 πόλει
837 2062 955 2124 στάσεων

181 2148 255 2210 αὐτοί
269 2173 297 2209 τε
313 2151 349 2219 εἰς
359 2148 491 2217 κινδύνους
504 2149 638 2230 ἀχθέντες,
651 2151 696 2211 καί
711 2147 758 2222 τὴν
778 2150 854 2210 πάλιν
868 2148 956 2227 ὀλίγου

125 2281 156 2320 ,0
180 2239 320 2311 δεήσαντες
350 2237 491 2301 ἀπολύσει.
549 2237 599 2308 Ὧς
628 2238 679 2322 γάρ
706 2238 873 2301 ἀνεπαύσατο
904 2243 956 2297 τῶν

180 2330 323 2410 στρατειῶν
337 2328 368 2387 τό
387 2329 503 2401 πλῆθος,
525 2327 570 2388 tal
594 2327 643 2402 τλν
658 2326 787 2404 διανομὴν
813 2326 887 2395 εὐθὺς
900 2325 955 2406 ltp-

179 2440 249 2494 μησε
265 2420 318 2479 τῶν
342 2417 477 2493 δημοσίων
502 2418 601 2497 ἀγρῶν.
644 2406 699 2478 Ἦν
724 2417 780 2497 γάρ,
791 2440 830 2484 τις
855 2419 882 2476 ἰν
903 2417 957 2485 τοῖς

180 2507 326 2588 δημάρχοις
349 2504 445 2585 θρασίις
469 2504 515 2566 καί
535 2503 621 2582 λίγειν
645 2508 694 2566 οὐκ
718 2504 846 2573 ἀδύνατος
871 2502 955 2584 ἀνὴρ,

180 2597 273 2662 Γναῖος
290 2597 312 2655 Γ
313 2595 427 2668 ινύκιος,
443 2596 457 2652 ὑ
472 2593 638 2676 παραθήγων
652 2595 700 2662 τόις
714 2591 795 2675 ὀργόις
806 2595 859 2652 τῶν
872 2591 955 2664 πενή-

124 2722 152 2761 25
178 2706 239 2743 των·
282 2673 367 2751 Οὑτος
379 2683 522 2756 ἐκκλησίας
537 2682 656 2762 συνάγων
670 2682 797 2743 ίκάατοτε
812 2680 858 2741 καί
872 2682 954 2754 ὀκδη·

179 2774 311 2852 μαγωγῶν
324 2770 383 2839 τοὺς
398 2771 526 2852 ἀπόρους,
541 2770 742 2855 προσηνάγκαζε
759 2768 818 2837 τοίας
841 2768 955 2839 ὑπάτους

177 2862 211 2920 τά
227 2859 279 2919 ὑπό
293 2862 340 2931 τῆς
355 2863 452 2939 βουλῆς
466 2860 631 2942 ψηρισθίντα
649 2858 710 2939 περὶ
729 2864 776 2931 τῆς
793 2857 953 2938 κληρουχίας

178 2948 320 3011 συντελεῖν.
364 2951 400 3009 (tt
415 2950 438 3008 δ’
451 2952 502 3029 ούχ
520 2948 702 3022 ὑπήκουον,οθ
716 2950 750 3026 τῇ
765 2950 868 3006 ίαυτῶν
884 2948 954 3026 ἀρχῇ

177 3039 296 3118 λίγοντες
310 3036 482 3117 ίπιτετοίχθαι
498 3036 529 3096 τό
541 3036 618 3115 ἔργον
632 3037 741 3109 ὑπὸτῆς
755 3038 867 3115 βουλῆς,
885 3035 955 3094 ἀλλά

123 3150 151 3189 ao
177 3136 231 3196 τοῖς
245 3124 314 3196 μετίι
333 3128 451 3187 Κάσσιον
467 3125 512 3186 καί
528 3124 681 3207 Οὐεργίνιον
696 3122 897 3203 ὑπάταις,πρός
912 3121 955 3192 οὑς

178 3213 256 3299 [καί]
281 3215 312 3275 τό
326 3213 514 3296 προάυύλευμα
539 3214 651 3294 ἰγράρη*
672 3214 719 3274 καί
734 3210 792 3290 ἀμα
813 3212 867 3272 οὐδ’
886 3201 953 3270 εἰναι

176 3302 272 3383 νόμους
289 3305 325 3373 εἰς
344 3303 386 3363 ἀεί
409 3302 529 3383 κυρίους,
554 3302 572 3362 ἀ
592 3301 732 3384 ψηφίζεται
750 3300 781 3361 τό
802 3298 953 3378 συνίδριον,

178 3391 248 3453 ἀλλά
268 3391 451 3469 πολιτεύματα
471 3393 571 3473 καιρῶν
591 3390 721 3451 ἐνιαύσιον
745 3393 842 3471 ἔχοντα
865 3387 951 3468 ἰσχύν.

177 3480 287 3549 Ταύτας
315 3479 542 3560 προδαλλομίνων
571 3483 625 3540 τῶν
649 3478 757 3538 ὑπάτων
780 3475 828 3544 τίς
855 3475 953 3549 αἰτίας,

122 3600 150 3639 es
178 3569 304 3638 ἀδύνατος
324 3569 391 3631 bnt
411 3567 533 3637 Γενύκιος
555 3568 649 3635 αὐτοὺς
670 3565 823 3644 ἀναγκάσαι
846 3565 953 3641 μείζονα

177 3658 296 3728 ἐξουσίαν
309 3658 434 3740 ίχοντας,
449 3658 547 3734 ἰταμὴν
561 3655 620 3717 ὑδόν
633 3655 773 3736 ἰτράπετο.
827 3655 889 3719 Τοῖς
902 3650 954 3732 γάρ

178 3745 344 3807 ὑπατεύσασι
353 3745 383 3806 τδ
396 3746 410 3805 ί
410 3749 545 3826 μπροσθεν
555 3743 612 3811 ἔτος
624 3741 738 3823 Μαλλίῳ
749 3764 779 3802 τε
792 3739 838 3801 καί
848 3737 954 3818 Λευκίῳ

177 3835 253 3907 δίκην
264 3833 391 3914 ἀπήνεγκε
405 3831 551 3910 δημοσίαν,
566 3831 612 3891 καί
624 3841 747 3911 προείπω
758 3828 833 3902 ἥκειν
849 3831 893 3888 ἐπὶ
908 3827 952 3888 τὸν

179 3922 262 3998 δῆμον
280 3917 547 3998 ἀπολογησυμίνους,
563 3918 654 3999 ὑρίσας
668 3917 790 3998 ἄντικρυς
804 3914 852 3988 τλν
866 3914 952 3974 αἰτίαν

123 4054 152 4093 40
179 4014 226 4082 τῆς
236 4007 327 4085 δίκης,
341 4007 381 4068 ὀτι
400 4008 446 4069 τδν
459 4010 544 4084 δῆμον
558 4009 692 4068 ἀδικοῦσιν
706 4008 753 4068 οθκ
768 4003 954 4074 ἀποδείξαντες

179 4098 240 4163 τοίας
264 4097 329 4159 δίκα
357 4096 470 4179 άνδρας,
495 4094 540 4163 οθς
554 4096 703 4179 ίψηρίσατο
725 4102 743 4170 ἡ
768 4093 869 4175 βουλὴ,
894 4090 954 4160 τοός

177 4184 370 4263 ποιησομίνους
380 4186 429 4259 τὴν
442 4188 495 4244 τῶν
504 4185 610 4265 κλήροιν
622 4184 763 4261 διανομήν.
797 4186 855 4246 Τοῦ
870 4182 898 4241 δό
915 4182 953 4256 μὴ

178 4277 230 4333 τῶν
245 4272 334 4335 ἀλλων
342 4272 415 4342 τινάς
428 4272 537 4333 ὑπάτων
550 4274 625 4353 άγειν
640 4273 684 4335 ἐπὶ
696 4272 744 4345 τὴν
755 4272 840 4346 δίκην,
852 4270 954 4330 διύδεκα

177 4367 326 4446 γενομίνων
341 4370 395 4427 τῶν
410 4364 509 4446 μεταξὺ
524 4365 656 4447 ἀρχείων,
679 4370 724 4449 ἀρ’
741 4357 770 4426 αὑ
784 4365 815 4425 τό
831 4362 949 4445 πρσὺού-

123 4490 151 4530 „
178 4459 267 4525 λευμα
282 4455 401 4536 ίγράρη,
415 4456 522 4524 τούτους
542 4453 571 4514 δί
582 4453 763 4535 προὺαλίσθαι
781 4451 842 4520 τοὺς
856 4452 955 4530 ἄνδρας

179 4541 271 4615 μόνους
291 4544 338 4608 τῆς
357 4537 514 4617 ψευσθείσης
530 4537 707 4617 ὑποσχίσεως,
722 4538 844 4601 ἰπιεικεῑς
865 4537 955 4614 ίῳιρεν

180 4629 340 4697 αἰτίας·καί
359 4631 486 4689 τελευτῶν
507 4629 556 4710 ίρη
578 4631 664 4704 μόνως
684 4626 716 4686 ἃν
735 4626 818 4693 οὑτως
836 4628 955 4703 ἀναγκα-

177 4720 271 4790 σθῆναι
287 4717 346 4785 τοὺς
360 4721 387 4778 ἀν
402 4719 472 4795 ἀρχῇ
482 4716 542 4775 τότε
556 4714 632 4782 ὄντας
645 4714 760 4781 ὑπάτους
773 4715 956 4793 κληρουχῆσαι

177 4804 227 4873 τὴν
249 4808 315 4883 γῆν,
337 4805 382 4866 lto
404 4807 507 4887 ίτέρους
525 4805 597 4874 τινόις
624 4805 699 4865 ίδωσι
727 4806 802 4879 δίκην
825 4804 954 4884 τῷδήμῳ

119 4930 149 4968 ω
177 4892 307 4967 διδόντας,
324 4895 530 4973 ἐνθυμηθέντας,
545 4892 586 4953 ὀτι
607 4894 654 4953 καί
672 4916 759 4974 σρισιν
783 4895 870 4960 αὐτοῖς
885 4913 954 4968 συμ-

177 4979 289 5051 6ιίσεται
303 4983 383 5042 ταίντδ
398 4990 501 5044 παθεῖν.

216 5071 376 5134 xxxvtll.
398 5073 485 5131 Ταῦτ’
501 5069 582 5129 εἰπὼν
597 5068 642 5129 καί
657 5067 847 5146 παρακαλίσας
869 5068 953 5128 άπαν·

174 5182 222 5227 τας
236 5158 310 5234 ἥκειν
321 5158 366 5219 ὀπί
377 5158 425 5231 τὴν
440 5158 535 5233 δίκην,
548 5161 609 5218 καθ’
619 5160 696 5239 ίερῶν
708 5159 733 5215 τ’
744 5156 842 5234 ὀμόσας
855 5149 873 5232 ἦ
900 5159 953 5237 μὴν

175 5249 300 5327 ίμμενείν
315 5256 371 5316 τοῖς
391 5244 563 5326 ίγνωσμίνοις
585 5246 631 5305 καί
651 5243 725 5325 πάση
746 5245 880 5328 προθυμίη
904 5248 956 5306 τῶν

1731 446 1793 508 553

1014 564 1153 621 laciendum
1164 571 1295 631 censebat,
1310 572 1468 639 induciaeque
1490 577 1655 643 quadraginta
1671 582 1696 632 ia
1716 598 1794 638 annos

1012 666 1141 732 ipsissimi
1152 670 1226 722 datm.
1262 676 1343 737 Atque
1355 671 1392 722 illi
1409 676 1526 727 maximis
1539 679 1626 742 gratiis
1641 685 1732 748 populo
1742 689 1790 737 ito-

1012 766 1130 817 manoob
1152 781 1237 832 pacem
1262 769 1423 834 impetratam
1444 773 1507 825 actis
1530 775 1665 828 abierunt.'
1687 783 1794 835 Manlius

1014 862 1110 913 veroin
1130 863 1218 915 urbem
1233 879 1363 929 reversus,
1380 871 1413 921 ob
1432 884 1519 936 pacem
1538 879 1637 938 partam
1652 881 1792 935 ovationem

1013 974 1090 1025 quam
1102 963 1174 1026 petiit
1183 962 1336 1029 impetravit.
1370 968 1416 1019 llis
1431 971 1577 1024 consulibus
1590 989 1679 1029 munus
1692 944 1794 1049 quoque

1014 1055 1116 1110 babitus
1129 1063 1177 1121 est,
1196 1066 1222 1112 et
1240 1063 1316 1123 cives,
1336 1065 1381 1131 qui
1400 1067 1494 1133 seipsos
1506 1073 1531 1120 et
1549 1076 1667 1138 pecunias
1687 1081 1712 1130 et
1727 1079 1792 1133 lilios

1014 1157 1121 1221 puberes
1131 1165 1290 1223 censuerunt,
1302 1163 1387 1228 paullo
1397 1165 1482 1230 plures
1491 1172 1562 1219 eraut
1576 1177 1677 1225 centum
1693 1177 1794 1243 triginta

1014 1258 1040 1304 et
1052 1255 1134 1307 tribus
1154 1257 1274 1310 millibus.

1046 1482 1166 1535 xxxvtl.
1190 1488 1263 1537 Anno
1277 1488 1404 1552 sequenti.
1421 1490 1536 1543 consules
1555 1492 1616 1545 lacti
1632 1499 1660 1547 L.
1678 1503 1793 1555 AEmllius

1014 1575 1154 1627 Mamercus
1170 1579 1274 1630 tertium
1285 1585 1311 1631 et
1329 1583 1464 1647 Vospiscus
1479 1586 1572 1646 Julius,
1596 1602 1692 1653 εκανιι,
1712 1595 1795 1659 olym«

1014 1667 1101 1733 piade,
1120 1683 1171 1735 qun
1191 1671 1317 1725 lastadio
1336 1675 1398 1726 vicit
1415 1679 1509 1729 Baulos
1531 1681 1652 1746 argivus,
1675 1688 1793 1743 archonte

1014 1762 1118 1815 Athenis
1132 1764 1251 1826 charete,
1267 1767 1488 1822 laboriosissimum
1503 1786 1532 1823 ac
1550 1775 1792 1834 turbulentissimum

1014 1857 1156 1908 babuerunt
1181 1858 1352 1921 consulatum.
1383 1863 1443 1930 quia
1465 1865 1538 1916 bellis
1561 1867 1664 1934 quidem
1685 1877 1795 1927 extemis

1013 1956 1062 1993 nou
1076 1945 1255 2002 intentabantur
1268 1952 1363 2011 (omues
1374 1957 1440 2007 euim
1454 1958 1540 2009 hostes
1553 1961 1634 2023 pacali
1649 1964 1737 2025 eraut),
1750 1967 1793 2017 sed

1013 2034 1113 2087 urbanis
1135 2040 1296 2095 seditionibus
1316 2049 1342 2097 et
1361 2048 1407 2111 ipsi
1426 2049 1451 2099 in
1470 2051 1558 2102 salutis
1581 2054 1716 2117 periculum
1735 2063 1793 2111 sunt

1012 2128 1121 2191 adducti,
1135 2136 1161 2183 et
1174 2135 1313 2199 respublica
1324 2139 1357 2189 ab
1370 2139 1431 2205 ipsis
1443 2155 1506 2207 pene
1516 2148 1555 2195 est
1566 2160 1654 2199 eversa
1684 2152 1746 2201 llam
1759 2151 1790 2201 si·

1013 2231 1143 2299 mulatque
1153 2234 1316 2288 multitudon
1330 2239 1395 2291 bello
1408 2243 1524 2303 cessarit,
1538 2246 1669 2298 contestlm
1683 2255 1735 2315 agri
1745 2265 1793 2316 pu·

1012 2323 1072 2374 blici
1089 2324 1236 2377 divisionem
1260 2329 1371 2394 llagitare
1386 2334 1468 2399 caepit.
1490 2338 1551 2387 Erat
1563 2337 1628 2389 enim
1643 2341 1744 2405 quidam
1759 2343 1791 2397 de

1015 2419 1172 2471 tribunorum
1196 2422 1299 2489 collegio
1321 2426 1361 2476 vir
1387 2428 1470 2480 audax
1488 2445 1534 2481 uec
1558 2432 1721 2496 infacundus,
1745 2440 1790 2490 Gn.

1015 2511 1147 2572 θααυοίιιε,
1163 2514 1208 2579 qui
1222 2515 1308 2581 inopes
1322 2518 1355 2569 ad
1378 2520 1440 2572 iram
1464 2523 1606 2590 instigabat.
1639 2531 1691 2579 lste
1707 2532 1792 2594 quoti-

1015 2610 1096 2664 dianis
1120 2614 1278 2665 macionibus
1297 2618 1402 2680 captans
1425 2617 1526 2682 inopum
1549 2621 1669 2684 gratiam,
1692 2624 1792 2674 volebat

1013 2718 1101 2771 cogere
1110 2706 1225 2758 eonsules
1241 2711 1270 2757 ut
1286 2711 1530 2762 senatusconsultum
1542 2712 1574 2764 de
1585 2728 1644 2779 agro
1656 2715 1791 2767 dividendo

1014 2797 1109 2849 laclu'm
1123 2803 1327 2865 exsequerentur.
1350 2800 1391 2852 llll
1413 2816 1473 2853 vero
1487 2804 1511 2855 ei
1534 2819 1583 2857 non
1605 2809 1735 2872 parebunt,
1749 2811 1790 2861 di-

1014 2896 1100 2944 oentes
1115 2906 1163 2941 nun
1181 2891 1229 2943 sibi
1245 2892 1290 2943 sed
1301 2894 1384 2960 iisqui
1399 2901 1458 2961 post
1469 2898 1584 2950 cassium
1601 2902 1791 2968 Virginiunaque

1013 2991 1171 3043 consulatum
1208 2992 1359 3055 gessissent,
1394 2993 1426 3044 ad
1461 3006 1525 3058 quos
1548 2996 1790 3047 senatusconsultum

1013 3082 1134 3149 scriplum
1145 3088 1207 3144 erat,
1229 3084 1257 3135 ld
1273 3099 1288 3135 a
1306 3088 1394 3137 senatu
1413 3085 1564 3150 imperatum
1577 3100 1651 3137 esse:
1666 3087 1792 3153 simulque

1013 3180 1237 3230 senatusconsulta
1248 3193 1297 3231 uon
1309 3194 1364 3232 esse
1374 3180 1448 3245 leges,
1463 3194 1522 3246 qun
1532 3184 1652 3245 perpetuo
1662 3183 1723 3232 ratu
1736 3196 1792 3233 ma-

1012 3278 1101 3333 neant,
1117 3273 1161 3326 sed
1180 3274 1294 3327 instituta
1314 3275 1365 3327 rim
1391 3276 1467 3327 unius
1488 3277 1547 3327 anni
1568 3277 1693 3329 habentia.
1725 3280 1792 3329 Cou-

1012 3370 1109 3423 sulibus
1130 3371 1190 3422 bus-
1202 3383 1304 3422 caussas
1324 3366 1552 3434 pretendentibus,
1576 3370 1716 3429 Genucius,
1731 3371 1791 3436 quia

1012 3479 1056 3517 eos
1067 3466 1161 3530 majore
1185 3469 1309 3531 potestate
1328 3462 1448 3529 preditos
1460 3477 1548 3529 cogere
1562 3477 1612 3514 uon
1631 3468 1742 3530 poterat,
1759 3466 1791 3516 ad

1012 3560 1081 3612 viam
1097 3558 1231 3610 violentam
1244 3572 1271 3611 se
1283 3558 1416 3610 convenit,
1449 3561 1511 3609 Nam
1519 3559 1656 3622 superioris
1663 3560 1720 3609 anni
1731 3572 1792 3609 cou-

1013 3652 1118 3711 sulibus,
1140 3650 1231 3702 llaulio
1249 3655 1276 3703 et
1296 3651 1386 3709 Furio.
1408 3650 1492 3702 dicam
1510 3650 1609 3716 iniuria
1632 3651 1699 3717 plebi
1719 3651 1792 3703 tacte

1014 3745 1121 3811 scripsit,
1136 3745 1309 3812 illisquediem
1320 3745 1394 3805 dixit,
1410 3744 1442 3796 ad
1456 3760 1535 3811 quam
1546 3759 1589 3796 eos
1601 3758 1716 3795 caussam
1725 3746 1791 3811 upud

1013 3837 1134 3905 populum
1143 3837 1255 3890 dicturos
1272 3839 1357 3891 renim
1370 3837 1454 3904 lussit,
1469 3837 1629 3903 pmnunliato
1645 3835 1726 3902 pulnm
1741 3839 1792 3889 cri·

1012 3932 1087 3993 mine,
1103 3934 1176 3999 culus
1194 3947 1237 3985 eos
1252 3946 1309 3984 reos
1319 3946 1374 3984 esse
1392 3932 1501 3991 dicebat,
1515 3930 1584 3997 quod
1595 3928 1661 3996 plebi
1674 3930 1791 3995 iujuriam

1012 4025 1133 4088 tacerent,
1152 4025 1301 4078 nonereatis
1316 4024 1464 4077 decemviris
1483 4038 1515 4076 ex
1537 4025 1792 4092 senatuscosulloqui

1013 4136 1086 4189 agros
1101 4120 1250 4175 ὀίνῖόοεοειῑ.
1284 4124 1368 4180 Quum
1391 4122 1478 4171 autern
1502 4118 1585 4170 nullos
1598 4118 1661 4171 alios
1678 4120 1792 4171 consules

1012 4218 1152 4279 emanarit,
1170 4231 1250 4282 quum
1265 4216 1396 4268 duodecim
1414 4215 1473 4265 anni
1491 4214 1585 4265 interea
1606 4213 1683 4280 elapsi
1694 4218 1790 4274 esunt,

1012 4327 1044 4366 ex
1067 4326 1119 4379 quo
1136 4311 1163 4363 id
1186 4310 1428 4364 senatusconsultum
1444 4312 1499 4361 erat
1517 4309 1653 4374 scriptum,
1676 4308 1721 4360 sed
1745 4309 1792 4359 bos

1011 4407 1076 4460 duos
1089 4407 1161 4459 -solos
1178 4408 1211 4459 ob
1229 4406 1303 4458 fidem
1321 4404 1502 4471 promissorum
1517 4417 1567 4455 non
1587 4407 1711 4455 serratam
1735 4417 1791 4454 reos

1011 4504 1097 4571 egerit,
1113 4518 1162 4555 non
1180 4503 1280 4567 iniquas
1300 4499 1387 4550 attulit
1406 4500 1535 4550 rationes:
1555 4498 1671 4563 dixitque
1683 4496 1791 4563 denique

1012 4600 1060 4652 hac
1077 4600 1129 4652 sola
1141 4599 1236 4650 ratione
1253 4594 1368 4647 consules
1378 4593 1422 4660 qui
1446 4598 1508 4644 tunc
1530 4594 1705 4658 magistratum
1724 4606 1791 4656 gere·

1011 4696 1081 4757 bant,
1104 4698 1219 4747 cunctum
1235 4692 1266 4743 iri
1284 4706 1371 4757 agrum
1385 4689 1514 4749 dividere,
1530 4688 1552 4738 si
1567 4687 1632 4737 alios
1649 4700 1735 4752 peenas
1746 4702 1791 4753 po-

1010 4790 1071 4854 puto
1083 4788 1283 4845 darevidlsseul‚
1306 4785 1373 4869 idem
1393 4782 1441 4835 sibi
1454 4795 1556 4848 quoque
1575 4781 1727 4831 eventurum
1747 4795 1789 4831 co·

1011 4884 1125 4949 gitantes.

1042 5074 1173 5125 xxxvtll.
1190 5073 1252 5123 Haec
1266 5071 1373 5128 locutus,
1382 5068 1500 5120 hortatus
1510 5071 1549 5119 est
1560 5081 1647 5118 omnes
1657 5071 1686 5117 ut
1695 5065 1789 5132 judicio

1009 5163 1138 5223 adessent,
1153 5164 1179 5213 et
1192 5174 1236 5227 per
1250 5173 1320 5210 sacra
1335 5157 1431 5223 juravit
1446 5170 1473 5208 se
1489 5156 1515 5206 in
1531 5155 1660 5222 proposito
1673 5168 1789 5221 perman-

1011 5267 1098 5304 surum
1111 5255 1137 5303 et
1146 5250 1212 5302 omni
1223 5247 1307 5301 studio
1317 5248 1375 5300 illos
1383 5248 1576 5306 accusaturum
1588 5243 1706 5308 diemque
1714 5241 1787 5300 dixit,
