4070 5926
664 372 958 448 ANTIQUITATUM
981 369 1128 433 ROMAN.
1153 372 1227 433 ΗΒ.
1253 373 1304 434 tx.
1724 368 1784 428 atu

173 530 186 556 ιι
201 502 324 581 μεγαλων
338 504 386 561 οῦκ
400 502 495 571 εἰδότες
514 505 581 584 αὖτῇ
596 502 690 584 χάριν·
706 505 730 562 εί
740 503 768 563 δι’
780 526 805 561 τι
817 501 949 579 δεομένοις

174 595 279 668 ιῦμῖν,
299 591 327 660 ἀί
345 585 374 652 ού
396 592 610 673 συγχωρηθέντος
625 593 730 671 μεγάλα
751 590 896 670 βλάπτοιτο
916 589 948 649 ἀν

174 709 186 733 ιι
201 679 232 739 τδ
245 680 346 757 κοινὸν,
358 681 389 740 ού
404 685 532 760 φθονοῦσα
541 682 620 758 ύμῖν,
633 680 703 740 ἀλλά
714 680 745 741 τὸ
759 681 892 763 συμφίρον
904 684 950 751 τῆς

174 792 187 818 ιι
200 766 300 833 πολεως
309 770 398 846 δρῶσα
409 767 568 840 ἠναντιώθη,
579 775 655 830 τοῦτο
664 767 700 827 δι’
710 770 789 847 ἀργῆς
801 766 952 845 λαμῦοίνον·

130 875 145 913 s
175 879 188 906 ιι
200 850 337 922 τιςἜδει
347 849 375 910 bi
386 855 453 926 ὑμᾶς
463 850 580 925 μάλιστα
591 847 639 923 μὲν
647 853 681 917 ύις
691 850 745 909 ἀπὸ
756 855 801 908 τοῦ
812 850 954 929 κρατίστω

174 968 189 996 ο
202 940 237 1001 τδι
246 939 421 1018 βουλεύματα
433 941 513 1010 αὐτῆς
531 935 660 1014 γενόμενα
675 936 722 996 καί
734 937 778 997 snt
797 940 836 1019 τῷ
849 936 955 998 πάντων

177 1054 190 1078 ιι
204 1030 313 1110 ἀγαθῷ,
327 1029 355 1087 δε
376 1026 483 1104 ομίνους
498 1030 647 1101 ἀποστῆναι
666 1036 713 1103 τῆς
728 1035 859 1101 σπουδῆς·
883 1035 906 1090 εί
928 1030 950 1089 δ’

178 1116 330 1177 «ἀδύνατοι
351 1050 397 1190 ήτι
413 1119 560 1198 κατασχιῖν
580 1117 730 1200 ἀσύμφορον
751 1118 891 1196 ἐπιθυμίαν
905 1121 952 1179 λο-

177 1232 190 1258 ιι
206 1207 296 1286 γισμῷ
305 1203 432 1285 σώφρονι,
446 1203 515 1283 μετδι
527 1209 574 1265 τοῦ
587 1204 685 1265 πείθειν
696 1210 747 1266 τῶν
763 1208 849 1267 αὐτῶν
864 1205 951 1276 ἀξιοῦν

124 1316 149 1356 ιο
177 1321 189 1347 ιι
203 1295 357 1375 τυγχάνειν,
368 1293 437 1353 ἀλλά
452 1293 490 1372 μή
507 1294 635 1372 μετάτοῦ
653 1294 800 1375 βιάζεσθαι.
844 1299 881 1359 Δί
900 1296 951 1376 γάρ

63 1378 67 1383 ’
177 1410 189 1435 ι
204 1386 318 1444 ἀκούσιοι
330 1382 426 1460 δωρεαὶ
435 1391 488 1450 τοῖς
501 1406 530 1443 τε
539 1382 692 1460 προεμίνοις
706 1385 794 1457 ἡδίους
804 1388 856 1446 τῶν
867 1390 952 1465 ἠναγ-

177 1500 189 1523 ιι
204 1473 345 1550 κασμίνων
370 1473 438 1538 εἰσί.
453 1471 498 1530 καί
518 1480 572 1539 τοῖς
594 1470 760 1549 λαμὸάνουσι
784 1473 951 1556 βεάαιότεραι

177 1588 189 1613 ιι
204 1563 255 1620 τῶν
274 1559 313 1639 μή
325 1560 460 1620 τοιούτων.
503 1558 542 1621 Ὃ
559 1559 598 1637 pt
611 1558 671 1630 τοῦς
685 1561 758 1631 θεοὺς
773 1564 802 1622 οὗ
817 1563 950 1642 λογίζεσθε

176 1677 188 1702 ιι
203 1653 292 1726 ὑμεῖς,
310 1652 369 1709 ἀλλ’
381 1648 432 1709 aab
449 1650 501 1708 τιῦν
521 1652 706 1730 δημαγωγῶν,
729 1649 820 1734 ὥσπερ
833 1653 951 1714 θάλαττα

120 1764 146 1802 ιι
176 1766 189 1791 ιι
202 1741 247 1797 ὑπ’
258 1739 362 1816 ἀνίμων
375 1738 463 1797 ἄλλων
473 1739 515 1799 ἐπ’
528 1736 618 1806 ἀλλοις
632 1739 859 1819 ίπανισταμίνων,
877 1744 950 1800 ἀνα-

176 1854 189 1880 ιι
205 1827 353 1904 κινούμενοί
375 1850 404 1886 τε
421 1825 467 1886 καὶ
482 1825 693 1908 ἀγριαινόμενοι,
708 1829 768 1888 nott
783 1827 827 1889 τδν
843 1829 949 1912 ἔλσίχισ·

175 1943 187 1967 ιι
204 1939 249 1976 τον
267 1918 360 1998 χρόνον
376 1921 403 1978 ἐν
421 1916 522 1996 ἠσυχίᾳ
536 1914 582 1975 καί
604 1915 708 1996 γαλήνῃ
733 1920 879 1978 διακεῖσθαι
895 1917 950 1992 ’τὴν

175 2006 277 2065 «πολιν
293 2007 363 2066 tarn.
406 2006 551 2084 Τοιγάρτοι
574 2003 707 2086 περίεστιν
730 2008 795 2084 ἡμῖν
819 2007 952 2088 κρείττονα

175 2121 188 2145 ιι
203 2096 325 2172 ἡγεῖσθαι
338 2096 386 2165 τῆς
402 2093 507 2172 εἰρήνης
520 2092 565 2153 τὸν
579 2093 709 2172 πολεμον·
724 2095 787 2154 ὅταν
799 2094 848 2173 μίν
857 2119 888 2175 γε
901 2118 950 2156 πο·

119 2196 149 2236 uo
175 2210 188 2233 ιι
201 2183 342 2259 λεμιῦμεν,
359 2179 547 2262 τοῦςγίχθροῦς
562 2184 653 2250 κακῶς
672 2190 813 2261 ποιοῦμεν·
839 2184 902 2244 ὅταν
926 2185 949 2244 δ’

176 2300 188 2325 ι
205 2270 310 2351 εἰρήνην
331 2269 454 2348 ἄγοιμεν,
471 2270 531 2338 τοὺς
549 2270 648 2351 φίλους.
694 2272 803 2347 Καίτοι,
821 2263 843 2334 ὦ
861 2274 951 2350 δημό-

176 2390 188 2415 ι
202 2384 264 2436 ται,
279 2362 302 2420 εί
326 2357 373 2437 μίν
391 2358 497 2420 ἅπαντα
517 2358 552 2420 τά
568 2361 737 2442 βουλεύματα
753 2369 799 2423 τοῦ
817 2365 950 2444 συνεδρίου

175 2478 188 2501 ιι
203 2449 274 2508 καλά
291 2448 337 2508 καὶ
360 2447 527 2530 συμφίροντα
545 2453 651 2529 ἡγεῖσθε
668 2442 753 2528 εἶναι,
769 2452 859 2529 ὥσπερ
874 2456 948 2528 ἀστί,

175 2566 188 2592 ιι
202 2538 228 2597 τί
242 2537 301 2619 οὐχί
317 2537 364 2598 καί
376 2537 445 2599 τοῦθ’
465 2537 492 2598 ἀν
512 2537 539 2609 ii
552 2540 638 2600 αὐτῶν
655 2541 855 2618 ῦπολαμῦοίνετε
871 2533 948 2615 τίνας

175 2657 188 2682 «ι
203 2630 226 2687 εἰ
240 2628 267 2687 δί
280 2626 362 2705 μηδίν
377 2628 469 2695 δπλιῦς
489 2626 537 2700 τὴν
553 2628 651 2707 βουλήν
664 2629 775 2690 δεόντων
786 2630 870 2691 οίισθε
885 2654 948 2729 φρσ·

175 2717 269 2788 «νεῖν,
285 2717 345 2775 ἀλλ’
365 2718 480 2798 aleppiae
500 2715 546 2776 stul
567 2722 656 2785 κακῶς
674 2716 723 2789 τήν
744 2717 821 2778 πάλιν
840 2721 950 2799 ἐπιτρο-

174 2833 187 2857 ι
202 2805 306 2877 πτύειν,
328 2803 355 2862 τί
374 2804 407 2876 δή
430 2827 494 2864 ποτε
521 2803 581 2885 οὐχί
615 2804 845 2882 μεταστησάμενοι
868 2803 949 2878 αὐτὴν

174 2922 186 2948 ι
201 2892 298 2975 ἀθράαν
314 2893 388 2953 αὐτοὶ
403 2893 499 2975 ἄρχετε
513 2892 559 2952 καί
582 2893 719 2973 βουλεύετε
739 2894 785 2953 καί
803 2891 863 2962 τοῦς
884 2894 948 2975 ὑπὲρ

173 3011 186 3035 ι
200 2987 246 3051 τῆς
261 2981 403 3061 ἡγεμονίας
412 2981 543 3059 πολίμους
556 2979 693 3062 ίκφίρετι,
708 2980 778 3041 ἀλλά
787 2980 948 3064 περικνίζετε

174 3098 187 3124 ιι
200 3069 282 3144 αύτήν
301 3070 348 3130 καί
364 3069 433 3129 κατδι
448 3070 531 3150 μικρδι
546 3069 683 3141 διαλύετε,
698 3068 757 3138 τοὺς
771 3071 948 3150 ἀπιφανεστά-

173 3188 186 3212 ιι
200 3181 259 3228 τους
272 3160 465 3239 ἀναρπάζοντες
480 3160 508 3217 ίν
517 3166 576 3226 ταῖς
587 3158 684 3232 δίκαις,
697 3158 804 3235 ἀμεινον
817 3158 868 3241 γάρ
882 3151 946 3241 [ήν]

173 3278 186 3302 ιι
203 3248 300 3309 ἅπασιν
310 3253 375 3327 ἡμῖν
390 3252 463 3328 κοινῇ
475 3250 667 3325 πολιμεῖσθαι,
678 3247 696 3318 ή
707 3250 767 3308 καθ’
777 3246 823 3308 ἵνα
836 3248 948 3311 ἕκαστον

173 3366 186 3390 ιι
200 3337 253 3419 ίδίφι
266 3342 498 3419 συκοφαντεῖσθαι.
541 3335 620 3396 Ἀλλδ
634 3338 686 3418 γάρ
701 3339 750 3417 οὔχ
770 3339 844 3414 ὑμεῖς
865 3338 944 3399 αίτισι

173 3456 186 3479 ιι
199 3428 315 3501 τούτων,
326 3425 417 3507 ὥσπερ
430 3424 513 3506 ἔφην,
533 3426 593 3485 ἀλλ’
603 3427 627 3484 οἱ
641 3424 860 3505 συνταράττοντες
880 3431 948 3504 inple

132 3550 145 3587 η
173 3542 186 3567 ιι
203 3514 358 3596 δημαγωγοί
374 3513 420 3574 καί
435 3513 490 3575 οὔτ’
506 3512 635 3594 ἀρχεσθαι
649 3511 822 3590 ὑπομένοντες
831 3512 887 3573 οὔτ’
901 3514 948 3595 σίρ-

173 3632 185 3655 ιι
199 3626 257 3684 ιγιιν
271 3603 378 3672 εἰδότες.
422 3602 477 3665 Καί
495 3600 555 3662 ὅσον
576 3601 625 3677 μίν
643 3602 688 3660 tal
701 3604 734 3679 τῇ
750 3600 848 3660 τούτων
868 3605 947 3685 ἀφρο-

174 3722 186 3745 ιι
201 3691 266 3772 σύνη
278 3715 306 3752 τε
322 3692 369 3752 καί
383 3692 491 3774 ἀπειρία
503 3691 632 3759 πολλάκις
643 3688 675 3749 ἀν
691 3692 754 3768 ὑμῖν
768 3690 827 3749 τάδε
841 3689 872 3750 εδ
882 3693 947 3753 σκά·

173 3808 186 3832 ιι
200 3803 246 3859 φος
286 3780 430 3862 ἀνετράπη·
454 3785 498 3839 νῦν
519 3781 542 3839 δ’
567 3786 583 3854 ἡ
613 3778 648 3838 τδι
677 3777 776 3837 τούτων
801 3778 946 3859 σφάλματα

173 3898 186 3923 ιι
200 3871 381 3950 ίπανορθοῦσα
397 3868 443 3929 καί
457 3871 484 3928 is
497 3871 562 3951 ἀρθῇ
577 3869 653 3927 πλεῖν
671 3865 826 3947 παρέχουσα
837 3870 899 3944 ὑμῖν
913 3873 946 3951 τῇ

115 3983 145 4023 to
174 3960 290 4034 ιπολιι,
311 3961 460 4032 ήπλεῐστα
477 3960 541 4023 δείν’
560 3956 606 4016 ὑπ’
626 3958 712 4016 αὐτῶν
734 3955 867 4016 ἀκούουσά
891 3959 947 4018 ἔστι

176 4077 189 4103 ιι
205 4050 300 4128 βουλή.
341 4051 436 4110 Ταῦτα
452 4047 498 4108 εἴθ’
524 4048 589 4120 ήδία
608 4047 677 4106 ίστλν
692 4047 753 4123 ύμῖν
773 4044 879 4107 ἀκούειν
894 4046 947 4110 sira

175 4165 189 4191 ο
206 4138 319 4219 ἀνιαροί,
334 4138 402 4217 μετά
415 4137 505 4210 πάσης
524 4136 647 4209 ἀληθείας
667 4133 771 4216 είρηταί
781 4158 826 4211 μοι
842 4135 887 4195 καί
902 4161 946 4198 τε·

173 4253 187 4279 ιι
200 4228 346 4304 τύλμηται·
362 4226 408 4289 καί
428 4227 530 4304 μᾶλλον
544 4225 667 4307 αίροίμην
682 4224 714 4284 ἀν
731 4225 867 4306 παρρησίη
877 4248 946 4303 συμ-

172 4342 185 4367 a
200 4317 313 4395 φορούσῃ
325 4321 364 4396 τῷ
377 4319 457 4397 κοινῷ
476 4315 613 4397 χρύμινος
628 4317 787 4391 ἀποθανεῖν,
803 4313 821 4386 ή
835 4314 870 4374 τδι
882 4315 947 4398 πρὸς

114 4444 143 4483 to
171 4430 184 4455 ιι
199 4405 294 4475 ἡδονήν
311 4405 372 4477 ὑμῖν
389 4404 472 4483 λε’γων
487 4409 629 4466 σεσῶσθαι.
647 4431 659 4456 ιι

209 4495 344 4556 ΧΧΧΙΙΙ.
366 4492 508 4561 Τοιούτους
522 4495 602 4554 είπὼν
617 4491 727 4570 λύγοις,
742 4490 788 4552 καί
808 4490 868 4552 οὔτε
882 4493 947 4573 πρδς

1007 538 1018 563 ι
1033 518 1140 583 publica
1151 519 1241 569 dunno
1258 517 1361 568 concedi
1373 519 1457 582 potest
1473 518 1535 578 (non
1549 514 1618 579 quod
1635 514 1707 566 vobis
1723 515 1786 569 invi·

1006 642 1018 665 ι
1032 621 1116 679 deret,
1132 621 1176 672 sed
1194 621 1337 686 reipublicae
1356 619 1493 672 commodis
1510 620 1681 685 prospiciens)
1694 623 1785 674 restris

1006 740 1019 765 ι
1034 722 1148 786 precibus
1161 722 1295 787 denegarit,
1306 723 1391 789 iniquo
1404 722 1487 774 animo
1496 720 1577 773 fertis.
1599 725 1676 790 Atqui
1694 726 1786 779 debue-

1007 842 1018 865 ι
1034 823 1096 873 ratis
1106 824 1214 876 manime
1228 824 1312 876 animo
1331 826 1395 878 bono
1415 827 1469 892 ejus
1485 826 1586 878 daneta
1602 831 1632 879 ut
1647 828 1680 879 ab
1692 831 1786 894 optimo

1008 944 1020 966 ι
1035 927 1118 977 animo
1133 930 1259 980 manantia
1270 933 1296 981 et
1310 944 1355 994 pro
1364 930 1490 981 communi
1503 932 1614 982 omnium
1628 933 1694 984 bono
1709 935 1785 995 tacta,

1008 1050 1021 1074 ι
1036 1033 1156 1098 accipere,
1169 1039 1217 1085 eta
1234 1041 1318 1088 restra
1333 1038 1448 1102 cupidine
1459 1038 1579 1091 absistere
1595 1057 1601 1089 z
1616 1044 1669 1103 aut,
1683 1043 1704 1093 ai
1714 1043 1786 1094 dam·

1008 1154 1021 1178 «
1034 1149 1120 1188 nomm
1127 1139 1289 1204 cupiditatem
1298 1150 1358 1192 sana
1368 1141 1464 1194 ratione
1474 1142 1589 1196 cohibere
1598 1159 1646 1195 non
1656 1149 1784 1212 poteratis,

1008 1256 1020 1280 ι
1036 1238 1171 1303 suadendo,
1181 1254 1231 1291 nou
1244 1242 1387 1294 autemrim
1399 1241 1534 1304 afferendo,
1545 1259 1575 1297 ea
1583 1250 1703 1313 consequi
1714 1252 1784 1302 nelle.

1008 1358 1020 1381 ι
1035 1341 1098 1391 llam
1109 1342 1250 1396 voluntaria
1267 1346 1334 1397 dona
1352 1350 1378 1398 et
1397 1347 1545 1401 donantibus
1563 1355 1622 1403 suut
1638 1354 1787 1417 jncunnttnna

1008 1458 1020 1482 ι
1036 1454 1113 1506 mm
1124 1458 1220 1512 eaquae
1233 1453 1421 1516 extorquentur,
1439 1456 1465 1502 et
1482 1453 1661 1518 accipientibus
1676 1458 1787 1513 inaniora
1831 1506 1833 1509 .

1007 1561 1019 1585 ι
1035 1556 1112 1608 quam
1131 1551 1263 1603 contraria.
1297 1552 1369 1612 Quod
1382 1568 1435 1613 nos,
1452 1568 1496 1619 per
1507 1556 1636 1619 (leosuon
1647 1564 1788 1617 considera·

1008 1644 1082 1705 ntis:
1095 1646 1147 1710 sed,
1167 1652 1286 1703 commoti
1304 1667 1335 1706 ac
1350 1653 1474 1707 eileratia
1491 1657 1642 1726 demagngis,
1658 1668 1786 1732 tamquam

1008 1764 1020 1789 ι
1035 1759 1104 1799 mare
1115 1748 1147 1799 ab
1167 1753 1251 1804 ventis
1267 1754 1323 1805 aius
1333 1770 1410 1820 super
1421 1757 1483 1808 alios
1504 1763 1674 1827 surgentibus,
1687 1781 1718 1819 no
1729 1784 1785 1820 mo·

1008 1864 1020 1888 ιι
1034 1851 1147 1899 mentum
1163 1850 1265 1917 quidem
1274 1856 1394 1920 temporis
1406 1857 1533 1927 civitatem
1542 1864 1671 1928 quiescere
1682 1873 1706 1919 ct
1717 1876 1787 1924 tran-

1007 1960 1020 1985 ι
1034 1942 1140 2008 quitiam
1148 1959 1203 1997 osse
1211 1947 1299 2001 sinitis.
1310 1956 1395 2011 Quare
1404 1956 1555 2008 censendum
1565 1963 1604 2010 est
1613 1963 1684 2014 nobis
1695 1965 1786 2021 bollum

1008 2058 1021 2081 ιι
1035 2051 1096 2103 pace
1118 2046 1296 2109 praestantius,
1321 2050 1342 2099 si
1362 2050 1466 2115 quidem
1487 2054 1553 2106 bello
1571 2058 1698 2127 inimicos,
1726 2082 1787 2132 pace

1007 2159 1020 2183 ι
1035 2139 1128 2191 amicos
1138 2142 1267 2196 maleficiis
1276 2147 1407 2200 allicimus.
1440 2153 1530 2218 Atqui,
1542 2156 1660 2221 Quirites,
1673 2163 1786 2218 siomnta

1007 2265 1020 2289 ι
1034 2248 1249 2299 senatusconsulta
1260 2249 1365 2301 honesta
1376 2255 1401 2301 et
1419 2252 1490 2303 ntitia
1506 2255 1550 2315 (nt
1561 2262 1727 2320 manarunt)
1738 2274 1784 2324 pu·

1006 2359 1020 2385 ιι
1034 2341 1101 2401 tatis,
1113 2343 1175 2408 quin
1190 2344 1239 2395 hoc
1252 2358 1353 2410 quoque
1362 2360 1441 2398 unum
1454 2363 1486 2399 ex
1495 2348 1544 2400 illis
1553 2363 1607 2402 esse
1620 2324 1787 2406 existimatis?

1007 2464 1019 2487 ι
1032 2446 1071 2496 siu
1090 2459 1149 2497 vero
1167 2452 1281 2500 senatum
1300 2448 1332 2500 de
1347 2450 1423 2501 nullis
1436 2465 1541 2516 prorsus
1555 2453 1640 2517 rebus,
1655 2471 1712 2521 quen
1726 2465 1786 2511 sunt

1007 2562 1019 2585 ι
1034 2543 1151 2595 curanda
1167 2549 1234 2597 recte
1254 2549 1361 2612 cogitare
1381 2549 1484 2612 putatis,
1500 2550 1544 2601 sed
1559 2553 1664 2617 turpiter
1682 2560 1708 2607 et
1721 2559 1786 2609 rnale

1005 2639 1212 2692 «administrare
1233 2644 1427 2709 rempublicam,
1451 2660 1496 2697 cur
1517 2663 1566 2700 non
1587 2651 1671 2716 potius
1689 2668 1718 2704 eo
1731 2658 1785 2708 toto

1007 2754 1019 2778 ιι
1032 2739 1118 2786 amoto
1136 2739 1297 2803 magistratus
1316 2741 1365 2806 ipsi
1384 2744 1512 2807 capessitls
1534 2750 1560 2796 et
1577 2748 1738 2812 consultatis,
1759 2758 1785 2804 et

1007 2852 1019 2876 ι
1032 2832 1096 2884 bella
1105 2847 1151 2898 pro
1159 2836 1262 2900 imperio
1275 2835 1394 2891 llosltbus
1407 2840 1520 2899 insertis:
1532 2844 1576 2895 sed
1585 2860 1645 2897 euru
1657 2848 1786 2901 circumci-

1006 2950 1018 2974 ι
1033 2929 1102 2995 ditis,
1115 2935 1141 2984 et
1157 2933 1287 2997 paullatim
1299 2939 1455 3002 consumitis,
1467 2941 1648 2995 nobilissimum
1660 2959 1785 3013 quemque

1006 3064 1019 3087 ι
1031 3041 1427 3108 judiciistollcntestsattuscnim
1436 3043 1700 3098 essetnobisomnibus
1710 3049 1785 3101 simul

1006 3159 1018 3182 ιι
1034 3139 1127 3191 bellum
1145 3153 1160 3188 a
1183 3137 1256 3189 robis
1274 3137 1339 3196 lieri,
1353 3151 1430 3202 ηυιιιιι
1449 3152 1654 3206 unumquemque
1666 3142 1784 3207 privatim

1006 3255 1018 3281 ι
1034 3235 1264 3300 calumnilsappeti.
1275 3238 1369 3286 verum
1378 3234 1485 3301 (uldinil
1494 3249 1539 3286 vos
1548 3236 1638 3287 borum
1647 3241 1785 3292 ιιιοὶοινιιιι

1005 3352 1017 3376 ι
1033 3331 1155 3383 nonestis
1167 3333 1290 3387 auctores.
1302 3329 1346 3380 scd
1357 3329 1500 3395 octuageni,
1510 3331 1554 3396 qui
1564 3333 1617 3384 suis
1626 3337 1785 3391 concionibus

1005 3451 1017 3475 ι
1033 3443 1078 3480 ros
1091 3427 1253 3494 perturbant,
1265 3441 1310 3479 nec
1324 3426 1456 3492 imperium
1465 3427 1589 3491 ferentes,
1603 3446 1648 3484 nec
1661 3434 1784 3500 imperare

1005 3529 1079 3593 «ipsi
1099 3527 1213 3578 scientes.
1246 3528 1280 3577 Et
1301 3531 1424 3591 qnantum
1444 3527 1469 3577 in
1484 3528 1591 3580 istorum
1612 3531 1737 3585 dementia
1757 3541 1783 3588 et

1004 3647 1017 3670 ι
1034 3624 1158 3691 imperitia
1172 3627 1219 3683 est,
1232 3625 1285 3689 lam
1303 3638 1369 3689 saepe
1383 3624 1433 3676 boo
1447 3627 1573 3690 navigium
1595 3643 1610 3679 a
1628 3631 1699 3682 vobis
1717 3638 1782 3683 esset

1004 3743 1015 3767 ι
1030 3722 1196 3773 submersum,
1209 3723 1282 3772 Nunc
1296 3734 1368 3778 vero,
1389 3721 1532 3785 quinorum
1547 3737 1645 3777 errores
1662 3728 1779 3793 corrigit,

1002 3826 1056 3874 «et
1084 3820 1262 3886 rempublicam
1287 3818 1403 3871 stabilem
1430 3824 1506 3886 atque
1532 3822 1603 3872 robis
1631 3825 1780 3879 incolumem

1004 3944 1016 3968 ι
1032 3925 1150 3988 praestat,
1165 3927 1205 3973 est
1217 3922 1259 3973 bio
1271 3921 1324 3986 ipse
1343 3923 1452 3979 senatus.
1469 3922 1514 3986 qui
1533 3923 1640 3987 pessime
1658 3926 1723 3990 apud
1739 3942 1782 3979 οοε

1004 4044 1016 4068 ε
1031 4022 1110 4074 audit.
1124 4024 1184 4074 Hac
1197 4023 1249 4074 sire
1266 4022 1435 4073 robisauditu
1448 4022 1560 4087 jucunda
1572 4028 1639 4082 sunt,
1658 4025 1782 4079 niverno·

1003 4126 1103 4185 alesta
1122 4139 1168 4190 pro
1179 4125 1285 4176 veritate
1303 4124 1386 4176 dicere
1406 4138 1484 4176 ausus
1501 4138 1570 4184 sum.
1584 4129 1610 4177 et
1627 4128 1725 4180 mallem
1748 4132 1782 4182 ob

1003 4248 1015 4272 ι
1029 4240 1112 4278 meam
1133 4224 1232 4277 dicendi
1259 4224 1400 4277 libertatern
1430 4224 1573 4289 reipublicae
1597 4229 1686 4279 utilem
1702 4232 1780 4292 mori,

1003 4347 1016 4373 ε
1030 4341 1107 4392 quam
1122 4325 1154 4378 ad
1175 4331 1285 4378 vestram
1295 4327 1452 4378 voluntatem
1465 4328 1590 4392 loquendo
1601 4333 1704 4383 cernui.
1720 4353 1732 4377 ιι

1033 4497 1141 4548 xxxttt.
1159 4498 1212 4548 ltac
1227 4498 1339 4548 oratione
1356 4511 1432 4557 usus,
1454 4512 1535 4564 neque
1553 4499 1734 4565 adlegandum
1751 4518 1782 4555 no

169 4582 332 4661 ὀλοφυρμοὺς
346 4581 391 4642 καί
408 4583 583 4650 ἀνακλαύσεις
595 4585 641 4652 τῆς
655 4590 792 4661 συμφορᾶς
810 4582 946 4661 τραπόμε·
1001 4585 1178 4653 deplorandam
1192 4601 1262 4637 suam
1279 4586 1448 4638 calauritatem
1469 4601 1572 4646 ramus,
1588 4603 1636 4639 nec
1646 4589 1679 4640 ad
1689 4589 1781 4655 depre-

169 4690 228 4740 νος,
243 4670 298 4729 οὔτ’
319 4674 347 4730 ἐν
372 4670 477 4744 δεήοισι
501 4669 547 4729 καί
584 4669 779 4745 προκυλισμοῖς
807 4667 944 4747 ἀσχήμοσι
999 4675 1110 4726 cationes
1129 4680 1155 4726 et
1169 4675 1297 4727 indecoras
1321 4676 1489 4727 volutationes
1506 4691 1533 4727 se
1546 4676 1680 4729 (inmitem
1699 4680 1777 4738 visus,

169 4757 291 4827 ταπεινδς
306 4760 413 4837 φανείς,
428 4758 483 4820 οὔτ’
497 4760 581 4831 ἀλλην
594 4758 689 4836 ἀγεννῆ
706 4757 822 4817 διάθεσιν
838 4757 943 4818 ἀποδω·
999 4777 1045 4814 nec
1063 4764 1115 4814 ulio
1127 4762 1177 4813 alio
1189 4763 1259 4827 signo
1278 4764 1386 4816 bominis
1406 4779 1454 4815 non
1473 4764 1584 4829 generosi
1603 4764 1663 4816 dato
1676 4766 1715 4823 lie.
1734 4769 1779 4834 qui

112 4866 141 4909 to
168 4845 278 4922 ξάμενος
293 4849 432 4927 οὐδεμίαν,
452 4848 592 4929 παρίδωιιτ
606 4846 651 4905 τὸν
665 4844 742 4922 λόγον
755 4849 809 4912 τοῖς
824 4867 943 4925 συναγο-
999 4852 1098 4903 εῖΙιΙνοΙ
1113 4852 1261 4916 patrocinari
1283 4852 1324 4904 rel
1339 4852 1605 4904 testimouiumdioore
1623 4854 1723 4915 vellent,
1738 4856 1780 4907 di-

168 4932 252 5012 ρεύειν
272 4932 448 5017 ήμαρτυριῖν
474 4933 652 5016 βοολομίνοις.
708 4931 809 4991 Πολλοί
833 4930 882 5009 μὲν
897 4925 941 4995 οὖν
997 4939 1069 4991 uendi
1081 4940 1148 4990 etms
1160 4941 1289 4992 σοιιοοειίι.
1304 4944 1374 4992 Τιιιιο
1388 4942 1465 5006 igitur
1477 4956 1557 5008 quum
1573 4943 1647 4993 multi
1662 4944 1720 5004 alii,
1733 4947 1780 5013 qui

167 5019 213 5079 καί
227 5018 303 5080 ἄλλοι
319 5024 456 5105 παριόντες
470 5024 584 5083 ἀπίλυον
599 5022 678 5081 αὐτδν
698 5025 746 5092 τῆς
765 5018 870 5095 αἰτίας,
888 5023 943 5099 μοί·
996 5027 1113 5088 ιιθοτοιιῑ,
1124 5042 1182 5078 eum
1197 5028 1242 5080 illo
1257 5029 1360 5079 crimine
1377 5030 1551 5090 absolverunt,
1569 5033 1625 5081 tum
1641 5045 1701 5083 rcro
1712 5048 1780 5099 praa-

165 5110 243 5169 λιστα
259 5111 283 5169 δ’
300 5112 466 5191 Οὐιργίνιος,
489 5114 503 5170 δ
524 5110 594 5170 κατά
616 5107 662 5168 τδν
686 5106 765 5167 ababa
789 5108 941 5179 ὑπατεύσας
996 5116 1068 5182 cipue
1078 5116 1223 5182 Virginius,
1236 5118 1280 5183 qui
1294 5118 1381 5169 codem
1398 5122 1508 5184 tempore
1520 5122 1678 5174 consulatum
1693 5137 1779 5188 gesse·

162 5198 257 5279 χρύνον
269 5199 316 5259 καί
335 5205 382 5272 τῆς
397 5198 472 5272 νίκης
486 5198 568 5265 αἴτιος
578 5186 645 5257 εἶναι
656 5195 754 5256 δοκῶν·
769 5192 796 5261 le
812 5195 842 5252 οίι
860 5196 939 5273 μόνον
997 5209 1045 5263 rat,
1061 5206 1155 5272 quique
1168 5206 1278 5259 victoriae
1291 5211 1381 5259 auctor
1396 5207 1475 5260 tuisse
1492 5209 1625 5262 ridebatur
1640 5231 1647 5262 :
1667 5213 1712 5278 qui
1729 5228 1779 5267 non
