<?xml version="1.0" encoding="UTF-8"?>
<!DOCTYPE html PUBLIC "-//W3C//DTD XHTML 1.0 Transitional//EN"
    "http://www.w3.org/TR/xhtml1/DTD/xhtml1-transitional.dtd">
<html xmlns="http://www.w3.org/1999/xhtml" xml:lang="en" lang="en">
 <head>
  <title>
</title>
<meta http-equiv="Content-Type" content="text/html;charset=utf-8" />
  <meta name='ocr-system' content='tesseract 3.04.00' />
  <meta name='ocr-capabilities' content='ocr_page ocr_carea ocr_par ocr_line ocrx_word'/>
</head>
<body>
  <div class='ocr_page' id='page_1' title='image "./dionysiihalicar01prougoog/dionysiihalicar01prougoog_0213.png"; bbox 0 0 4088 5936; ppageno 0'>
   <div class='ocr_carea' id='block_1_1' title="bbox 182 1362 208 1402">
    <p class='ocr_par' dir='ltr' id='par_1_1' title="bbox 182 1362 208 1402">
     <span class='ocr_line' id='line_1_1' title="bbox 182 1362 208 1402; baseline 0 0"><span class='ocrx_word' id='word_1_1' title='bbox 182 1362 208 1402; x_wconf 85' lang='lat' dir='ltr'>to</span> 
     </span>
    </p>
   </div>
   <div class='ocr_carea' id='block_1_2' title="bbox 181 1797 206 1837">
    <p class='ocr_par' dir='ltr' id='par_1_2' title="bbox 181 1797 206 1837">
     <span class='ocr_line' id='line_1_2' title="bbox 181 1797 206 1837; baseline 0 0"><span class='ocrx_word' id='word_1_2' title='bbox 181 1797 206 1837; x_wconf 81' lang='lat' dir='ltr'>ts</span> 
     </span>
    </p>
   </div>
   <div class='ocr_carea' id='block_1_3' title="bbox 236 393 297 453">
    <p class='ocr_par' dir='ltr' id='par_1_3' title="bbox 236 393 297 453">
     <span class='ocr_line' id='line_1_3' title="bbox 236 393 297 453; baseline 0 0"><span class='ocrx_word' id='word_1_3' title='bbox 236 393 297 453; x_wconf 77' lang='lat'>200</span> 
     </span>
    </p>
   </div>
   <div class='ocr_carea' id='block_1_4' title="bbox 759 386 1327 451">
    <p class='ocr_par' dir='ltr' id='par_1_4' title="bbox 759 386 1327 451">
     <span class='ocr_line' id='line_1_4' title="bbox 759 386 1327 451; baseline -0.005 0"><span class='ocrx_word' id='word_1_4' title='bbox 759 388 926 451; x_wconf 88' lang='lat' dir='ltr'><strong>DIONYSll</strong></span> <span class='ocrx_word' id='word_1_5' title='bbox 949 386 1327 448; x_wconf 76' lang='lat' dir='ltr'><strong>Hiulcnultnsssttsts</strong></span> 
     </span>
    </p>
   </div>
   <div class='ocr_carea' id='block_1_5' title="bbox 234 513 1851 608">
    <p class='ocr_par' dir='ltr' id='par_1_5' title="bbox 234 513 1851 608">
     <span class='ocr_line' id='line_1_5' title="bbox 234 513 1851 608; baseline -0.002 -22"><span class='ocrx_word' id='word_1_6' title='bbox 234 525 344 608; x_wconf 79' lang='grc' dir='ltr'>χρέους,</span> <span class='ocrx_word' id='word_1_7' title='bbox 361 525 417 584; x_wconf 85' lang='grc' dir='ltr'>ὅσοι</span> <span class='ocrx_word' id='word_1_8' title='bbox 437 522 486 597; x_wconf 78' lang='grc' dir='ltr'>τὴν</span> <span class='ocrx_word' id='word_1_9' title='bbox 506 530 595 586; x_wconf 86' lang='grc' dir='ltr'>πίστιν</span> <span class='ocrx_word' id='word_1_10' title='bbox 619 521 742 581; x_wconf 85' lang='grc' dir='ltr'>ἀδύνατοι</span> <span class='ocrx_word' id='word_1_11' title='bbox 764 513 832 593; x_wconf 70' lang='grc' dir='ltr'>ἦσαν</span> <span class='ocrx_word' id='word_1_12' title='bbox 854 520 1011 601; x_wconf 74' lang='grc' dir='ltr'>φυλάττειν,</span> <span class='ocrx_word' id='word_1_13' title='bbox 1067 528 1134 579; x_wconf 83' lang='lat' dir='ltr'><strong>ruina</strong></span> <span class='ocrx_word' id='word_1_14' title='bbox 1146 527 1329 589; x_wconf 80' lang='lat' dir='ltr'><strong>obaratorum,</strong></span> <span class='ocrx_word' id='word_1_15' title='bbox 1346 528 1470 590; x_wconf 81' lang='lat' dir='ltr'><strong>quotquot</strong></span> <span class='ocrx_word' id='word_1_16' title='bbox 1488 524 1561 577; x_wconf 80' lang='lat' dir='ltr'><strong>idem</strong></span> <span class='ocrx_word' id='word_1_17' title='bbox 1576 525 1739 577; x_wconf 86' lang='lat' dir='ltr'><strong>creditoribus</strong></span> <span class='ocrx_word' id='word_1_18' title='bbox 1751 540 1851 582; x_wconf 78' lang='lat' dir='ltr'><strong>serrare</strong></span> 
     </span>
    </p>
   </div>
   <div class='ocr_carea' id='block_1_6' title="bbox 233 609 1017 2213">
    <p class='ocr_par' dir='ltr' id='par_1_6' title="bbox 233 609 1017 2213">
     <span class='ocr_line' id='line_1_6' title="bbox 234 609 1014 694; baseline -0.012 -17"><span class='ocrx_word' id='word_1_19' title='bbox 234 619 302 677; x_wconf 82' lang='grc' dir='ltr'>τίσιν</span> <span class='ocrx_word' id='word_1_20' title='bbox 315 612 448 694; x_wconf 71' lang='grc' dir='ltr'>ὀφείλουσι</span> <span class='ocrx_word' id='word_1_21' title='bbox 466 611 511 670; x_wconf 83' lang='grc' dir='ltr'>καὶ</span> <span class='ocrx_word' id='word_1_22' title='bbox 530 614 611 671; x_wconf 83' lang='grc' dir='ltr'>πόσον</span> <span class='ocrx_word' id='word_1_23' title='bbox 627 611 754 687; x_wconf 77' lang='grc' dir='ltr'>ἕκαστος,</span> <span class='ocrx_word' id='word_1_24' title='bbox 772 609 862 681; x_wconf 86' lang='grc' dir='ltr'>ἐπειδὴ</span> <span class='ocrx_word' id='word_1_25' title='bbox 879 609 927 677; x_wconf 87' lang='grc' dir='ltr'>τδς</span> <span class='ocrx_word' id='word_1_26' title='bbox 948 611 1014 669; x_wconf 86' lang='grc' dir='ltr'>ἀπο-</span> 
     </span>
     <span class='ocr_line' id='line_1_7' title="bbox 235 696 1013 784; baseline -0.006 -22"><span class='ocrx_word' id='word_1_27' title='bbox 235 702 337 784; x_wconf 82' lang='grc' dir='ltr'>γραφάς</span> <span class='ocrx_word' id='word_1_28' title='bbox 350 701 429 760; x_wconf 73' lang='grc' dir='ltr'>ἔλαθε</span> <span class='ocrx_word' id='word_1_29' title='bbox 440 700 588 777; x_wconf 79' lang='grc' dir='ltr'>,τραπέζας</span> <span class='ocrx_word' id='word_1_30' title='bbox 602 699 652 765; x_wconf 84' lang='grc' dir='ltr'>θεὶς</span> <span class='ocrx_word' id='word_1_31' title='bbox 665 700 692 757; x_wconf 90' lang='grc' dir='ltr'>ἐν</span> <span class='ocrx_word' id='word_1_32' title='bbox 709 702 804 778; x_wconf 71' lang='grc' dir='ltr'>ἀγορᾷ,</span> <span class='ocrx_word' id='word_1_33' title='bbox 815 698 920 757; x_wconf 72' lang='grc' dir='ltr'>πάντων</span> <span class='ocrx_word' id='word_1_34' title='bbox 932 696 1013 777; x_wconf 81' lang='grc' dir='ltr'>δρῶν·</span> 
     </span>
     <span class='ocr_line' id='line_1_8' title="bbox 235 786 1015 867; baseline -0.009 -17"><span class='ocrx_word' id='word_1_35' title='bbox 235 815 296 862; x_wconf 88' lang='grc' dir='ltr'>των,</span> <span class='ocrx_word' id='word_1_36' title='bbox 307 789 451 867; x_wconf 71' lang='grc' dir='ltr'>ἀπηρίθμει</span> <span class='ocrx_word' id='word_1_37' title='bbox 459 797 512 854; x_wconf 88' lang='grc' dir='ltr'>τοῖς</span> <span class='ocrx_word' id='word_1_38' title='bbox 522 786 714 865; x_wconf 48' lang='grc' dir='ltr'>δανεισταῖςζτδι</span> <span class='ocrx_word' id='word_1_39' title='bbox 726 786 803 865; x_wconf 84' lang='grc' dir='ltr'>χρέα.</span> <span class='ocrx_word' id='word_1_40' title='bbox 850 788 876 848; x_wconf 87' lang='grc' dir='ltr'><strong>Τ</strong></span> <span class='ocrx_word' id='word_1_41' title='bbox 876 793 943 847; x_wconf 81' lang='grc' dir='ltr'>σι’ῡτα</span> <span class='ocrx_word' id='word_1_42' title='bbox 958 787 1015 845; x_wconf 90' lang='grc' dir='ltr'>δια-</span> 
     </span>
     <span class='ocr_line' id='line_1_9' title="bbox 235 874 1013 959; baseline -0.006 -22"><span class='ocrx_word' id='word_1_43' title='bbox 235 877 411 959; x_wconf 75' lang='grc' dir='ltr'>πραξάμενος,</span> <span class='ocrx_word' id='word_1_44' title='bbox 427 876 545 948; x_wconf 77' lang='grc' dir='ltr'>ἐξέθηκεν</span> <span class='ocrx_word' id='word_1_45' title='bbox 556 877 582 934; x_wconf 89' lang='grc' dir='ltr'>ἐν</span> <span class='ocrx_word' id='word_1_46' title='bbox 594 879 699 956; x_wconf 82' lang='grc' dir='ltr'>φανερῷ</span> <span class='ocrx_word' id='word_1_47' title='bbox 712 874 845 953; x_wconf 75' lang='grc' dir='ltr'>διάταγμα</span> <span class='ocrx_word' id='word_1_48' title='bbox 857 874 1013 955; x_wconf 86' lang='grc' dir='ltr'>βασιλικὸν,</span> 
     </span>
     <span class='ocr_line' id='line_1_10' title="bbox 235 958 1014 1047; baseline -0.005 -22"><span class='ocrx_word' id='word_1_49' title='bbox 235 958 361 1047; x_wconf 76' lang='grc' dir='ltr'>ἐκχωρεῖν</span> <span class='ocrx_word' id='word_1_50' title='bbox 372 970 418 1037; x_wconf 75' lang='grc' dir='ltr'>τῆς</span> <span class='ocrx_word' id='word_1_51' title='bbox 435 963 563 1040; x_wconf 82' lang='grc' dir='ltr'>δημοσίας</span> <span class='ocrx_word' id='word_1_52' title='bbox 574 964 634 1030; x_wconf 85' lang='grc' dir='ltr'>τοὺς</span> <span class='ocrx_word' id='word_1_53' title='bbox 650 962 847 1044; x_wconf 85' lang='grc' dir='ltr'>καρπουμένους</span> <span class='ocrx_word' id='word_1_54' title='bbox 857 986 887 1023; x_wconf 86' lang='grc' dir='ltr'>τε</span> <span class='ocrx_word' id='word_1_55' title='bbox 900 962 946 1023; x_wconf 80' lang='grc' dir='ltr'>καί</span> <span class='ocrx_word' id='word_1_56' title='bbox 956 965 1014 1022; x_wconf 84' lang='grc' dir='ltr'>δια·</span> 
     </span>
     <span class='ocr_line' id='line_1_11' title="bbox 234 1049 1016 1135; baseline -0.008 -20"><span class='ocrx_word' id='word_1_57' title='bbox 234 1055 398 1135; x_wconf 90' lang='grc' dir='ltr'>κατέχοντας</span> <span class='ocrx_word' id='word_1_58' title='bbox 419 1051 501 1123; x_wconf 73' lang='grc' dir='ltr'>αὐτὴν</span> <span class='ocrx_word' id='word_1_59' title='bbox 517 1053 544 1110; x_wconf 94' lang='grc' dir='ltr'>ἐν</span> <span class='ocrx_word' id='word_1_60' title='bbox 559 1050 698 1132; x_wconf 78' lang='grc' dir='ltr'>ὡρισμένῳ</span> <span class='ocrx_word' id='word_1_61' title='bbox 711 1052 762 1110; x_wconf 83' lang='grc' dir='ltr'>τινί</span> <span class='ocrx_word' id='word_1_62' title='bbox 776 1053 880 1133; x_wconf 84' lang='grc' dir='ltr'>χρόνῳ,</span> <span class='ocrx_word' id='word_1_63' title='bbox 895 1051 942 1110; x_wconf 81' lang='grc' dir='ltr'>καί</span> <span class='ocrx_word' id='word_1_64' title='bbox 956 1049 1016 1118; x_wconf 74' lang='grc' dir='ltr'>τοὺς</span> 
     </span>
     <span class='ocr_line' id='line_1_12' title="bbox 235 1145 1015 1230; baseline -0.01 -18"><span class='ocrx_word' id='word_1_65' title='bbox 235 1151 326 1213; x_wconf 75' lang='grc' dir='ltr'>οὐδένα</span> <span class='ocrx_word' id='word_1_66' title='bbox 351 1152 448 1228; x_wconf 85' lang='grc' dir='ltr'>κλῆρον</span> <span class='ocrx_word' id='word_1_67' title='bbox 472 1148 581 1229; x_wconf 80' lang='grc' dir='ltr'>ἔχοντας</span> <span class='ocrx_word' id='word_1_68' title='bbox 607 1152 659 1208; x_wconf 91' lang='grc' dir='ltr'>τῶν</span> <span class='ocrx_word' id='word_1_69' title='bbox 684 1150 799 1209; x_wconf 90' lang='grc' dir='ltr'>πολιτῶν</span> <span class='ocrx_word' id='word_1_70' title='bbox 826 1148 892 1230; x_wconf 78' lang='grc' dir='ltr'>πρὸς</span> <span class='ocrx_word' id='word_1_71' title='bbox 924 1145 1015 1207; x_wconf 76' lang='grc' dir='ltr'>ἑαυτὸν</span> 
     </span>
     <span class='ocr_line' id='line_1_13' title="bbox 235 1235 1016 1320; baseline -0.009 -19"><span class='ocrx_word' id='word_1_72' title='bbox 235 1239 447 1320; x_wconf 76' lang='grc' dir='ltr'>ἀπογράφεσθαι·</span> <span class='ocrx_word' id='word_1_73' title='bbox 472 1239 567 1315; x_wconf 89' lang='grc' dir='ltr'>νόμους</span> <span class='ocrx_word' id='word_1_74' title='bbox 588 1261 617 1297; x_wconf 90' lang='grc' dir='ltr'>τι</span> <span class='ocrx_word' id='word_1_75' title='bbox 640 1235 817 1320; x_wconf 70' lang='grc' dir='ltr'>συνέγραφεν,</span> <span class='ocrx_word' id='word_1_76' title='bbox 835 1241 865 1296; x_wconf 90' lang='grc' dir='ltr'>ἐκ</span> <span class='ocrx_word' id='word_1_77' title='bbox 887 1241 939 1296; x_wconf 90' lang='grc' dir='ltr'>τῶν</span> <span class='ocrx_word' id='word_1_78' title='bbox 968 1239 1016 1316; x_wconf 88' lang='grc' dir='ltr'>ἀρ·</span> 
     </span>
     <span class='ocr_line' id='line_1_14' title="bbox 234 1324 1016 1413; baseline -0.009 -24"><span class='ocrx_word' id='word_1_79' title='bbox 234 1328 319 1413; x_wconf 89' lang='grc' dir='ltr'>χαίων</span> <span class='ocrx_word' id='word_1_80' title='bbox 344 1330 389 1388; x_wconf 83' lang='grc' dir='ltr'>καὶ</span> <span class='ocrx_word' id='word_1_81' title='bbox 411 1326 644 1407; x_wconf 80' lang='grc' dir='ltr'>παρημελημένων</span> <span class='ocrx_word' id='word_1_82' title='bbox 660 1329 862 1404; x_wconf 79' lang='grc' dir='ltr'>ἀνανεούμενος,</span> <span class='ocrx_word' id='word_1_83' title='bbox 883 1324 927 1390; x_wconf 82' lang='grc' dir='ltr'>οθς</span> <span class='ocrx_word' id='word_1_84' title='bbox 944 1324 1016 1385; x_wconf 83' lang='grc' dir='ltr'>Ῥω·</span> 
     </span>
     <span class='ocr_line' id='line_1_15' title="bbox 235 1412 1016 1504; baseline -0.017 -22"><span class='ocrx_word' id='word_1_85' title='bbox 235 1422 316 1504; x_wconf 87' lang='grc' dir='ltr'>μύλος</span> <span class='ocrx_word' id='word_1_86' title='bbox 338 1424 362 1478; x_wconf 81' lang='grc' dir='ltr'>τ’</span> <span class='ocrx_word' id='word_1_87' title='bbox 377 1417 537 1497; x_wconf 74' lang='grc' dir='ltr'>εἰσηγήσατο</span> <span class='ocrx_word' id='word_1_88' title='bbox 551 1418 596 1477; x_wconf 83' lang='grc' dir='ltr'>καὶ</span> <span class='ocrx_word' id='word_1_89' title='bbox 617 1420 711 1496; x_wconf 67' lang='grc' dir='ltr'>Νομᾶς</span> <span class='ocrx_word' id='word_1_90' title='bbox 732 1418 899 1493; x_wconf 86' lang='grc' dir='ltr'>ΙΙομπιλιος,</span> <span class='ocrx_word' id='word_1_91' title='bbox 924 1412 967 1481; x_wconf 84' lang='grc' dir='ltr'>οθς</span> <span class='ocrx_word' id='word_1_92' title='bbox 988 1413 1016 1470; x_wconf 85' lang='grc' dir='ltr'>δὲ</span> 
     </span>
     <span class='ocr_line' id='line_1_16' title="bbox 235 1503 1015 1584; baseline -0.012 -17"><span class='ocrx_word' id='word_1_93' title='bbox 235 1509 312 1577; x_wconf 83' lang='grc' dir='ltr'>αι’ντθς</span> <span class='ocrx_word' id='word_1_94' title='bbox 326 1509 525 1584; x_wconf 73' lang='grc' dir='ltr'>καθιστάμενος.</span> <span class='ocrx_word' id='word_1_95' title='bbox 569 1510 663 1567; x_wconf 79' lang='grc' dir='ltr'>Ταῦτα</span> <span class='ocrx_word' id='word_1_96' title='bbox 676 1507 704 1566; x_wconf 83' lang='grc' dir='ltr'>δὲ</span> <span class='ocrx_word' id='word_1_97' title='bbox 719 1508 797 1565; x_wconf 79' lang='grc' dir='ltr'>αὐτοῦ</span> <span class='ocrx_word' id='word_1_98' title='bbox 813 1503 1015 1576; x_wconf 85' lang='grc' dir='ltr'>πολιτευομένου</span> 
     </span>
     <span class='ocr_line' id='line_1_17' title="bbox 234 1590 1016 1679; baseline -0.015 -21"><span class='ocrx_word' id='word_1_99' title='bbox 234 1601 360 1679; x_wconf 81' lang='grc' dir='ltr'>χαλεπῶς</span> <span class='ocrx_word' id='word_1_100' title='bbox 373 1598 462 1678; x_wconf 83' lang='grc' dir='ltr'>ἔφερον</span> <span class='ocrx_word' id='word_1_101' title='bbox 480 1600 505 1657; x_wconf 84' lang='grc' dir='ltr'>οῖ</span> <span class='ocrx_word' id='word_1_102' title='bbox 518 1595 663 1674; x_wconf 79' lang='grc' dir='ltr'>πατρίκιοι,</span> <span class='ocrx_word' id='word_1_103' title='bbox 679 1593 878 1671; x_wconf 86' lang='grc' dir='ltr'>καταλυομένην</span> <span class='ocrx_word' id='word_1_104' title='bbox 900 1591 948 1663; x_wconf 68' lang='grc' dir='ltr'>τὴν</span> <span class='ocrx_word' id='word_1_105' title='bbox 968 1590 1016 1648; x_wconf 88' lang='grc' dir='ltr'>δυ-</span> 
     </span>
     <span class='ocr_line' id='line_1_18' title="bbox 234 1677 1017 1768; baseline -0.015 -20"><span class='ocrx_word' id='word_1_106' title='bbox 234 1688 356 1748; x_wconf 88' lang='grc' dir='ltr'>ναστείαν</span> <span class='ocrx_word' id='word_1_107' title='bbox 378 1692 426 1759; x_wconf 75' lang='grc' dir='ltr'>τῆς</span> <span class='ocrx_word' id='word_1_108' title='bbox 442 1687 537 1768; x_wconf 75' lang='grc' dir='ltr'>βουλῆς</span> <span class='ocrx_word' id='word_1_109' title='bbox 560 1688 686 1764; x_wconf 83' lang='grc' dir='ltr'>δρῶντες,</span> <span class='ocrx_word' id='word_1_110' title='bbox 709 1684 754 1743; x_wconf 86' lang='grc' dir='ltr'>καὶ</span> <span class='ocrx_word' id='word_1_111' title='bbox 774 1679 915 1762; x_wconf 78' lang='grc' dir='ltr'>λογισμούς</span> <span class='ocrx_word' id='word_1_112' title='bbox 930 1677 1017 1739; x_wconf 77' lang='grc' dir='ltr'>οὐκέτι</span> 
     </span>
     <span class='ocr_line' id='line_1_19' title="bbox 233 1769 1013 1854; baseline -0.01 -17"><span class='ocrx_word' id='word_1_113' title='bbox 233 1775 293 1844; x_wconf 77' lang='grc' dir='ltr'>τοὺς</span> <span class='ocrx_word' id='word_1_114' title='bbox 308 1775 409 1849; x_wconf 76' lang='grc' dir='ltr'>αὐτούς,</span> <span class='ocrx_word' id='word_1_115' title='bbox 424 1777 483 1835; x_wconf 86' lang='grc' dir='ltr'>ἀλλ’</span> <span class='ocrx_word' id='word_1_116' title='bbox 493 1773 622 1840; x_wconf 79' lang='grc' dir='ltr'>ἐναντίους</span> <span class='ocrx_word' id='word_1_117' title='bbox 635 1782 688 1840; x_wconf 89' lang='grc' dir='ltr'>τοῖς</span> <span class='ocrx_word' id='word_1_118' title='bbox 701 1772 836 1854; x_wconf 87' lang='grc' dir='ltr'>προτέροις</span> <span class='ocrx_word' id='word_1_119' title='bbox 852 1769 1013 1848; x_wconf 78' lang='grc' dir='ltr'>ἐλάμύανον.</span> 
     </span>
     <span class='ocr_line' id='line_1_20' title="bbox 234 1857 1016 1947; baseline -0.013 -20"><span class='ocrx_word' id='word_1_120' title='bbox 234 1865 282 1929; x_wconf 85' lang='grc' dir='ltr'>Ἐν</span> <span class='ocrx_word' id='word_1_121' title='bbox 303 1869 399 1947; x_wconf 86' lang='grc' dir='ltr'>ἀρχαῖς</span> <span class='ocrx_word' id='word_1_122' title='bbox 429 1861 546 1944; x_wconf 78' lang='grc' dir='ltr'>μὲνγὰρ</span> <span class='ocrx_word' id='word_1_123' title='bbox 573 1860 703 1944; x_wconf 81' lang='grc' dir='ltr'>ὥρμησαν</span> <span class='ocrx_word' id='word_1_124' title='bbox 731 1861 874 1943; x_wconf 84' lang='grc' dir='ltr'>ἀφελέσθαι</span> <span class='ocrx_word' id='word_1_125' title='bbox 891 1857 940 1931; x_wconf 75' lang='grc' dir='ltr'>τὴν</span> <span class='ocrx_word' id='word_1_126' title='bbox 960 1880 1016 1917; x_wconf 90' lang='grc' dir='ltr'>πα·</span> 
     </span>
     <span class='ocr_line' id='line_1_21' title="bbox 238 1947 1016 2034; baseline -0.013 -20"><span class='ocrx_word' id='word_1_127' title='bbox 238 1955 350 2034; x_wconf 84' lang='grc' dir='ltr'>ράνομον</span> <span class='ocrx_word' id='word_1_128' title='bbox 361 1956 441 2013; x_wconf 82' lang='grc' dir='ltr'>αὐτοῦ</span> <span class='ocrx_word' id='word_1_129' title='bbox 456 1950 611 2011; x_wconf 88' lang='grc' dir='ltr'>δυναστείαν</span> <span class='ocrx_word' id='word_1_130' title='bbox 620 1949 801 2019; x_wconf 85' lang='grc' dir='ltr'>ἀποδείξαντες</span> <span class='ocrx_word' id='word_1_131' title='bbox 817 1947 1016 2027; x_wconf 76' lang='grc' dir='ltr'>μεσοὸασιλεῖς,</span> 
     </span>
     <span class='ocr_line' id='line_1_22' title="bbox 234 2034 1016 2117; baseline -0.013 -13"><span class='ocrx_word' id='word_1_132' title='bbox 234 2043 280 2104; x_wconf 80' lang='grc' dir='ltr'>καί</span> <span class='ocrx_word' id='word_1_133' title='bbox 300 2044 333 2102; x_wconf 88' lang='grc' dir='ltr'>δι’</span> <span class='ocrx_word' id='word_1_134' title='bbox 355 2040 460 2102; x_wconf 86' lang='grc' dir='ltr'>ἐκείνων</span> <span class='ocrx_word' id='word_1_135' title='bbox 480 2038 584 2099; x_wconf 71' lang='grc' dir='ltr'>ἑλέσθαι</span> <span class='ocrx_word' id='word_1_136' title='bbox 603 2038 647 2098; x_wconf 70' lang='grc' dir='ltr'>τὀν</span> <span class='ocrx_word' id='word_1_137' title='bbox 669 2042 738 2099; x_wconf 85' lang='grc' dir='ltr'>κατθι</span> <span class='ocrx_word' id='word_1_138' title='bbox 752 2039 846 2117; x_wconf 82' lang='grc' dir='ltr'>νόμους</span> <span class='ocrx_word' id='word_1_139' title='bbox 861 2035 952 2106; x_wconf 78' lang='grc' dir='ltr'>ἕξοντα</span> <span class='ocrx_word' id='word_1_140' title='bbox 968 2034 1016 2108; x_wconf 69' lang='grc' dir='ltr'>τὴν</span> 
     </span>
     <span class='ocr_line' id='line_1_23' title="bbox 235 2124 1013 2213; baseline -0.012 -23"><span class='ocrx_word' id='word_1_141' title='bbox 235 2132 336 2213; x_wconf 80' lang='grc' dir='ltr'>ἀρχήν·</span> <span class='ocrx_word' id='word_1_142' title='bbox 348 2130 408 2190; x_wconf 86' lang='grc' dir='ltr'>τότε</span> <span class='ocrx_word' id='word_1_143' title='bbox 424 2126 582 2210; x_wconf 14' lang='grc' dir='ltr'>δθςστίργειν</span> <span class='ocrx_word' id='word_1_144' title='bbox 594 2129 637 2188; x_wconf 78' lang='grc' dir='ltr'>ἐπὶ</span> <span class='ocrx_word' id='word_1_145' title='bbox 652 2137 706 2194; x_wconf 86' lang='grc' dir='ltr'>τοῖς</span> <span class='ocrx_word' id='word_1_146' title='bbox 720 2132 849 2210; x_wconf 78' lang='grc' dir='ltr'>παροῦσιν</span> <span class='ocrx_word' id='word_1_147' title='bbox 863 2124 946 2208; x_wconf 81' lang='grc' dir='ltr'>ᾤοντο</span> <span class='ocrx_word' id='word_1_148' title='bbox 960 2127 1013 2184; x_wconf 89' lang='grc' dir='ltr'>δεῖν</span> 
     </span>
    </p>
   </div>
   <div class='ocr_carea' id='block_1_7' title="bbox 181 2213 1015 2296">
    <p class='ocr_par' dir='ltr' id='par_1_7' title="bbox 181 2213 1015 2296">
     <span class='ocr_line' id='line_1_24' title="bbox 181 2213 1015 2296; baseline -0.013 -15"><span class='ocrx_word' id='word_1_149' title='bbox 181 2240 209 2281; x_wconf 79' lang='lat'>20</span> <span class='ocrx_word' id='word_1_150' title='bbox 235 2220 281 2278; x_wconf 81' lang='grc' dir='ltr'>καὶ</span> <span class='ocrx_word' id='word_1_151' title='bbox 300 2213 382 2295; x_wconf 73' lang='grc' dir='ltr'>μηθέν</span> <span class='ocrx_word' id='word_1_152' title='bbox 395 2218 635 2295; x_wconf 79' lang='grc' dir='ltr'>πολυπραγμονεῖν.</span> <span class='ocrx_word' id='word_1_153' title='bbox 681 2216 774 2296; x_wconf 76' lang='grc' dir='ltr'>Είσῄει</span> <span class='ocrx_word' id='word_1_154' title='bbox 793 2216 845 2296; x_wconf 81' lang='grc' dir='ltr'>γάρ</span> <span class='ocrx_word' id='word_1_155' title='bbox 869 2215 957 2279; x_wconf 80' lang='grc' dir='ltr'>αὐτοῖς</span> <span class='ocrx_word' id='word_1_156' title='bbox 971 2213 1015 2271; x_wconf 89' lang='grc' dir='ltr'>λο-</span> 
     </span>
    </p>
   </div>
   <div class='ocr_carea' id='block_1_8' title="bbox 181 2689 208 2729">
    <p class='ocr_par' dir='ltr' id='par_1_8' title="bbox 181 2689 208 2729">
     <span class='ocr_line' id='line_1_25' title="bbox 181 2689 208 2729; baseline 0 0"><span class='ocrx_word' id='word_1_157' title='bbox 181 2689 208 2729; x_wconf 74' lang='lat'>25</span> 
     </span>
    </p>
   </div>
   <div class='ocr_carea' id='block_1_9' title="bbox 234 2303 1017 2475">
    <p class='ocr_par' dir='ltr' id='par_1_9' title="bbox 234 2303 1017 2475">
     <span class='ocr_line' id='line_1_26' title="bbox 234 2303 1017 2386; baseline -0.009 -21"><span class='ocrx_word' id='word_1_158' title='bbox 234 2308 341 2386; x_wconf 86' lang='grc' dir='ltr'>γισμὸς,</span> <span class='ocrx_word' id='word_1_159' title='bbox 351 2305 392 2365; x_wconf 78' lang='grc' dir='ltr'>δτι</span> <span class='ocrx_word' id='word_1_160' title='bbox 407 2308 454 2376; x_wconf 77' lang='grc' dir='ltr'>τῆς</span> <span class='ocrx_word' id='word_1_161' title='bbox 465 2303 512 2382; x_wconf 78' lang='grc' dir='ltr'>μὲν</span> <span class='ocrx_word' id='word_1_162' title='bbox 528 2307 632 2385; x_wconf 85' lang='grc' dir='ltr'>βουλῆς,</span> <span class='ocrx_word' id='word_1_163' title='bbox 645 2304 673 2365; x_wconf 88' lang='grc' dir='ltr'>θν</span> <span class='ocrx_word' id='word_1_164' title='bbox 688 2305 755 2375; x_wconf 85' lang='grc' dir='ltr'>αὐτὴ</span> <span class='ocrx_word' id='word_1_165' title='bbox 766 2311 919 2385; x_wconf 81' lang='grc' dir='ltr'>προῃρεῖτο,</span> <span class='ocrx_word' id='word_1_166' title='bbox 930 2324 1017 2381; x_wconf 86' lang='grc' dir='ltr'>παρα-</span> 
     </span>
     <span class='ocr_line' id='line_1_27' title="bbox 234 2388 1016 2475; baseline -0.012 -19"><span class='ocrx_word' id='word_1_167' title='bbox 234 2396 332 2475; x_wconf 87' lang='grc' dir='ltr'>γούσης</span> <span class='ocrx_word' id='word_1_168' title='bbox 354 2395 398 2454; x_wconf 72' lang='lat' dir='ltr'><strong>int</strong></span> <span class='ocrx_word' id='word_1_169' title='bbox 411 2394 445 2452; x_wconf 79' lang='grc' dir='ltr'>τὰ</span> <span class='ocrx_word' id='word_1_170' title='bbox 456 2394 602 2473; x_wconf 80' lang='grc' dir='ltr'>πράγματα</span> <span class='ocrx_word' id='word_1_171' title='bbox 619 2398 633 2454; x_wconf 84' lang='grc' dir='ltr'>δ</span> <span class='ocrx_word' id='word_1_172' title='bbox 649 2397 731 2472; x_wconf 79' lang='grc' dir='ltr'>δῆμος</span> <span class='ocrx_word' id='word_1_173' title='bbox 749 2395 947 2464; x_wconf 82' lang='grc' dir='ltr'>ἐναντιώσεται,</span> <span class='ocrx_word' id='word_1_174' title='bbox 968 2388 1016 2461; x_wconf 81' lang='grc' dir='ltr'>τλν</span> 
     </span>
    </p>
   </div>
   <div class='ocr_carea' id='block_1_10' title="bbox 232 2479 1015 2565">
    <p class='ocr_par' dir='ltr' id='par_1_10' title="bbox 232 2479 1015 2565">
     <span class='ocr_line' id='line_1_28' title="bbox 232 2479 1015 2565; baseline -0.011 -21"><span class='ocrx_word' id='word_1_175' title='bbox 232 2489 320 2565; x_wconf 77' lang='grc' dir='ltr'>ψῆφον</span> <span class='ocrx_word' id='word_1_176' title='bbox 337 2482 497 2543; x_wconf 77' lang='grc' dir='ltr'>ἀναλαὸῶν·</span> <span class='ocrx_word' id='word_1_177' title='bbox 512 2483 557 2541; x_wconf 70' lang='lat' dir='ltr'>its</span> <span class='ocrx_word' id='word_1_178' title='bbox 575 2484 599 2541; x_wconf 90' lang='grc' dir='ltr'>δ’</span> <span class='ocrx_word' id='word_1_179' title='bbox 614 2482 658 2542; x_wconf 79' lang='grc' dir='ltr'>ἐπὶ</span> <span class='ocrx_word' id='word_1_180' title='bbox 676 2486 714 2565; x_wconf 83' lang='grc' dir='ltr'>τῷ</span> <span class='ocrx_word' id='word_1_181' title='bbox 733 2482 811 2561; x_wconf 74' lang='grc' dir='ltr'>δήμῳ</span> <span class='ocrx_word' id='word_1_182' title='bbox 825 2481 953 2553; x_wconf 77' lang='grc' dir='ltr'>ποιήσωσι</span> <span class='ocrx_word' id='word_1_183' title='bbox 967 2479 1015 2549; x_wconf 73' lang='grc' dir='ltr'>τὴν</span> 
     </span>
    </p>
   </div>
   <div class='ocr_carea' id='block_1_11' title="bbox 233 2568 1017 3095">
    <p class='ocr_par' dir='ltr' id='par_1_11' title="bbox 233 2568 1017 3095">
     <span class='ocr_line' id='line_1_29' title="bbox 233 2568 1017 2651; baseline -0.006 -23"><span class='ocrx_word' id='word_1_184' title='bbox 233 2577 282 2647; x_wconf 75' lang='grc' dir='ltr'>τοῦΙ</span> <span class='ocrx_word' id='word_1_185' title='bbox 302 2569 433 2650; x_wconf 83' lang='grc' dir='ltr'>βασιλέως</span> <span class='ocrx_word' id='word_1_186' title='bbox 452 2568 567 2651; x_wconf 74' lang='grc' dir='ltr'>αἵρεσιν,</span> <span class='ocrx_word' id='word_1_187' title='bbox 582 2568 686 2629; x_wconf 83' lang='grc' dir='ltr'>ἀπασαι</span> <span class='ocrx_word' id='word_1_188' title='bbox 706 2570 750 2628; x_wconf 79' lang='grc' dir='ltr'>τὸν</span> <span class='ocrx_word' id='word_1_189' title='bbox 765 2571 880 2630; x_wconf 83' lang='grc' dir='ltr'>Τύλλιον</span> <span class='ocrx_word' id='word_1_190' title='bbox 897 2571 1017 2649; x_wconf 75' lang='grc' dir='ltr'>ψηφοφο·</span> 
     </span>
     <span class='ocr_line' id='line_1_30' title="bbox 236 2657 1016 2739; baseline -0.005 -22"><span class='ocrx_word' id='word_1_191' title='bbox 236 2658 361 2739; x_wconf 82' lang='grc' dir='ltr'>ρήσουσιν</span> <span class='ocrx_word' id='word_1_192' title='bbox 375 2662 403 2716; x_wconf 84' lang='grc' dir='ltr'>αθ</span> <span class='ocrx_word' id='word_1_193' title='bbox 411 2668 540 2739; x_wconf 74' lang='grc' dir='ltr'>φρᾶτραι,</span> <span class='ocrx_word' id='word_1_194' title='bbox 551 2658 596 2717; x_wconf 85' lang='grc' dir='ltr'>καῖ</span> <span class='ocrx_word' id='word_1_195' title='bbox 604 2660 740 2737; x_wconf 90' lang='grc' dir='ltr'>περίεσται</span> <span class='ocrx_word' id='word_1_196' title='bbox 750 2663 789 2739; x_wconf 81' lang='grc' dir='ltr'>τῷ</span> <span class='ocrx_word' id='word_1_197' title='bbox 803 2657 877 2736; x_wconf 84' lang='grc' dir='ltr'>ἀνδρὶ</span> <span class='ocrx_word' id='word_1_198' title='bbox 891 2657 921 2715; x_wconf 83' lang='grc' dir='ltr'>τὸ</span> <span class='ocrx_word' id='word_1_199' title='bbox 932 2659 1016 2716; x_wconf 87' lang='grc' dir='ltr'>δοκεῖν</span> 
     </span>
     <span class='ocr_line' id='line_1_31' title="bbox 238 2738 1013 2827; baseline -0.008 -20"><span class='ocrx_word' id='word_1_200' title='bbox 238 2747 308 2807; x_wconf 69' lang='grc' dir='ltr'>κατὰ</span> <span class='ocrx_word' id='word_1_201' title='bbox 334 2749 429 2824; x_wconf 82' lang='grc' dir='ltr'>νόμους</span> <span class='ocrx_word' id='word_1_202' title='bbox 450 2748 555 2827; x_wconf 78' lang='grc' dir='ltr'>ἀρχεῖν.</span> <span class='ocrx_word' id='word_1_203' title='bbox 598 2746 708 2817; x_wconf 72' lang='grc' dir='ltr'>Ἐδοξεν</span> <span class='ocrx_word' id='word_1_204' title='bbox 728 2738 772 2807; x_wconf 74' lang='grc' dir='ltr'>οὖν</span> <span class='ocrx_word' id='word_1_205' title='bbox 799 2746 886 2812; x_wconf 80' lang='grc' dir='ltr'>αὐτοῖς</span> <span class='ocrx_word' id='word_1_206' title='bbox 907 2744 1013 2822; x_wconf 86' lang='grc' dir='ltr'>ἀμεινον</span> 
     </span>
     <span class='ocr_line' id='line_1_32' title="bbox 236 2826 1014 2917; baseline -0.004 -22"><span class='ocrx_word' id='word_1_207' title='bbox 236 2826 303 2895; x_wconf 76' lang='grc' dir='ltr'>εἶναι</span> <span class='ocrx_word' id='word_1_208' title='bbox 316 2837 463 2895; x_wconf 83' lang='grc' dir='ltr'>κλέπτοντα</span> <span class='ocrx_word' id='word_1_209' title='bbox 473 2836 521 2907; x_wconf 78' lang='grc' dir='ltr'>τὴν</span> <span class='ocrx_word' id='word_1_210' title='bbox 535 2835 620 2917; x_wconf 80' lang='grc' dir='ltr'>ἀρχὴν</span> <span class='ocrx_word' id='word_1_211' title='bbox 634 2838 677 2895; x_wconf 86' lang='grc' dir='ltr'>τὸν</span> <span class='ocrx_word' id='word_1_212' title='bbox 699 2836 780 2917; x_wconf 81' lang='grc' dir='ltr'>ἄνδρα</span> <span class='ocrx_word' id='word_1_213' title='bbox 791 2836 837 2895; x_wconf 86' lang='grc' dir='ltr'>καῖ</span> <span class='ocrx_word' id='word_1_214' title='bbox 846 2833 1014 2915; x_wconf 85' lang='grc' dir='ltr'>παρακρουό·</span> 
     </span>
     <span class='ocr_line' id='line_1_33' title="bbox 235 2923 1015 3005; baseline -0.005 -21"><span class='ocrx_word' id='word_1_215' title='bbox 235 2948 315 2999; x_wconf 89' lang='grc' dir='ltr'>μενον</span> <span class='ocrx_word' id='word_1_216' title='bbox 328 2926 388 2995; x_wconf 80' lang='grc' dir='ltr'>τοὺς</span> <span class='ocrx_word' id='word_1_217' title='bbox 403 2924 512 2993; x_wconf 83' lang='grc' dir='ltr'>πολίτας</span> <span class='ocrx_word' id='word_1_218' title='bbox 527 2928 645 3003; x_wconf 79' lang='grc' dir='ltr'>μᾶλλον,</span> <span class='ocrx_word' id='word_1_219' title='bbox 658 2926 676 2997; x_wconf 76' lang='grc' dir='ltr'>ἢ</span> <span class='ocrx_word' id='word_1_220' title='bbox 691 2929 820 2984; x_wconf 89' lang='grc' dir='ltr'>πείσαντα</span> <span class='ocrx_word' id='word_1_221' title='bbox 836 2923 881 2982; x_wconf 83' lang='grc' dir='ltr'>καί</span> <span class='ocrx_word' id='word_1_222' title='bbox 896 2926 1015 3005; x_wconf 82' lang='grc' dir='ltr'>φανερῶς</span> 
     </span>
     <span class='ocr_line' id='line_1_34' title="bbox 234 3008 1016 3095; baseline -0.005 -22"><span class='ocrx_word' id='word_1_223' title='bbox 234 3013 352 3074; x_wconf 74' lang='grc' dir='ltr'>λαθόντα</span> <span class='ocrx_word' id='word_1_224' title='bbox 362 3014 496 3095; x_wconf 87' lang='grc' dir='ltr'>κατέχειν.</span> <span class='ocrx_word' id='word_1_225' title='bbox 520 3013 595 3075; x_wconf 82' lang='grc' dir='ltr'>Ἀλλ’</span> <span class='ocrx_word' id='word_1_226' title='bbox 602 3014 674 3074; x_wconf 82' lang='grc' dir='ltr'>οὐδὲν</span> <span class='ocrx_word' id='word_1_227' title='bbox 682 3017 768 3081; x_wconf 83' lang='grc' dir='ltr'>αὐτοῖς</span> <span class='ocrx_word' id='word_1_228' title='bbox 777 3008 1016 3091; x_wconf 86' lang='grc' dir='ltr'>ἐγένετοπρούργου</span> 
     </span>
    </p>
   </div>
   <div class='ocr_carea' id='block_1_12' title="bbox 130 3099 1015 3185">
    <p class='ocr_par' dir='ltr' id='par_1_12' title="bbox 130 3099 1015 3185">
     <span class='ocr_line' id='line_1_35' title="bbox 130 3099 1015 3185; baseline -0.003 -23"><span class='ocrx_word' id='word_1_229' title='bbox 130 3141 137 3153; x_wconf 87' lang='lat'><strong>·</strong></span> <span class='ocrx_word' id='word_1_230' title='bbox 180 3128 222 3185; x_wconf 23' lang='lat' dir='ltr'>uo!</span> <span class='ocrx_word' id='word_1_231' title='bbox 236 3107 287 3162; x_wconf 88' lang='grc' dir='ltr'>τῶν</span> <span class='ocrx_word' id='word_1_232' title='bbox 302 3105 507 3184; x_wconf 87' lang='grc' dir='ltr'>λελογισμένων·</span> <span class='ocrx_word' id='word_1_233' title='bbox 534 3103 604 3164; x_wconf 74' lang='lat' dir='ltr'><strong>obsco</strong></span> <span class='ocrx_word' id='word_1_234' title='bbox 622 3103 872 3184; x_wconf 78' lang='grc' dir='ltr'>κατεστρατήγησεν</span> <span class='ocrx_word' id='word_1_235' title='bbox 894 3099 1015 3167; x_wconf 80' lang='grc' dir='ltr'>αὖτοθςθ</span> 
     </span>
    </p>
   </div>
   <div class='ocr_carea' id='block_1_13' title="bbox 233 3186 1014 3538">
    <p class='ocr_par' dir='ltr' id='par_1_13' title="bbox 233 3186 1014 3538">
     <span class='ocr_line' id='line_1_36' title="bbox 234 3186 1013 3273; baseline -0.008 -20"><span class='ocrx_word' id='word_1_236' title='bbox 234 3193 363 3269; x_wconf 91' lang='grc' dir='ltr'>Τύλλιος,</span> <span class='ocrx_word' id='word_1_237' title='bbox 376 3194 420 3253; x_wconf 78' lang='grc' dir='ltr'>καί</span> <span class='ocrx_word' id='word_1_238' title='bbox 436 3193 551 3273; x_wconf 89' lang='grc' dir='ltr'>κατέσχε</span> <span class='ocrx_word' id='word_1_239' title='bbox 560 3192 608 3265; x_wconf 73' lang='grc' dir='ltr'>τὴν</span> <span class='ocrx_word' id='word_1_240' title='bbox 621 3190 759 3272; x_wconf 84' lang='grc' dir='ltr'>βασιλείαν</span> <span class='ocrx_word' id='word_1_241' title='bbox 770 3192 887 3249; x_wconf 84' lang='grc' dir='ltr'>ἀκόντων</span> <span class='ocrx_word' id='word_1_242' title='bbox 899 3186 1013 3247; x_wconf 87' lang='grc' dir='ltr'>ἐκείνων.</span> 
     </span>
     <span class='ocr_line' id='line_1_37' title="bbox 235 3277 1014 3361; baseline -0.008 -21"><span class='ocrx_word' id='word_1_243' title='bbox 235 3282 446 3350; x_wconf 84' lang='grc' dir='ltr'>Κατασκευσίσας</span> <span class='ocrx_word' id='word_1_244' title='bbox 460 3281 511 3361; x_wconf 77' lang='grc' dir='ltr'>γὰρ</span> <span class='ocrx_word' id='word_1_245' title='bbox 529 3285 560 3342; x_wconf 89' lang='grc' dir='ltr'>ἐκ</span> <span class='ocrx_word' id='word_1_246' title='bbox 579 3283 679 3341; x_wconf 79' lang='grc' dir='ltr'>πολλοῦ</span> <span class='ocrx_word' id='word_1_247' title='bbox 694 3279 783 3361; x_wconf 83' lang='grc' dir='ltr'>φήμας</span> <span class='ocrx_word' id='word_1_248' title='bbox 802 3281 925 3356; x_wconf 88' lang='grc' dir='ltr'>λέγεσθαι</span> <span class='ocrx_word' id='word_1_249' title='bbox 944 3277 1014 3336; x_wconf 78' lang='grc' dir='ltr'>κατὰ</span> 
     </span>
     <span class='ocr_line' id='line_1_38' title="bbox 233 3366 1011 3449; baseline -0.005 -21"><span class='ocrx_word' id='word_1_250' title='bbox 233 3369 282 3439; x_wconf 83' lang='grc' dir='ltr'>τὴν</span> <span class='ocrx_word' id='word_1_251' title='bbox 299 3371 393 3444; x_wconf 82' lang='grc' dir='ltr'>πολιν,</span> <span class='ocrx_word' id='word_1_252' title='bbox 409 3374 445 3438; x_wconf 83' lang='grc' dir='ltr'>ὡς</span> <span class='ocrx_word' id='word_1_253' title='bbox 462 3369 684 3430; x_wconf 77' lang='grc' dir='ltr'>ἐπιύουλευύντων</span> <span class='ocrx_word' id='word_1_254' title='bbox 697 3372 770 3449; x_wconf 78' lang='grc' dir='ltr'>αὐτῷ</span> <span class='ocrx_word' id='word_1_255' title='bbox 782 3371 834 3427; x_wconf 86' lang='grc' dir='ltr'>τῶν</span> <span class='ocrx_word' id='word_1_256' title='bbox 847 3366 1011 3447; x_wconf 85' lang='grc' dir='ltr'>πατρικίων,</span> 
     </span>
     <span class='ocr_line' id='line_1_39' title="bbox 233 3455 1013 3538; baseline -0.003 -22"><span class='ocrx_word' id='word_1_257' title='bbox 233 3459 362 3538; x_wconf 76' lang='grc' dir='ltr'>προῆλθεν</span> <span class='ocrx_word' id='word_1_258' title='bbox 376 3462 410 3527; x_wconf 84' lang='grc' dir='ltr'>εἷς</span> <span class='ocrx_word' id='word_1_259' title='bbox 427 3458 476 3531; x_wconf 71' lang='grc' dir='ltr'>τὴν</span> <span class='ocrx_word' id='word_1_260' title='bbox 489 3458 599 3537; x_wconf 76' lang='grc' dir='ltr'>ἀγορὰν,</span> <span class='ocrx_word' id='word_1_261' title='bbox 613 3460 710 3529; x_wconf 80' lang='grc' dir='ltr'>ἐσθῆτα</span> <span class='ocrx_word' id='word_1_262' title='bbox 725 3457 841 3538; x_wconf 77' lang='grc' dir='ltr'>πιναρὰν</span> <span class='ocrx_word' id='word_1_263' title='bbox 854 3455 1013 3536; x_wconf 76' lang='grc' dir='ltr'>περεθεύλη·</span> 
     </span>
    </p>
   </div>
   <div class='ocr_carea' id='block_1_14' title="bbox 1069 619 1966 699">
    <p class='ocr_par' dir='ltr' id='par_1_14' title="bbox 1069 619 1966 699">
     <span class='ocr_line' id='line_1_40' title="bbox 1069 619 1966 699; baseline 0.002 -28"><span class='ocrx_word' id='word_1_264' title='bbox 1069 636 1118 673; x_wconf 90' lang='lat' dir='ltr'>non</span> <span class='ocrx_word' id='word_1_265' title='bbox 1139 625 1268 687; x_wconf 91' lang='lat' dir='ltr'><strong>poterant,</strong></span> <span class='ocrx_word' id='word_1_266' title='bbox 1285 624 1312 672; x_wconf 87' lang='lat' dir='ltr'><strong>et</strong></span> <span class='ocrx_word' id='word_1_267' title='bbox 1323 622 1444 699; x_wconf 85' lang='lat' dir='ltr'><strong>quantum</strong></span> <span class='ocrx_word' id='word_1_268' title='bbox 1458 619 1627 685; x_wconf 77' lang='lat' dir='ltr'><strong>unusquisque</strong></span> <span class='ocrx_word' id='word_1_269' title='bbox 1641 620 1768 673; x_wconf 73' lang='lat' dir='ltr'><strong>deberet:</strong></span> <span class='ocrx_word' id='word_1_270' title='bbox 1784 627 1851 687; x_wconf 90' lang='lat' dir='ltr'><strong>post·</strong></span> <span class='ocrx_word' id='word_1_271' title='bbox 1960 642 1966 649; x_wconf 45' lang='lat'>⁸</span> 
     </span>
    </p>
   </div>
   <div class='ocr_carea' id='block_1_15' title="bbox 1069 710 1854 1629">
    <p class='ocr_par' dir='ltr' id='par_1_15' title="bbox 1069 710 1854 1629">
     <span class='ocr_line' id='line_1_41' title="bbox 1069 710 1848 780; baseline -0.001 -13"><span class='ocrx_word' id='word_1_272' title='bbox 1069 728 1143 779; x_wconf 82' lang='lat' dir='ltr'><strong>quasa</strong></span> <span class='ocrx_word' id='word_1_273' title='bbox 1165 715 1264 767; x_wconf 88' lang='lat' dir='ltr'><strong>nomina</strong></span> <span class='ocrx_word' id='word_1_274' title='bbox 1284 717 1310 765; x_wconf 83' lang='lat' dir='ltr'>ct</span> <span class='ocrx_word' id='word_1_275' title='bbox 1334 711 1418 762; x_wconf 87' lang='lat' dir='ltr'><strong>debita</strong></span> <span class='ocrx_word' id='word_1_276' title='bbox 1439 712 1464 762; x_wconf 90' lang='lat' dir='ltr'>in</span> <span class='ocrx_word' id='word_1_277' title='bbox 1490 710 1581 761; x_wconf 84' lang='lat' dir='ltr'><strong>tabulis</strong></span> <span class='ocrx_word' id='word_1_278' title='bbox 1598 711 1722 776; x_wconf 85' lang='lat' dir='ltr'><strong>descripta</strong></span> <span class='ocrx_word' id='word_1_279' title='bbox 1742 716 1848 780; x_wconf 81' lang='lat' dir='ltr'><strong>aoeepit.</strong></span> 
     </span>
     <span class='ocr_line' id='line_1_42' title="bbox 1070 805 1851 872; baseline 0.001 -13"><span class='ocrx_word' id='word_1_280' title='bbox 1070 807 1161 859; x_wconf 87' lang='lat' dir='ltr'><strong>mensis</strong></span> <span class='ocrx_word' id='word_1_281' title='bbox 1174 809 1200 858; x_wconf 93' lang='lat' dir='ltr'>in</span> <span class='ocrx_word' id='word_1_282' title='bbox 1215 808 1269 857; x_wconf 86' lang='lat' dir='ltr'><strong>loro</strong></span> <span class='ocrx_word' id='word_1_283' title='bbox 1276 805 1373 872; x_wconf 88' lang='lat' dir='ltr'><strong>positis,</strong></span> <span class='ocrx_word' id='word_1_284' title='bbox 1381 805 1407 856; x_wconf 88' lang='lat' dir='ltr'>in</span> <span class='ocrx_word' id='word_1_285' title='bbox 1419 805 1532 856; x_wconf 91' lang='lat' dir='ltr'><strong>omnium</strong></span> <span class='ocrx_word' id='word_1_286' title='bbox 1546 812 1680 871; x_wconf 87' lang='lat' dir='ltr'><strong>conspectu</strong></span> <span class='ocrx_word' id='word_1_287' title='bbox 1689 807 1851 860; x_wconf 83' lang='lat' dir='ltr'><strong>creditoribus</strong></span> 
     </span>
     <span class='ocr_line' id='line_1_43' title="bbox 1069 900 1851 968; baseline 0.003 -15"><span class='ocrx_word' id='word_1_288' title='bbox 1069 902 1197 968; x_wconf 76' lang='grc' dir='ltr'>μεστοῖσιν</span> <span class='ocrx_word' id='word_1_289' title='bbox 1212 901 1385 953; x_wconf 79' lang='lat' dir='ltr'><strong>dinumeravit.</strong></span> <span class='ocrx_word' id='word_1_290' title='bbox 1418 900 1463 951; x_wconf 87' lang='lat' dir='ltr'><strong>llis</strong></span> <span class='ocrx_word' id='word_1_291' title='bbox 1491 901 1607 966; x_wconf 72' lang='lat' dir='ltr'><strong>peractis,</strong></span> <span class='ocrx_word' id='word_1_292' title='bbox 1622 902 1703 966; x_wconf 81' lang='lat' dir='ltr'><strong>palem</strong></span> <span class='ocrx_word' id='word_1_293' title='bbox 1723 903 1851 967; x_wconf 84' lang='lat' dir='ltr'><strong>proposuit</strong></span> 
     </span>
     <span class='ocr_line' id='line_1_44' title="bbox 1069 996 1853 1063; baseline 0.003 -16"><span class='ocrx_word' id='word_1_294' title='bbox 1069 997 1164 1061; x_wconf 66' lang='lat' dir='ltr'><strong>regium</strong></span> <span class='ocrx_word' id='word_1_295' title='bbox 1174 996 1284 1047; x_wconf 89' lang='lat' dir='ltr'><strong>edictum</strong></span> <span class='ocrx_word' id='word_1_296' title='bbox 1296 1034 1303 1056; x_wconf 94' lang='lat'><strong>,</strong></span> <span class='ocrx_word' id='word_1_297' title='bbox 1313 999 1342 1047; x_wconf 92' lang='lat' dir='ltr'><strong>ut</strong></span> <span class='ocrx_word' id='word_1_298' title='bbox 1353 997 1419 1047; x_wconf 85' lang='lat' dir='ltr'><strong>intra</strong></span> <span class='ocrx_word' id='word_1_299' title='bbox 1428 998 1526 1048; x_wconf 74' lang='lat' dir='ltr'><strong>cenum</strong></span> <span class='ocrx_word' id='word_1_300' title='bbox 1536 1000 1635 1061; x_wconf 89' lang='lat' dir='ltr'><strong>tempus</strong></span> <span class='ocrx_word' id='word_1_301' title='bbox 1644 998 1731 1049; x_wconf 84' lang='lat' dir='ltr'><strong>omnes</strong></span> <span class='ocrx_word' id='word_1_302' title='bbox 1741 998 1785 1063; x_wconf 78' lang='lat' dir='ltr'>qui</span> <span class='ocrx_word' id='word_1_303' title='bbox 1793 1012 1853 1063; x_wconf 74' lang='lat' dir='ltr'><strong>agro</strong></span> 
     </span>
     <span class='ocr_line' id='line_1_45' title="bbox 1069 1088 1853 1157; baseline 0.004 -16"><span class='ocrx_word' id='word_1_304' title='bbox 1069 1090 1168 1157; x_wconf 88' lang='lat' dir='ltr'><strong>publico</strong></span> <span class='ocrx_word' id='word_1_305' title='bbox 1190 1088 1340 1151; x_wconf 81' lang='lat' dir='ltr'><strong>fruerentur,</strong></span> <span class='ocrx_word' id='word_1_306' title='bbox 1358 1103 1466 1154; x_wconf 85' lang='lat' dir='ltr'><strong>cumque</strong></span> <span class='ocrx_word' id='word_1_307' title='bbox 1482 1090 1596 1153; x_wconf 82' lang='lat' dir='ltr'><strong>privatim</strong></span> <span class='ocrx_word' id='word_1_308' title='bbox 1615 1092 1778 1155; x_wconf 72' lang='lat' dir='ltr'>possiderent,</span> <span class='ocrx_word' id='word_1_309' title='bbox 1795 1093 1853 1145; x_wconf 89' lang='lat' dir='ltr'><strong>inde</strong></span> 
     </span>
     <span class='ocr_line' id='line_1_46' title="bbox 1070 1185 1850 1252; baseline 0 -15"><span class='ocrx_word' id='word_1_310' title='bbox 1070 1186 1197 1245; x_wconf 79' lang='lat' dir='ltr'><strong>cederent;</strong></span> <span class='ocrx_word' id='word_1_311' title='bbox 1207 1190 1233 1237; x_wconf 90' lang='lat' dir='ltr'><strong>et</strong></span> <span class='ocrx_word' id='word_1_312' title='bbox 1242 1198 1328 1236; x_wconf 90' lang='lat' dir='ltr'><strong>eorum</strong></span> <span class='ocrx_word' id='word_1_313' title='bbox 1343 1185 1454 1248; x_wconf 87' lang='lat' dir='ltr'><strong>civium,</strong></span> <span class='ocrx_word' id='word_1_314' title='bbox 1472 1185 1517 1250; x_wconf 79' lang='lat' dir='ltr'><strong>qul</strong></span> <span class='ocrx_word' id='word_1_315' title='bbox 1533 1185 1625 1237; x_wconf 85' lang='lat' dir='ltr'><strong>nullam</strong></span> <span class='ocrx_word' id='word_1_316' title='bbox 1640 1187 1692 1251; x_wconf 76' lang='lat' dir='ltr'><strong>agri</strong></span> <span class='ocrx_word' id='word_1_317' title='bbox 1708 1187 1850 1252; x_wconf 90' lang='lat' dir='ltr'><strong>portionem</strong></span> 
     </span>
     <span class='ocr_line' id='line_1_47' title="bbox 1070 1280 1852 1347; baseline 0.003 -15"><span class='ocrx_word' id='word_1_318' title='bbox 1070 1282 1204 1343; x_wconf 87' lang='lat' dir='ltr'><strong>baberent,</strong></span> <span class='ocrx_word' id='word_1_319' title='bbox 1219 1281 1319 1331; x_wconf 86' lang='lat' dir='ltr'><strong>nomina</strong></span> <span class='ocrx_word' id='word_1_320' title='bbox 1342 1280 1375 1330; x_wconf 90' lang='lat' dir='ltr'><strong>nd</strong></span> <span class='ocrx_word' id='word_1_321' title='bbox 1388 1293 1415 1331; x_wconf 92' lang='lat' dir='ltr'>se</span> <span class='ocrx_word' id='word_1_322' title='bbox 1437 1280 1604 1343; x_wconf 63' lang='lat' dir='ltr'><strong>delementum</strong></span> <span class='ocrx_word' id='word_1_323' title='bbox 1619 1285 1693 1346; x_wconf 87' lang='lat' dir='ltr'><strong>atque</strong></span> <span class='ocrx_word' id='word_1_324' title='bbox 1709 1282 1787 1347; x_wconf 78' lang='lat' dir='ltr'><strong>leges,</strong></span> <span class='ocrx_word' id='word_1_325' title='bbox 1798 1286 1852 1334; x_wconf 89' lang='lat' dir='ltr'>tum</span> 
     </span>
     <span class='ocr_line' id='line_1_48' title="bbox 1070 1376 1853 1441; baseline 0.004 -14"><span class='ocrx_word' id='word_1_326' title='bbox 1070 1380 1195 1428; x_wconf 81' lang='lat' dir='ltr'><strong>vetustate</strong></span> <span class='ocrx_word' id='word_1_327' title='bbox 1217 1376 1266 1427; x_wconf 85' lang='lat' dir='ltr'>iam</span> <span class='ocrx_word' id='word_1_328' title='bbox 1288 1376 1426 1441; x_wconf 79' lang='lat' dir='ltr'><strong>neglectas,</strong></span> <span class='ocrx_word' id='word_1_329' title='bbox 1448 1390 1554 1440; x_wconf 84' lang='lat' dir='ltr'><strong>quarum</strong></span> <span class='ocrx_word' id='word_1_330' title='bbox 1577 1378 1698 1428; x_wconf 78' lang='lat' dir='ltr'>Romulus</span> <span class='ocrx_word' id='word_1_331' title='bbox 1721 1382 1747 1430; x_wconf 89' lang='lat' dir='ltr'><strong>et</strong></span> <span class='ocrx_word' id='word_1_332' title='bbox 1771 1381 1853 1430; x_wconf 81' lang='lat' dir='ltr'><strong>Nunra</strong></span> 
     </span>
     <span class='ocr_line' id='line_1_49' title="bbox 1070 1470 1853 1537; baseline 0.004 -16"><span class='ocrx_word' id='word_1_333' title='bbox 1070 1471 1206 1535; x_wconf 80' lang='lat' dir='ltr'><strong>Pompilius</strong></span> <span class='ocrx_word' id='word_1_334' title='bbox 1226 1474 1339 1521; x_wconf 88' lang='lat' dir='ltr'><strong>auctores</strong></span> <span class='ocrx_word' id='word_1_335' title='bbox 1361 1470 1475 1529; x_wconf 84' lang='lat' dir='ltr'><strong>luerunt,</strong></span> <span class='ocrx_word' id='word_1_336' title='bbox 1501 1470 1593 1523; x_wconf 89' lang='lat' dir='ltr'><strong>iterum</strong></span> <span class='ocrx_word' id='word_1_337' title='bbox 1619 1472 1780 1537; x_wconf 86' lang='lat' dir='ltr'><strong>conscripsit,</strong></span> <span class='ocrx_word' id='word_1_338' title='bbox 1799 1478 1853 1524; x_wconf 89' lang='lat' dir='ltr'>tum</span> 
     </span>
     <span class='ocr_line' id='line_1_50' title="bbox 1071 1563 1854 1629; baseline 0.003 -14"><span class='ocrx_word' id='word_1_339' title='bbox 1071 1565 1132 1616; x_wconf 89' lang='lat' dir='ltr'><strong>alias</strong></span> <span class='ocrx_word' id='word_1_340' title='bbox 1156 1577 1234 1614; x_wconf 84' lang='lat' dir='ltr'><strong>novas</strong></span> <span class='ocrx_word' id='word_1_341' title='bbox 1254 1563 1307 1628; x_wconf 86' lang='lat' dir='ltr'><strong>ipse</strong></span> <span class='ocrx_word' id='word_1_342' title='bbox 1326 1564 1392 1613; x_wconf 88' lang='lat' dir='ltr'><strong>tulit.</strong></span> <span class='ocrx_word' id='word_1_343' title='bbox 1427 1566 1497 1614; x_wconf 84' lang='lat' dir='ltr'><strong>llsnc</strong></span> <span class='ocrx_word' id='word_1_344' title='bbox 1519 1577 1580 1615; x_wconf 84' lang='lat' dir='ltr'><strong>vero</strong></span> <span class='ocrx_word' id='word_1_345' title='bbox 1604 1565 1748 1629; x_wconf 79' lang='lat' dir='ltr'><strong>reipublicae</strong></span> <span class='ocrx_word' id='word_1_346' title='bbox 1776 1566 1854 1617; x_wconf 88' lang='lat' dir='ltr'><strong>admi·</strong></span> 
     </span>
    </p>
   </div>
   <div class='ocr_carea' id='block_1_16' title="bbox 1068 1750 1898 3513">
    <p class='ocr_par' dir='ltr' id='par_1_16' title="bbox 1068 1750 1898 3513">
     <span class='ocr_line' id='line_1_51' title="bbox 1070 1750 1853 1819; baseline 0.003 -15"><span class='ocrx_word' id='word_1_347' title='bbox 1070 1755 1172 1805; x_wconf 80' lang='lat' dir='ltr'><strong>senatu</strong></span> <span class='ocrx_word' id='word_1_348' title='bbox 1189 1753 1324 1819; x_wconf 88' lang='lat' dir='ltr'><strong>potentiam</strong></span> <span class='ocrx_word' id='word_1_349' title='bbox 1340 1750 1387 1803; x_wconf 89' lang='lat' dir='ltr'>boc</span> <span class='ocrx_word' id='word_1_350' title='bbox 1398 1753 1472 1804; x_wconf 91' lang='lat' dir='ltr'><strong>modo</strong></span> <span class='ocrx_word' id='word_1_351' title='bbox 1491 1753 1543 1804; x_wconf 93' lang='lat' dir='ltr'><strong>tolli</strong></span> <span class='ocrx_word' id='word_1_352' title='bbox 1562 1753 1688 1816; x_wconf 86' lang='lat' dir='ltr'><strong>ridebant,</strong></span> <span class='ocrx_word' id='word_1_353' title='bbox 1706 1768 1752 1806; x_wconf 90' lang='lat' dir='ltr'>nec</span> <span class='ocrx_word' id='word_1_354' title='bbox 1765 1755 1853 1807; x_wconf 86' lang='lat' dir='ltr'><strong>endem</strong></span> 
     </span>
     <span class='ocr_line' id='line_1_52' title="bbox 1070 1846 1851 1913; baseline 0.005 -15"><span class='ocrx_word' id='word_1_355' title='bbox 1070 1847 1175 1911; x_wconf 87' lang='lat' dir='ltr'><strong>amplius</strong></span> <span class='ocrx_word' id='word_1_356' title='bbox 1199 1846 1315 1907; x_wconf 84' lang='lat' dir='ltr'><strong>consuta,</strong></span> <span class='ocrx_word' id='word_1_357' title='bbox 1334 1846 1379 1897; x_wconf 91' lang='lat' dir='ltr'>sed</span> <span class='ocrx_word' id='word_1_358' title='bbox 1393 1846 1562 1911; x_wconf 89' lang='lat' dir='ltr'><strong>superioribus</strong></span> <span class='ocrx_word' id='word_1_359' title='bbox 1583 1849 1706 1898; x_wconf 87' lang='lat' dir='ltr'><strong>contraria</strong></span> <span class='ocrx_word' id='word_1_360' title='bbox 1725 1852 1851 1913; x_wconf 85' lang='lat' dir='ltr'><strong>ceperunt.</strong></span> 
     </span>
     <span class='ocr_line' id='line_1_53' title="bbox 1070 1940 1852 2010; baseline 0.004 -18"><span class='ocrx_word' id='word_1_361' title='bbox 1070 1941 1193 2006; x_wconf 85' lang='lat' dir='ltr'><strong>Principio</strong></span> <span class='ocrx_word' id='word_1_362' title='bbox 1205 1940 1270 1992; x_wconf 89' lang='lat' dir='ltr'><strong>enim</strong></span> <span class='ocrx_word' id='word_1_363' title='bbox 1287 1941 1466 2006; x_wconf 76' lang='lat' dir='ltr'><strong>principatum,</strong></span> <span class='ocrx_word' id='word_1_364' title='bbox 1478 1955 1554 2006; x_wconf 88' lang='lat' dir='ltr'><strong>quem</strong></span> <span class='ocrx_word' id='word_1_365' title='bbox 1565 1947 1652 1993; x_wconf 87' lang='lat' dir='ltr'><strong>contra</strong></span> <span class='ocrx_word' id='word_1_366' title='bbox 1665 1944 1731 2008; x_wconf 75' lang='lat' dir='ltr'><strong>leges</strong></span> <span class='ocrx_word' id='word_1_367' title='bbox 1742 1957 1852 2010; x_wconf 87' lang='lat' dir='ltr'><strong>occupa-</strong></span> 
     </span>
     <span class='ocr_line' id='line_1_54' title="bbox 1070 2035 1855 2103; baseline 0.003 -15"><span class='ocrx_word' id='word_1_368' title='bbox 1070 2040 1154 2099; x_wconf 82' lang='lat' dir='ltr'><strong>uerat,</strong></span> <span class='ocrx_word' id='word_1_369' title='bbox 1166 2036 1190 2087; x_wconf 89' lang='lat' dir='ltr'><strong>et</strong></span> <span class='ocrx_word' id='word_1_370' title='bbox 1205 2035 1299 2100; x_wconf 91' lang='lat' dir='ltr'><strong>eripere</strong></span> <span class='ocrx_word' id='word_1_371' title='bbox 1315 2039 1342 2086; x_wconf 91' lang='lat' dir='ltr'><strong>et</strong></span> <span class='ocrx_word' id='word_1_372' title='bbox 1354 2035 1488 2100; x_wconf 80' lang='lat' dir='ltr'><strong>interreges</strong></span> <span class='ocrx_word' id='word_1_373' title='bbox 1499 2049 1582 2086; x_wconf 86' lang='lat' dir='ltr'><strong>creare</strong></span> <span class='ocrx_word' id='word_1_374' title='bbox 1593 2040 1617 2087; x_wconf 91' lang='lat' dir='ltr'><strong>et</strong></span> <span class='ocrx_word' id='word_1_375' title='bbox 1629 2050 1672 2100; x_wconf 90' lang='lat' dir='ltr'>per</span> <span class='ocrx_word' id='word_1_376' title='bbox 1688 2037 1743 2087; x_wconf 87' lang='lat' dir='ltr'><strong>illos</strong></span> <span class='ocrx_word' id='word_1_377' title='bbox 1764 2037 1855 2103; x_wconf 76' lang='lat' dir='ltr'><strong>eligere</strong></span> 
     </span>
     <span class='ocr_line' id='line_1_55' title="bbox 1070 2127 1854 2194; baseline 0.004 -15"><span class='ocrx_word' id='word_1_378' title='bbox 1070 2142 1152 2194; x_wconf 67' lang='grc' dir='ltr'>τογειιι</span> <span class='ocrx_word' id='word_1_379' title='bbox 1173 2128 1309 2193; x_wconf 72' lang='lat' dir='ltr'><strong>legitimum</strong></span> <span class='ocrx_word' id='word_1_380' title='bbox 1336 2128 1363 2179; x_wconf 90' lang='lat' dir='ltr'>in</span> <span class='ocrx_word' id='word_1_381' title='bbox 1385 2127 1467 2179; x_wconf 80' lang='lat' dir='ltr'><strong>anino</strong></span> <span class='ocrx_word' id='word_1_382' title='bbox 1492 2127 1645 2192; x_wconf 68' lang='lat' dir='ltr'><strong>babuerunt,</strong></span> <span class='ocrx_word' id='word_1_383' title='bbox 1671 2133 1730 2180; x_wconf 85' lang='lat' dir='ltr'><strong>turre</strong></span> <span class='ocrx_word' id='word_1_384' title='bbox 1747 2144 1807 2181; x_wconf 82' lang='lat' dir='ltr'><strong>vero</strong></span> <span class='ocrx_word' id='word_1_385' title='bbox 1826 2130 1854 2182; x_wconf 88' lang='lat' dir='ltr'>in</span> 
     </span>
     <span class='ocr_line' id='line_1_56' title="bbox 1071 2222 1898 2289; baseline 0.001 -14"><span class='ocrx_word' id='word_1_386' title='bbox 1071 2226 1188 2289; x_wconf 74' lang='lat' dir='ltr'><strong>presenti</strong></span> <span class='ocrx_word' id='word_1_387' title='bbox 1211 2237 1293 2274; x_wconf 90' lang='lat' dir='ltr'><strong>rerum</strong></span> <span class='ocrx_word' id='word_1_388' title='bbox 1317 2227 1384 2274; x_wconf 83' lang='lat' dir='ltr'><strong>statu</strong></span> <span class='ocrx_word' id='word_1_389' title='bbox 1414 2222 1621 2287; x_wconf 86' lang='lat' dir='ltr'><strong>adquiescendum</strong></span> <span class='ocrx_word' id='word_1_390' title='bbox 1653 2226 1680 2275; x_wconf 85' lang='lat' dir='ltr'><strong>et</strong></span> <span class='ocrx_word' id='word_1_391' title='bbox 1702 2223 1763 2274; x_wconf 88' lang='lat' dir='ltr'><strong>nibil</strong></span> <span class='ocrx_word' id='word_1_392' title='bbox 1793 2225 1851 2276; x_wconf 86' lang='lat' dir='ltr'><strong>nori</strong></span> <span class='ocrx_word' id='word_1_393' title='bbox 1896 2252 1898 2261; x_wconf 39' lang='grc' dir='ltr'>ι</span> 
     </span>
     <span class='ocr_line' id='line_1_57' title="bbox 1070 2316 1852 2370; baseline 0.001 -1"><span class='ocrx_word' id='word_1_394' title='bbox 1070 2317 1219 2369; x_wconf 77' lang='lat' dir='ltr'><strong>molientium</strong></span> <span class='ocrx_word' id='word_1_395' title='bbox 1238 2316 1429 2368; x_wconf 78' lang='lat' dir='ltr'><strong>arbitrabantur.</strong></span> <span class='ocrx_word' id='word_1_396' title='bbox 1464 2319 1539 2369; x_wconf 89' lang='lat' dir='ltr'><strong>venit</strong></span> <span class='ocrx_word' id='word_1_397' title='bbox 1555 2319 1622 2369; x_wconf 89' lang='lat' dir='ltr'><strong>enim</strong></span> <span class='ocrx_word' id='word_1_398' title='bbox 1639 2318 1676 2369; x_wconf 87' lang='lat' dir='ltr'>els</span> <span class='ocrx_word' id='word_1_399' title='bbox 1696 2319 1720 2368; x_wconf 90' lang='lat' dir='ltr'>in</span> <span class='ocrx_word' id='word_1_400' title='bbox 1743 2322 1852 2370; x_wconf 88' lang='lat' dir='ltr'><strong>mentem</strong></span> 
     </span>
     <span class='ocr_line' id='line_1_58' title="bbox 1071 2411 1852 2475; baseline 0 -12"><span class='ocrx_word' id='word_1_401' title='bbox 1071 2413 1124 2463; x_wconf 87' lang='lat' dir='ltr'><strong>lora</strong></span> <span class='ocrx_word' id='word_1_402' title='bbox 1145 2415 1189 2473; x_wconf 91' lang='lat' dir='ltr'><strong>ut,</strong></span> <span class='ocrx_word' id='word_1_403' title='bbox 1213 2411 1359 2462; x_wconf 84' lang='lat' dir='ltr'><strong>sisennius</strong></span> <span class='ocrx_word' id='word_1_404' title='bbox 1381 2411 1488 2475; x_wconf 84' lang='lat' dir='ltr'><strong>aliquem</strong></span> <span class='ocrx_word' id='word_1_405' title='bbox 1510 2411 1653 2475; x_wconf 78' lang='lat' dir='ltr'><strong>mipublicm</strong></span> <span class='ocrx_word' id='word_1_406' title='bbox 1677 2412 1852 2475; x_wconf 76' lang='lat' dir='ltr'><strong>gubernaculis</strong></span> 
     </span>
     <span class='ocr_line' id='line_1_59' title="bbox 1071 2504 1851 2571; baseline 0.001 -15"><span class='ocrx_word' id='word_1_407' title='bbox 1071 2504 1230 2568; x_wconf 80' lang='lat' dir='ltr'><strong>admovisset,</strong></span> <span class='ocrx_word' id='word_1_408' title='bbox 1242 2519 1317 2571; x_wconf 84' lang='lat' dir='ltr'><strong>quem</strong></span> <span class='ocrx_word' id='word_1_409' title='bbox 1326 2506 1379 2570; x_wconf 87' lang='lat' dir='ltr'><strong>ipse</strong></span> <span class='ocrx_word' id='word_1_410' title='bbox 1393 2504 1515 2570; x_wconf 58' lang='lat' dir='ltr'><strong>elapsast,</strong></span> <span class='ocrx_word' id='word_1_411' title='bbox 1526 2505 1598 2570; x_wconf 89' lang='lat' dir='ltr'><strong>plebs</strong></span> <span class='ocrx_word' id='word_1_412' title='bbox 1608 2505 1635 2556; x_wconf 90' lang='lat' dir='ltr'>in</span> <span class='ocrx_word' id='word_1_413' title='bbox 1644 2505 1751 2557; x_wconf 78' lang='lat' dir='ltr'><strong>terendis</strong></span> <span class='ocrx_word' id='word_1_414' title='bbox 1760 2506 1851 2557; x_wconf 74' lang='lat' dir='ltr'><strong>suifra-</strong></span> 
     </span>
     <span class='ocr_line' id='line_1_60' title="bbox 1070 2598 1852 2664; baseline 0 -15"><span class='ocrx_word' id='word_1_415' title='bbox 1070 2599 1116 2664; x_wconf 81' lang='lat' dir='ltr'><strong>giis</strong></span> <span class='ocrx_word' id='word_1_416' title='bbox 1128 2598 1152 2649; x_wconf 90' lang='lat' dir='ltr'>ei</span> <span class='ocrx_word' id='word_1_417' title='bbox 1168 2599 1354 2659; x_wconf 69' lang='lat' dir='ltr'><strong>adversancium</strong></span> <span class='ocrx_word' id='word_1_418' title='bbox 1367 2598 1388 2648; x_wconf 89' lang='lat' dir='ltr'>si</span> <span class='ocrx_word' id='word_1_419' title='bbox 1404 2612 1464 2649; x_wconf 81' lang='lat' dir='ltr'><strong>vero</strong></span> <span class='ocrx_word' id='word_1_420' title='bbox 1475 2600 1558 2664; x_wconf 91' lang='lat' dir='ltr'><strong>populi</strong></span> <span class='ocrx_word' id='word_1_421' title='bbox 1569 2599 1670 2651; x_wconf 83' lang='lat' dir='ltr'><strong>arbitrio</strong></span> <span class='ocrx_word' id='word_1_422' title='bbox 1686 2600 1852 2663; x_wconf 85' lang='lat' dir='ltr'><strong>permisissent</strong></span> 
     </span>
     <span class='ocr_line' id='line_1_61' title="bbox 1070 2695 1852 2761; baseline -0.003 -13"><span class='ocrx_word' id='word_1_423' title='bbox 1070 2708 1151 2761; x_wconf 75' lang='lat' dir='ltr'><strong>regem</strong></span> <span class='ocrx_word' id='word_1_424' title='bbox 1170 2709 1254 2747; x_wconf 86' lang='lat' dir='ltr'><strong>creare</strong></span> <span class='ocrx_word' id='word_1_425' title='bbox 1267 2708 1343 2759; x_wconf 87' lang='lat' dir='ltr'><strong>quern</strong></span> <span class='ocrx_word' id='word_1_426' title='bbox 1366 2696 1456 2756; x_wconf 79' lang='lat' dir='ltr'><strong>vellet,</strong></span> <span class='ocrx_word' id='word_1_427' title='bbox 1479 2695 1574 2745; x_wconf 75' lang='lat' dir='ltr'><strong>tullius</strong></span> <span class='ocrx_word' id='word_1_428' title='bbox 1599 2695 1711 2745; x_wconf 80' lang='lat' dir='ltr'><strong>nmmum</strong></span> <span class='ocrx_word' id='word_1_429' title='bbox 1733 2696 1852 2748; x_wconf 80' lang='lat' dir='ltr'><strong>tribuum</strong></span> 
     </span>
     <span class='ocr_line' id='line_1_62' title="bbox 1070 2789 1850 2856; baseline 0.003 -16"><span class='ocrx_word' id='word_1_430' title='bbox 1070 2790 1194 2856; x_wconf 81' lang='lat' dir='ltr'><strong>sotiragiis</strong></span> <span class='ocrx_word' id='word_1_431' title='bbox 1214 2794 1363 2841; x_wconf 87' lang='lat' dir='ltr'><strong>crearetur:</strong></span> <span class='ocrx_word' id='word_1_432' title='bbox 1380 2794 1456 2855; x_wconf 85' lang='lat' dir='ltr'><strong>atqua</strong></span> <span class='ocrx_word' id='word_1_433' title='bbox 1475 2792 1511 2841; x_wconf 84' lang='lat' dir='ltr'>itu</span> <span class='ocrx_word' id='word_1_434' title='bbox 1528 2789 1562 2840; x_wconf 93' lang='lat' dir='ltr'><strong>ilti</strong></span> <span class='ocrx_word' id='word_1_435' title='bbox 1577 2791 1729 2855; x_wconf 81' lang='lat' dir='ltr'><strong>contingeret</strong></span> <span class='ocrx_word' id='word_1_436' title='bbox 1742 2794 1771 2841; x_wconf 91' lang='lat' dir='ltr'><strong>ut</strong></span> <span class='ocrx_word' id='word_1_437' title='bbox 1789 2792 1850 2856; x_wconf 80' lang='lat' dir='ltr'><strong>legi·</strong></span> 
     </span>
     <span class='ocr_line' id='line_1_63' title="bbox 1069 2884 1852 2950; baseline 0 -15"><span class='ocrx_word' id='word_1_438' title='bbox 1069 2885 1129 2936; x_wconf 87' lang='lat' dir='ltr'><strong>time</strong></span> <span class='ocrx_word' id='word_1_439' title='bbox 1156 2899 1258 2950; x_wconf 75' lang='lat' dir='ltr'><strong>regnare</strong></span> <span class='ocrx_word' id='word_1_440' title='bbox 1279 2884 1414 2936; x_wconf 84' lang='lat' dir='ltr'><strong>rideretur.</strong></span> <span class='ocrx_word' id='word_1_441' title='bbox 1449 2888 1537 2950; x_wconf 85' lang='lat' dir='ltr'><strong>ltaque</strong></span> <span class='ocrx_word' id='word_1_442' title='bbox 1555 2884 1593 2935; x_wconf 86' lang='lat' dir='ltr'>eis</span> <span class='ocrx_word' id='word_1_443' title='bbox 1610 2885 1691 2936; x_wconf 80' lang='lat' dir='ltr'><strong>risum</strong></span> <span class='ocrx_word' id='word_1_444' title='bbox 1713 2887 1752 2936; x_wconf 90' lang='lat' dir='ltr'>est</span> <span class='ocrx_word' id='word_1_445' title='bbox 1772 2885 1852 2936; x_wconf 89' lang='lat' dir='ltr'><strong>satius</strong></span> 
     </span>
     <span class='ocr_line' id='line_1_64' title="bbox 1069 2978 1851 3043; baseline -0.003 -12"><span class='ocrx_word' id='word_1_446' title='bbox 1069 2993 1125 3031; x_wconf 87' lang='lat' dir='ltr'><strong>esse</strong></span> <span class='ocrx_word' id='word_1_447' title='bbox 1145 2979 1254 3031; x_wconf 86' lang='lat' dir='ltr'><strong>Tullium</strong></span> <span class='ocrx_word' id='word_1_448' title='bbox 1278 2992 1381 3043; x_wconf 65' lang='lat' dir='ltr'><strong>regnum</strong></span> <span class='ocrx_word' id='word_1_449' title='bbox 1403 2978 1577 3043; x_wconf 74' lang='lat' dir='ltr'><strong>pertractem</strong></span> <span class='ocrx_word' id='word_1_450' title='bbox 1599 2983 1748 3043; x_wconf 84' lang='lat' dir='ltr'><strong>occupatum</strong></span> <span class='ocrx_word' id='word_1_451' title='bbox 1769 2979 1851 3042; x_wconf 89' lang='lat' dir='ltr'><strong>potius</strong></span> 
     </span>
     <span class='ocr_line' id='line_1_65' title="bbox 1068 3073 1850 3139; baseline -0.001 -14"><span class='ocrx_word' id='word_1_452' title='bbox 1068 3088 1144 3138; x_wconf 86' lang='lat' dir='ltr'><strong>quam</strong></span> <span class='ocrx_word' id='word_1_453' title='bbox 1155 3078 1238 3139; x_wconf 87' lang='lat' dir='ltr'><strong>aperte</strong></span> <span class='ocrx_word' id='word_1_454' title='bbox 1254 3075 1393 3138; x_wconf 86' lang='lat' dir='ltr'><strong>acceptum,</strong></span> <span class='ocrx_word' id='word_1_455' title='bbox 1409 3076 1434 3125; x_wconf 83' lang='lat' dir='ltr'>ct</span> <span class='ocrx_word' id='word_1_456' title='bbox 1447 3073 1543 3123; x_wconf 87' lang='lat' dir='ltr'><strong>civibus</strong></span> <span class='ocrx_word' id='word_1_457' title='bbox 1556 3073 1639 3138; x_wconf 90' lang='lat' dir='ltr'><strong>potius</strong></span> <span class='ocrx_word' id='word_1_458' title='bbox 1653 3073 1763 3139; x_wconf 85' lang='lat' dir='ltr'><strong>deceptis</strong></span> <span class='ocrx_word' id='word_1_459' title='bbox 1774 3086 1850 3136; x_wconf 86' lang='lat' dir='ltr'><strong>quam</strong></span> 
     </span>
     <span class='ocr_line' id='line_1_66' title="bbox 1070 3150 1851 3233; baseline 0 -16"><span class='ocrx_word' id='word_1_460' title='bbox 1070 3167 1193 3233; x_wconf 85' lang='lat' dir='ltr'><strong>persuasis</strong></span> <span class='ocrx_word' id='word_1_461' title='bbox 1205 3167 1319 3218; x_wconf 87' lang='lat' dir='ltr'><strong>retinere.</strong></span> <span class='ocrx_word' id='word_1_462' title='bbox 1352 3150 1401 3217; x_wconf 86' lang='lat' dir='ltr'><strong>Sed</strong></span> <span class='ocrx_word' id='word_1_463' title='bbox 1412 3166 1472 3217; x_wconf 92' lang='lat' dir='ltr'><strong>nibil</strong></span> <span class='ocrx_word' id='word_1_464' title='bbox 1485 3180 1571 3218; x_wconf 92' lang='lat' dir='ltr'><strong>eorum</strong></span> <span class='ocrx_word' id='word_1_465' title='bbox 1585 3179 1642 3229; x_wconf 81' lang='lat' dir='ltr'>qum</span> <span class='ocrx_word' id='word_1_466' title='bbox 1660 3180 1745 3216; x_wconf 89' lang='lat' dir='ltr'><strong>secum</strong></span> <span class='ocrx_word' id='word_1_467' title='bbox 1760 3166 1851 3231; x_wconf 83' lang='lat' dir='ltr'><strong>cogita·</strong></span> 
     </span>
     <span class='ocr_line' id='line_1_67' title="bbox 1069 3246 1858 3313; baseline -0.001 -1"><span class='ocrx_word' id='word_1_468' title='bbox 1069 3260 1490 3313; x_wconf 83' lang='lat' dir='ltr'><strong>ranteisexsententiacessit:adeo</strong></span> <span class='ocrx_word' id='word_1_469' title='bbox 1499 3260 1595 3311; x_wconf 88' lang='lat' dir='ltr'><strong>callidis</strong></span> <span class='ocrx_word' id='word_1_470' title='bbox 1604 3259 1699 3311; x_wconf 87' lang='lat' dir='ltr'><strong>artibus</strong></span> <span class='ocrx_word' id='word_1_471' title='bbox 1707 3246 1858 3311; x_wconf 87' lang='lat' dir='ltr'><strong>Tulliuseos</strong></span> 
     </span>
     <span class='ocr_line' id='line_1_68' title="bbox 1069 3354 1850 3420; baseline -0.003 -13"><span class='ocrx_word' id='word_1_472' title='bbox 1069 3357 1151 3417; x_wconf 87' lang='lat' dir='ltr'><strong>clusit,</strong></span> <span class='ocrx_word' id='word_1_473' title='bbox 1160 3356 1241 3408; x_wconf 88' lang='lat' dir='ltr'><strong>etillis</strong></span> <span class='ocrx_word' id='word_1_474' title='bbox 1256 3355 1568 3420; x_wconf 77' lang='lat' dir='ltr'><strong>invitisregnumadaptus</strong></span> <span class='ocrx_word' id='word_1_475' title='bbox 1581 3356 1704 3405; x_wconf 71' lang='lat' dir='ltr'><strong>esitium</strong></span> <span class='ocrx_word' id='word_1_476' title='bbox 1718 3354 1784 3404; x_wconf 87' lang='lat' dir='ltr'><strong>enim</strong></span> <span class='ocrx_word' id='word_1_477' title='bbox 1801 3354 1850 3405; x_wconf 88' lang='lat' dir='ltr'>iam</span> 
     </span>
     <span class='ocr_line' id='line_1_69' title="bbox 1069 3436 1849 3513; baseline -0.003 -13"><span class='ocrx_word' id='word_1_478' title='bbox 1069 3450 1148 3501; x_wconf 88' lang='lat' dir='ltr'><strong>multo</strong></span> <span class='ocrx_word' id='word_1_479' title='bbox 1167 3454 1225 3501; x_wconf 91' lang='lat' dir='ltr'><strong>ante</strong></span> <span class='ocrx_word' id='word_1_480' title='bbox 1243 3453 1355 3501; x_wconf 82' lang='lat' dir='ltr'><strong>curasset</strong></span> <span class='ocrx_word' id='word_1_481' title='bbox 1368 3436 1482 3500; x_wconf 80' lang='lat' dir='ltr'><strong>minores</strong></span> <span class='ocrx_word' id='word_1_482' title='bbox 1503 3462 1546 3513; x_wconf 89' lang='lat' dir='ltr'>per</span> <span class='ocrx_word' id='word_1_483' title='bbox 1563 3448 1649 3500; x_wconf 90' lang='lat' dir='ltr'><strong>urbem</strong></span> <span class='ocrx_word' id='word_1_484' title='bbox 1668 3448 1758 3513; x_wconf 73' lang='lat' dir='ltr'><strong>spargi,</strong></span> <span class='ocrx_word' id='word_1_485' title='bbox 1778 3446 1849 3512; x_wconf 84' lang='lat' dir='ltr'><strong>quasi</strong></span> 
     </span>
    </p>
   </div>
   <div class='ocr_carea' id='block_1_17' title="bbox 180 3541 1915 3627">
    <p class='ocr_par' dir='ltr' id='par_1_17' title="bbox 180 3541 1915 3627">
     <span class='ocr_line' id='line_1_70' title="bbox 180 3541 1915 3627; baseline -0.01 -19"><span class='ocrx_word' id='word_1_486' title='bbox 180 3567 206 3608; x_wconf 83' lang='lat' dir='ltr'>ss</span> <span class='ocrx_word' id='word_1_487' title='bbox 234 3546 310 3625; x_wconf 88' lang='grc' dir='ltr'>μένος</span> <span class='ocrx_word' id='word_1_488' title='bbox 324 3548 369 3605; x_wconf 83' lang='grc' dir='ltr'>καὶ</span> <span class='ocrx_word' id='word_1_489' title='bbox 390 3546 527 3627; x_wconf 78' lang='grc' dir='ltr'>κατηφὴς,</span> <span class='ocrx_word' id='word_1_490' title='bbox 546 3546 673 3618; x_wconf 86' lang='grc' dir='ltr'>συνούσης</span> <span class='ocrx_word' id='word_1_491' title='bbox 693 3546 765 3625; x_wconf 76' lang='grc' dir='ltr'>αὐτῷ</span> <span class='ocrx_word' id='word_1_492' title='bbox 782 3545 827 3604; x_wconf 81' lang='grc' dir='ltr'>καί</span> <span class='ocrx_word' id='word_1_493' title='bbox 844 3549 891 3615; x_wconf 74' lang='grc' dir='ltr'>τῆς</span> <span class='ocrx_word' id='word_1_494' title='bbox 914 3546 1012 3623; x_wconf 82' lang='grc' dir='ltr'>μητρὸς</span> <span class='ocrx_word' id='word_1_495' title='bbox 1067 3545 1219 3610; x_wconf 78' lang='lat' dir='ltr'><strong>pelliciisibi</strong></span> <span class='ocrx_word' id='word_1_496' title='bbox 1229 3543 1445 3606; x_wconf 87' lang='lat' dir='ltr'><strong>insidiarentur,in</strong></span> <span class='ocrx_word' id='word_1_497' title='bbox 1462 3545 1543 3594; x_wconf 89' lang='lat' dir='ltr'><strong>lorum</strong></span> <span class='ocrx_word' id='word_1_498' title='bbox 1556 3542 1738 3608; x_wconf 80' lang='lat' dir='ltr'><strong>prodiit,seste</strong></span> <span class='ocrx_word' id='word_1_499' title='bbox 1751 3541 1850 3593; x_wconf 88' lang='lat' dir='ltr'><strong>sordida</strong></span> <span class='ocrx_word' id='word_1_500' title='bbox 1910 3591 1915 3601; x_wconf 73' lang='grc'>,</span> 
     </span>
    </p>
   </div>
   <div class='ocr_carea' id='block_1_18' title="bbox 179 4010 206 4051">
    <p class='ocr_par' dir='ltr' id='par_1_18' title="bbox 179 4010 206 4051">
     <span class='ocr_line' id='line_1_71' title="bbox 179 4010 206 4051; baseline -0.037 0"><span class='ocrx_word' id='word_1_501' title='bbox 179 4010 206 4051; x_wconf 73' lang='grc'>40</span> 
     </span>
    </p>
   </div>
   <div class='ocr_carea' id='block_1_19' title="bbox 179 4458 206 4497">
    <p class='ocr_par' dir='ltr' id='par_1_19' title="bbox 179 4458 206 4497">
     <span class='ocr_line' id='line_1_72' title="bbox 179 4458 206 4497; baseline -0.037 0"><span class='ocrx_word' id='word_1_502' title='bbox 179 4458 206 4497; x_wconf 69' lang='lat' dir='ltr'>db</span> 
     </span>
    </p>
   </div>
   <div class='ocr_carea' id='block_1_20' title="bbox 178 4902 205 4942">
    <p class='ocr_par' dir='ltr' id='par_1_20' title="bbox 178 4902 205 4942">
     <span class='ocr_line' id='line_1_73' title="bbox 178 4902 205 4942; baseline 0 0"><span class='ocrx_word' id='word_1_503' title='bbox 178 4902 205 4942; x_wconf 76' lang='lat' dir='ltr'><strong><em>w</em></strong></span> 
     </span>
    </p>
   </div>
   <div class='ocr_carea' id='block_1_21' title="bbox 233 3633 1011 3718">
    <p class='ocr_par' dir='ltr' id='par_1_21' title="bbox 233 3633 1011 3718">
     <span class='ocr_line' id='line_1_74' title="bbox 233 3633 1011 3718; baseline -0.006 -21"><span class='ocrx_word' id='word_1_504' title='bbox 233 3635 383 3718; x_wconf 87' lang='grc' dir='ltr'>Ὀκρισίας,</span> <span class='ocrx_word' id='word_1_505' title='bbox 396 3636 442 3695; x_wconf 79' lang='grc' dir='ltr'>καί</span> <span class='ocrx_word' id='word_1_506' title='bbox 455 3640 503 3708; x_wconf 75' lang='grc' dir='ltr'>τῆς</span> <span class='ocrx_word' id='word_1_507' title='bbox 517 3634 667 3716; x_wconf 86' lang='grc' dir='ltr'>Ταρκυνίου</span> <span class='ocrx_word' id='word_1_508' title='bbox 683 3635 805 3711; x_wconf 82' lang='grc' dir='ltr'>γυναικὸς</span> <span class='ocrx_word' id='word_1_509' title='bbox 817 3633 1011 3699; x_wconf 80' lang='grc' dir='ltr'>Τανακυλίδος,</span> 
     </span>
    </p>
   </div>
   <div class='ocr_carea' id='block_1_22' title="bbox 1067 3632 1847 3696">
    <p class='ocr_par' dir='ltr' id='par_1_22' title="bbox 1067 3632 1847 3696">
     <span class='ocr_line' id='line_1_75' title="bbox 1067 3632 1847 3696; baseline -0.006 -11"><span class='ocrx_word' id='word_1_510' title='bbox 1067 3636 1093 3685; x_wconf 83' lang='lat' dir='ltr'><strong>et</strong></span> <span class='ocrx_word' id='word_1_511' title='bbox 1103 3638 1215 3696; x_wconf 72' lang='lat' dir='ltr'><strong>mustus,</strong></span> <span class='ocrx_word' id='word_1_512' title='bbox 1227 3635 1360 3685; x_wconf 85' lang='lat' dir='ltr'><strong>comitante</strong></span> <span class='ocrx_word' id='word_1_513' title='bbox 1381 3636 1461 3684; x_wconf 90' lang='lat' dir='ltr'><strong>matre</strong></span> <span class='ocrx_word' id='word_1_514' title='bbox 1478 3632 1573 3683; x_wconf 82' lang='lat' dir='ltr'><strong>occisis</strong></span> <span class='ocrx_word' id='word_1_515' title='bbox 1586 3636 1611 3684; x_wconf 92' lang='lat' dir='ltr'><strong>et</strong></span> <span class='ocrx_word' id='word_1_516' title='bbox 1623 3632 1765 3696; x_wconf 72' lang='lat' dir='ltr'><strong>Tetrapolis,</strong></span> <span class='ocrx_word' id='word_1_517' title='bbox 1785 3633 1847 3681; x_wconf 85' lang='lat' dir='ltr'><strong>Tar·</strong></span> 
     </span>
    </p>
   </div>
   <div class='ocr_carea' id='block_1_23' title="bbox 233 3720 1850 3804">
    <p class='ocr_par' dir='ltr' id='par_1_23' title="bbox 233 3720 1850 3804">
     <span class='ocr_line' id='line_1_76' title="bbox 233 3720 1850 3804; baseline -0.009 -19"><span class='ocrx_word' id='word_1_518' title='bbox 233 3728 278 3786; x_wconf 86' lang='grc' dir='ltr'>καὶ</span> <span class='ocrx_word' id='word_1_519' title='bbox 293 3728 339 3797; x_wconf 78' lang='grc' dir='ltr'>τῆς</span> <span class='ocrx_word' id='word_1_520' title='bbox 354 3725 506 3804; x_wconf 86' lang='grc' dir='ltr'>συγγενείας</span> <span class='ocrx_word' id='word_1_521' title='bbox 523 3728 569 3795; x_wconf 75' lang='grc' dir='ltr'>τῆς</span> <span class='ocrx_word' id='word_1_522' title='bbox 584 3725 722 3803; x_wconf 82' lang='grc' dir='ltr'>βασιλικῆς</span> <span class='ocrx_word' id='word_1_523' title='bbox 744 3722 820 3795; x_wconf 82' lang='grc' dir='ltr'>ὅλης.</span> <span class='ocrx_word' id='word_1_524' title='bbox 862 3721 967 3802; x_wconf 70' lang='grc' dir='ltr'>’(λχλου</span> <span class='ocrx_word' id='word_1_525' title='bbox 985 3722 1013 3781; x_wconf 76' lang='lat' dir='ltr'>ii</span> <span class='ocrx_word' id='word_1_526' title='bbox 1066 3722 1476 3789; x_wconf 76' lang='lat' dir='ltr'><strong>quintiuxore,etomnibusregiis</strong></span> <span class='ocrx_word' id='word_1_527' title='bbox 1488 3722 1606 3785; x_wconf 79' lang='lat' dir='ltr'><strong>cognatis.</strong></span> <span class='ocrx_word' id='word_1_528' title='bbox 1639 3720 1850 3773; x_wconf 81' lang='lat' dir='ltr'><strong>eumauternin·</strong></span> 
     </span>
    </p>
   </div>
   <div class='ocr_carea' id='block_1_24' title="bbox 233 3810 1015 5317">
    <p class='ocr_par' dir='ltr' id='par_1_24' title="bbox 233 3810 1014 4070">
     <span class='ocr_line' id='line_1_77' title="bbox 233 3810 1013 3893; baseline -0.006 -20"><span class='ocrx_word' id='word_1_529' title='bbox 233 3814 426 3892; x_wconf 65' lang='lat' dir='ltr'><strong>corripendum&lt;</strong></span> <span class='ocrx_word' id='word_1_530' title='bbox 431 3814 530 3872; x_wconf 78' lang='grc' dir='ltr'>πολλοῦ</span> <span class='ocrx_word' id='word_1_531' title='bbox 538 3812 603 3893; x_wconf 78' lang='grc' dir='ltr'>πρὸς</span> <span class='ocrx_word' id='word_1_532' title='bbox 613 3811 642 3870; x_wconf 82' lang='grc' dir='ltr'>τὸ</span> <span class='ocrx_word' id='word_1_533' title='bbox 653 3811 800 3891; x_wconf 74' lang='grc' dir='ltr'>παράδοξον</span> <span class='ocrx_word' id='word_1_534' title='bbox 809 3816 856 3882; x_wconf 79' lang='grc' dir='ltr'>τῆς</span> <span class='ocrx_word' id='word_1_535' title='bbox 867 3810 961 3892; x_wconf 74' lang='grc' dir='ltr'>θθεως,</span> <span class='ocrx_word' id='word_1_536' title='bbox 971 3812 1013 3869; x_wconf 89' lang='grc' dir='ltr'>ἐκ·</span> 
     </span>
     <span class='ocr_line' id='line_1_78' title="bbox 233 3899 1014 3982; baseline -0.008 -21"><span class='ocrx_word' id='word_1_537' title='bbox 233 3904 344 3976; x_wconf 86' lang='grc' dir='ltr'>κλησίαν</span> <span class='ocrx_word' id='word_1_538' title='bbox 358 3902 533 3981; x_wconf 87' lang='grc' dir='ltr'>συγκαλέσας,</span> <span class='ocrx_word' id='word_1_539' title='bbox 543 3903 678 3982; x_wconf 78' lang='grc' dir='ltr'>παρῆλθεν</span> <span class='ocrx_word' id='word_1_540' title='bbox 692 3901 736 3960; x_wconf 81' lang='grc' dir='ltr'>ἐπὶ</span> <span class='ocrx_word' id='word_1_541' title='bbox 751 3901 781 3959; x_wconf 83' lang='grc' dir='ltr'>τὸ</span> <span class='ocrx_word' id='word_1_542' title='bbox 804 3904 878 3980; x_wconf 79' lang='grc' dir='ltr'>βῆμα</span> <span class='ocrx_word' id='word_1_543' title='bbox 899 3899 945 3958; x_wconf 86' lang='grc' dir='ltr'>καὶ</span> <span class='ocrx_word' id='word_1_544' title='bbox 959 3899 1014 3956; x_wconf 89' lang='grc' dir='ltr'>διε-</span> 
     </span>
     <span class='ocr_line' id='line_1_79' title="bbox 236 3989 622 4070; baseline -0.005 -19"><span class='ocrx_word' id='word_1_545' title='bbox 236 3989 312 4064; x_wconf 80' lang='grc' dir='ltr'>ξῆλθε</span> <span class='ocrx_word' id='word_1_546' title='bbox 326 3992 440 4053; x_wconf 75' lang='grc' dir='ltr'>τοιοῦτόν</span> <span class='ocrx_word' id='word_1_547' title='bbox 458 4016 516 4051; x_wconf 91' lang='grc' dir='ltr'>τινα</span> <span class='ocrx_word' id='word_1_548' title='bbox 533 3991 622 4070; x_wconf 81' lang='grc' dir='ltr'>λόγον.</span> 
     </span>
    </p>

    <p class='ocr_par' dir='ltr' id='par_1_25' title="bbox 233 4078 1015 5317">
     <span class='ocr_line' id='line_1_80' title="bbox 271 4078 1013 4162; baseline -0.003 -22"><span class='ocrx_word' id='word_1_549' title='bbox 271 4080 324 4140; x_wconf 87' lang='grc' dir='ltr'>ΧΙ.</span> <span class='ocrx_word' id='word_1_550' title='bbox 337 4107 350 4133; x_wconf 75' lang='grc' dir='ltr'>ν</span> <span class='ocrx_word' id='word_1_551' title='bbox 370 4081 466 4141; x_wconf 82' lang='grc' dir='ltr'>Οὐκέτι</span> <span class='ocrx_word' id='word_1_552' title='bbox 476 4104 521 4158; x_wconf 91' lang='grc' dir='ltr'>μοι</span> <span class='ocrx_word' id='word_1_553' title='bbox 531 4082 646 4162; x_wconf 80' lang='grc' dir='ltr'>περὶτῶν</span> <span class='ocrx_word' id='word_1_554' title='bbox 659 4078 807 4160; x_wconf 84' lang='grc' dir='ltr'>Ταρκυνίου</span> <span class='ocrx_word' id='word_1_555' title='bbox 822 4079 924 4141; x_wconf 88' lang='grc' dir='ltr'>παίδων</span> <span class='ocrx_word' id='word_1_556' title='bbox 936 4078 1013 4155; x_wconf 81' lang='grc' dir='ltr'>μόνον</span> 
     </span>
     <span class='ocr_line' id='line_1_81' title="bbox 233 4166 1012 4250; baseline 0.001 -25"><span class='ocrx_word' id='word_1_557' title='bbox 233 4193 245 4220; x_wconf 80' lang='grc' dir='ltr'>ι</span> <span class='ocrx_word' id='word_1_558' title='bbox 268 4166 405 4235; x_wconf 85' lang='grc' dir='ltr'>δκίνδυνύς</span> <span class='ocrx_word' id='word_1_559' title='bbox 423 4173 511 4241; x_wconf 89' lang='grc' dir='ltr'>ἐστιν,</span> <span class='ocrx_word' id='word_1_560' title='bbox 523 4168 567 4227; x_wconf 83' lang='grc' dir='ltr'>ίνα</span> <span class='ocrx_word' id='word_1_561' title='bbox 583 4167 664 4245; x_wconf 71' lang='grc' dir='ltr'>μηδὲν</span> <span class='ocrx_word' id='word_1_562' title='bbox 680 4168 731 4227; x_wconf 79' lang='grc' dir='ltr'>ὑπὸ</span> <span class='ocrx_word' id='word_1_563' title='bbox 745 4170 796 4226; x_wconf 87' lang='grc' dir='ltr'>τῶν</span> <span class='ocrx_word' id='word_1_564' title='bbox 811 4172 911 4250; x_wconf 86' lang='grc' dir='ltr'>ἐχθρῶν</span> <span class='ocrx_word' id='word_1_565' title='bbox 931 4168 1012 4227; x_wconf 82' lang='grc' dir='ltr'>δεινὸν</span> 
     </span>
     <span class='ocr_line' id='line_1_82' title="bbox 234 4256 1015 4339; baseline 0 -23"><span class='ocrx_word' id='word_1_566' title='bbox 234 4284 245 4310; x_wconf 81' lang='grc' dir='ltr'>ν</span> <span class='ocrx_word' id='word_1_567' title='bbox 267 4256 395 4329; x_wconf 78' lang='grc' dir='ltr'>πάθωσιν,</span> <span class='ocrx_word' id='word_1_568' title='bbox 416 4257 474 4316; x_wconf 76' lang='grc' dir='ltr'>ἀλλ’</span> <span class='ocrx_word' id='word_1_569' title='bbox 494 4258 546 4330; x_wconf 75' lang='grc' dir='ltr'>ἤδη</span> <span class='ocrx_word' id='word_1_570' title='bbox 566 4261 612 4318; x_wconf 84' lang='grc' dir='ltr'>καὶ</span> <span class='ocrx_word' id='word_1_571' title='bbox 632 4258 693 4338; x_wconf 80' lang='grc' dir='ltr'>περὶ</span> <span class='ocrx_word' id='word_1_572' title='bbox 707 4263 754 4330; x_wconf 69' lang='grc' dir='ltr'>τῆς</span> <span class='ocrx_word' id='word_1_573' title='bbox 775 4260 840 4335; x_wconf 72' lang='grc' dir='ltr'>έμῆς</span> <span class='ocrx_word' id='word_1_574' title='bbox 859 4260 946 4339; x_wconf 77' lang='grc' dir='ltr'>ψυχῆς</span> <span class='ocrx_word' id='word_1_575' title='bbox 959 4256 1015 4326; x_wconf 89' lang='grc' dir='ltr'>διὀς</span> 
     </span>
     <span class='ocr_line' id='line_1_83' title="bbox 234 4343 1015 4427; baseline -0.008 -19"><span class='ocrx_word' id='word_1_576' title='bbox 234 4372 248 4398; x_wconf 75' lang='lat'>⁸</span> <span class='ocrx_word' id='word_1_577' title='bbox 266 4343 461 4425; x_wconf 88' lang='grc' dir='ltr'>ἐπεισέρχεται,</span> <span class='ocrx_word' id='word_1_578' title='bbox 479 4347 517 4422; x_wconf 76' lang='grc' dir='ltr'>μὴ</span> <span class='ocrx_word' id='word_1_579' title='bbox 534 4347 630 4427; x_wconf 82' lang='grc' dir='ltr'>πικράς</span> <span class='ocrx_word' id='word_1_580' title='bbox 649 4346 762 4426; x_wconf 75' lang='grc' dir='ltr'>ἀμοιθδις</span> <span class='ocrx_word' id='word_1_581' title='bbox 785 4350 832 4417; x_wconf 70' lang='grc' dir='ltr'>τῆς</span> <span class='ocrx_word' id='word_1_582' title='bbox 850 4344 1015 4418; x_wconf 85' lang='grc' dir='ltr'>δικαιοσύνης</span> 
     </span>
     <span class='ocr_line' id='line_1_84' title="bbox 234 4433 1012 4514; baseline -0.004 -23"><span class='ocrx_word' id='word_1_583' title='bbox 234 4463 246 4491; x_wconf 77' lang='grc' dir='ltr'>α</span> <span class='ocrx_word' id='word_1_584' title='bbox 269 4433 408 4496; x_wconf 71' lang='grc' dir='ltr'>ἀπολοίδω,</span> <span class='ocrx_word' id='word_1_585' title='bbox 450 4433 1012 4514; x_wconf 77' lang='grc' dir='ltr'>Ἐπιύουλεύομαιγδιρύπθτῶνπατρικίων,</span> 
     </span>
     <span class='ocr_line' id='line_1_85' title="bbox 233 4520 1014 4603; baseline -0.006 -19"><span class='ocrx_word' id='word_1_586' title='bbox 233 4551 247 4577; x_wconf 82' lang='grc' dir='ltr'>ι</span> <span class='ocrx_word' id='word_1_587' title='bbox 268 4524 314 4584; x_wconf 84' lang='grc' dir='ltr'>καλ</span> <span class='ocrx_word' id='word_1_588' title='bbox 333 4523 497 4601; x_wconf 77' lang='grc' dir='ltr'>μεμήνυνταί</span> <span class='ocrx_word' id='word_1_589' title='bbox 513 4523 558 4603; x_wconf 88' lang='grc' dir='ltr'>μοί</span> <span class='ocrx_word' id='word_1_590' title='bbox 572 4548 638 4593; x_wconf 88' lang='grc' dir='ltr'>τινες</span> <span class='ocrx_word' id='word_1_591' title='bbox 650 4525 676 4594; x_wconf 83' lang='grc' dir='ltr'>ἐξ</span> <span class='ocrx_word' id='word_1_592' title='bbox 696 4527 790 4596; x_wconf 79' lang='grc' dir='ltr'>αὐτῶν,</span> <span class='ocrx_word' id='word_1_593' title='bbox 806 4520 960 4582; x_wconf 86' lang='grc' dir='ltr'>ἀποκτεῖναί</span> <span class='ocrx_word' id='word_1_594' title='bbox 980 4543 1014 4596; x_wconf 90' lang='grc' dir='ltr'>με</span> 
     </span>
     <span class='ocr_line' id='line_1_86' title="bbox 233 4609 1013 4692; baseline -0.008 -19"><span class='ocrx_word' id='word_1_595' title='bbox 233 4641 246 4667; x_wconf 76' lang='grc' dir='ltr'>ι</span> <span class='ocrx_word' id='word_1_596' title='bbox 268 4621 474 4692; x_wconf 86' lang='grc' dir='ltr'>συνομνύμενοι,</span> <span class='ocrx_word' id='word_1_597' title='bbox 493 4613 613 4691; x_wconf 82' lang='grc' dir='ltr'>ἀδίκημα</span> <span class='ocrx_word' id='word_1_598' title='bbox 629 4615 676 4692; x_wconf 83' lang='grc' dir='ltr'>μὲν</span> <span class='ocrx_word' id='word_1_599' title='bbox 690 4612 764 4673; x_wconf 81' lang='grc' dir='ltr'>οὐδὲν</span> <span class='ocrx_word' id='word_1_600' title='bbox 779 4610 838 4671; x_wconf 82' lang='grc' dir='ltr'>οὔτε</span> <span class='ocrx_word' id='word_1_601' title='bbox 853 4614 939 4686; x_wconf 83' lang='grc' dir='ltr'>μεῖζον</span> <span class='ocrx_word' id='word_1_602' title='bbox 958 4609 1013 4668; x_wconf 84' lang='grc' dir='ltr'>οὔτ’</span> 
     </span>
     <span class='ocr_line' id='line_1_87' title="bbox 233 4688 1014 4784; baseline -0.008 -21"><span class='ocrx_word' id='word_1_603' title='bbox 233 4730 245 4759; x_wconf 82' lang='grc' dir='ltr'>ν</span> <span class='ocrx_word' id='word_1_604' title='bbox 265 4701 374 4763; x_wconf 80' lang='grc' dir='ltr'>ἐλαττεν</span> <span class='ocrx_word' id='word_1_605' title='bbox 395 4703 497 4784; x_wconf 76' lang='grc' dir='ltr'>ἔχοντες</span> <span class='ocrx_word' id='word_1_606' title='bbox 512 4706 650 4783; x_wconf 84' lang='grc' dir='ltr'>ἐγκαλεῖν,</span> <span class='ocrx_word' id='word_1_607' title='bbox 665 4694 701 4764; x_wconf 75' lang='grc' dir='ltr'>ὧν</span> <span class='ocrx_word' id='word_1_608' title='bbox 717 4700 745 4761; x_wconf 76' lang='grc' dir='ltr'>δέ</span> <span class='ocrx_word' id='word_1_609' title='bbox 758 4701 802 4760; x_wconf 79' lang='grc' dir='ltr'>τὸν</span> <span class='ocrx_word' id='word_1_610' title='bbox 823 4702 906 4778; x_wconf 81' lang='grc' dir='ltr'>δῆμον</span> <span class='ocrx_word' id='word_1_611' title='bbox 924 4688 952 4757; x_wconf 79' lang='grc' dir='ltr'>εδ</span> <span class='ocrx_word' id='word_1_612' title='bbox 967 4720 1014 4757; x_wconf 86' lang='grc' dir='ltr'>πε·</span> 
     </span>
     <span class='ocr_line' id='line_1_88' title="bbox 233 4787 1013 4875; baseline -0.005 -22"><span class='ocrx_word' id='word_1_613' title='bbox 233 4820 246 4846; x_wconf 75' lang='grc' dir='ltr'>ι</span> <span class='ocrx_word' id='word_1_614' title='bbox 266 4792 365 4866; x_wconf 92' lang='grc' dir='ltr'>ποίηκα</span> <span class='ocrx_word' id='word_1_615' title='bbox 385 4795 432 4853; x_wconf 81' lang='grc' dir='ltr'>καί</span> <span class='ocrx_word' id='word_1_616' title='bbox 455 4798 678 4875; x_wconf 88' lang='grc' dir='ltr'>παρεσκεύασμαι</span> <span class='ocrx_word' id='word_1_617' title='bbox 701 4792 797 4863; x_wconf 88' lang='grc' dir='ltr'>ποιεῖν,</span> <span class='ocrx_word' id='word_1_618' title='bbox 815 4787 957 4869; x_wconf 83' lang='grc' dir='ltr'>ἀχθόμενοί</span> <span class='ocrx_word' id='word_1_619' title='bbox 984 4812 1013 4849; x_wconf 92' lang='grc' dir='ltr'>τε</span> 
     </span>
     <span class='ocr_line' id='line_1_89' title="bbox 234 4879 1014 4959; baseline -0.004 -16"><span class='ocrx_word' id='word_1_620' title='bbox 234 4911 245 4934; x_wconf 87' lang='lat'>·</span> <span class='ocrx_word' id='word_1_621' title='bbox 267 4882 312 4943; x_wconf 83' lang='grc' dir='ltr'>καί</span> <span class='ocrx_word' id='word_1_622' title='bbox 333 4883 583 4954; x_wconf 76' lang='grc' dir='ltr'>ἀναξιοπαθοῦντες·</span> <span class='ocrx_word' id='word_1_623' title='bbox 611 4887 634 4945; x_wconf 85' lang='grc' dir='ltr'>οῖ</span> <span class='ocrx_word' id='word_1_624' title='bbox 662 4882 796 4942; x_wconf 78' lang='grc' dir='ltr'>δανεισταί</span> <span class='ocrx_word' id='word_1_625' title='bbox 811 4880 874 4959; x_wconf 88' lang='grc' dir='ltr'>μὲν,</span> <span class='ocrx_word' id='word_1_626' title='bbox 896 4879 936 4939; x_wconf 82' lang='grc' dir='ltr'>δτι</span> <span class='ocrx_word' id='word_1_627' title='bbox 957 4879 1014 4947; x_wconf 76' lang='grc' dir='ltr'>τοὺς</span> 
     </span>
     <span class='ocr_line' id='line_1_90' title="bbox 233 4971 1014 5053; baseline -0.003 -23"><span class='ocrx_word' id='word_1_628' title='bbox 233 5000 246 5026; x_wconf 79' lang='grc' dir='ltr'>ι</span> <span class='ocrx_word' id='word_1_629' title='bbox 268 4972 382 5044; x_wconf 85' lang='grc' dir='ltr'>πένητας</span> <span class='ocrx_word' id='word_1_630' title='bbox 393 4977 467 5050; x_wconf 82' lang='grc' dir='ltr'>ὑμῶν</span> <span class='ocrx_word' id='word_1_631' title='bbox 477 4977 525 5035; x_wconf 81' lang='grc' dir='ltr'>οὐκ</span> <span class='ocrx_word' id='word_1_632' title='bbox 539 4974 615 5035; x_wconf 79' lang='grc' dir='ltr'>εἴασα</span> <span class='ocrx_word' id='word_1_633' title='bbox 626 4973 675 5046; x_wconf 73' lang='grc' dir='ltr'>την</span> <span class='ocrx_word' id='word_1_634' title='bbox 685 4971 832 5053; x_wconf 80' lang='grc' dir='ltr'>ἐλευθερίαν</span> <span class='ocrx_word' id='word_1_635' title='bbox 842 4973 1014 5050; x_wconf 83' lang='grc' dir='ltr'>ἀφαιρεθῆναι</span> 
     </span>
     <span class='ocr_line' id='line_1_91' title="bbox 234 5059 1013 5142; baseline 0.003 -25"><span class='ocrx_word' id='word_1_636' title='bbox 234 5089 246 5115; x_wconf 80' lang='grc' dir='ltr'>ι</span> <span class='ocrx_word' id='word_1_637' title='bbox 268 5060 333 5138; x_wconf 76' lang='grc' dir='ltr'>πρὸς</span> <span class='ocrx_word' id='word_1_638' title='bbox 345 5062 377 5119; x_wconf 72' lang='lat' dir='ltr'><strong>rb</strong></span> <span class='ocrx_word' id='word_1_639' title='bbox 388 5061 455 5141; x_wconf 88' lang='grc' dir='ltr'>χρέα</span> <span class='ocrx_word' id='word_1_640' title='bbox 468 5064 513 5123; x_wconf 79' lang='grc' dir='ltr'>ὑπ’</span> <span class='ocrx_word' id='word_1_641' title='bbox 529 5065 615 5123; x_wconf 80' lang='grc' dir='ltr'>αὐτῶν</span> <span class='ocrx_word' id='word_1_642' title='bbox 628 5061 806 5142; x_wconf 88' lang='grc' dir='ltr'>ἀπαχθέντας·</span> <span class='ocrx_word' id='word_1_643' title='bbox 819 5062 843 5121; x_wconf 80' lang='grc' dir='ltr'>οἱ</span> <span class='ocrx_word' id='word_1_644' title='bbox 858 5059 886 5119; x_wconf 82' lang='grc' dir='ltr'>δέ</span> <span class='ocrx_word' id='word_1_645' title='bbox 898 5082 1013 5119; x_wconf 90' lang='grc' dir='ltr'>κατανο-</span> 
     </span>
     <span class='ocr_line' id='line_1_92' title="bbox 234 5145 1013 5229; baseline -0.004 -23"><span class='ocrx_word' id='word_1_646' title='bbox 234 5174 247 5200; x_wconf 76' lang='grc' dir='ltr'>ε</span> <span class='ocrx_word' id='word_1_647' title='bbox 269 5145 418 5226; x_wconf 82' lang='grc' dir='ltr'>σφιζόμινοι</span> <span class='ocrx_word' id='word_1_648' title='bbox 427 5148 461 5208; x_wconf 69' lang='lat' dir='ltr'><strong>rb</strong></span> <span class='ocrx_word' id='word_1_649' title='bbox 472 5151 587 5229; x_wconf 84' lang='grc' dir='ltr'>δημόσια</span> <span class='ocrx_word' id='word_1_650' title='bbox 600 5150 647 5210; x_wconf 81' lang='grc' dir='ltr'>καὶ</span> <span class='ocrx_word' id='word_1_651' title='bbox 661 5147 834 5228; x_wconf 88' lang='grc' dir='ltr'>κατέχοντες,</span> <span class='ocrx_word' id='word_1_652' title='bbox 845 5146 878 5219; x_wconf 77' lang='grc' dir='ltr'>ἣν</span> <span class='ocrx_word' id='word_1_653' title='bbox 892 5150 966 5224; x_wconf 84' lang='grc' dir='ltr'>ὑμεῖς</span> <span class='ocrx_word' id='word_1_654' title='bbox 980 5146 1013 5204; x_wconf 90' lang='grc' dir='ltr'>δι’</span> 
     </span>
     <span class='ocr_line' id='line_1_93' title="bbox 236 5231 1011 5317; baseline 0 -22"><span class='ocrx_word' id='word_1_655' title='bbox 236 5231 382 5314; x_wconf 69' lang='grc' dir='ltr'>«αἵματος</span> <span class='ocrx_word' id='word_1_656' title='bbox 404 5237 552 5310; x_wconf 72' lang='grc' dir='ltr'>ἐκτήσασθε</span> <span class='ocrx_word' id='word_1_657' title='bbox 572 5242 623 5317; x_wconf 78' lang='grc' dir='ltr'>γῆν</span> <span class='ocrx_word' id='word_1_658' title='bbox 647 5239 763 5298; x_wconf 87' lang='grc' dir='ltr'>ἐκλιπεῖν</span> <span class='ocrx_word' id='word_1_659' title='bbox 787 5235 1011 5316; x_wconf 69' lang='grc' dir='ltr'>ὀνομαζόμενοι,</span> 
     </span>
    </p>
   </div>
   <div class='ocr_carea' id='block_1_25' title="bbox 1067 3811 1850 4045">
    <p class='ocr_par' dir='ltr' id='par_1_26' title="bbox 1067 3811 1850 4045">
     <span class='ocr_line' id='line_1_94' title="bbox 1067 3811 1848 3878; baseline -0.006 -13"><span class='ocrx_word' id='word_1_660' title='bbox 1067 3828 1127 3878; x_wconf 76' lang='lat' dir='ltr'><strong>gens</strong></span> <span class='ocrx_word' id='word_1_661' title='bbox 1144 3814 1218 3865; x_wconf 84' lang='lat' dir='ltr'><strong>turba</strong></span> <span class='ocrx_word' id='word_1_662' title='bbox 1229 3828 1260 3865; x_wconf 89' lang='lat' dir='ltr'><strong>eo</strong></span> <span class='ocrx_word' id='word_1_663' title='bbox 1273 3814 1434 3865; x_wconf 79' lang='lat' dir='ltr'><strong>conduxisset</strong></span> <span class='ocrx_word' id='word_1_664' title='bbox 1444 3814 1477 3865; x_wconf 92' lang='lat' dir='ltr'>ob</span> <span class='ocrx_word' id='word_1_665' title='bbox 1496 3812 1648 3877; x_wconf 88' lang='lat' dir='ltr'><strong>inopinatum</strong></span> <span class='ocrx_word' id='word_1_666' title='bbox 1669 3811 1848 3875; x_wconf 86' lang='lat' dir='ltr'><strong>spectaculum,</strong></span> 
     </span>
     <span class='ocr_line' id='line_1_95' title="bbox 1067 3899 1850 3965; baseline -0.005 -12"><span class='ocrx_word' id='word_1_667' title='bbox 1067 3909 1201 3955; x_wconf 85' lang='lat' dir='ltr'><strong>convocata</strong></span> <span class='ocrx_word' id='word_1_668' title='bbox 1214 3903 1331 3957; x_wconf 89' lang='lat' dir='ltr'><strong>concione</strong></span> <span class='ocrx_word' id='word_1_669' title='bbox 1340 3904 1445 3955; x_wconf 91' lang='lat' dir='ltr'><strong>tribunal</strong></span> <span class='ocrx_word' id='word_1_670' title='bbox 1459 3901 1611 3965; x_wconf 88' lang='lat' dir='ltr'><strong>conscendit,</strong></span> <span class='ocrx_word' id='word_1_671' title='bbox 1626 3904 1652 3952; x_wconf 90' lang='lat' dir='ltr'><strong>et</strong></span> <span class='ocrx_word' id='word_1_672' title='bbox 1668 3902 1742 3952; x_wconf 87' lang='lat' dir='ltr'><strong>talem</strong></span> <span class='ocrx_word' id='word_1_673' title='bbox 1761 3899 1850 3950; x_wconf 88' lang='lat' dir='ltr'><strong>babuit</strong></span> 
     </span>
     <span class='ocr_line' id='line_1_96' title="bbox 1067 3994 1212 4045; baseline 0.014 -2"><span class='ocrx_word' id='word_1_674' title='bbox 1067 3994 1212 4045; x_wconf 86' lang='lat' dir='ltr'><strong>orationem.</strong></span> 
     </span>
    </p>
   </div>
   <div class='ocr_carea' id='block_1_26' title="bbox 1068 4089 1850 4481">
    <p class='ocr_par' dir='ltr' id='par_1_27' title="bbox 1068 4089 1850 4481">
     <span class='ocr_line' id='line_1_97' title="bbox 1099 4089 1850 4161; baseline -0.008 -14"><span class='ocrx_word' id='word_1_675' title='bbox 1099 4098 1142 4147; x_wconf 87' lang='lat' dir='ltr'><strong>lli.</strong></span> <span class='ocrx_word' id='word_1_676' title='bbox 1161 4116 1174 4140; x_wconf 77' lang='grc' dir='ltr'>ι</span> <span class='ocrx_word' id='word_1_677' title='bbox 1189 4098 1244 4147; x_wconf 84' lang='lat' dir='ltr'><strong>lton</strong></span> <span class='ocrx_word' id='word_1_678' title='bbox 1263 4096 1377 4161; x_wconf 87' lang='lat' dir='ltr'><strong>amplius,</strong></span> <span class='ocrx_word' id='word_1_679' title='bbox 1397 4094 1514 4154; x_wconf 89' lang='lat' dir='ltr'><strong>Quirites,</strong></span> <span class='ocrx_word' id='word_1_680' title='bbox 1534 4092 1596 4143; x_wconf 85' lang='lat' dir='ltr'><strong>solis</strong></span> <span class='ocrx_word' id='word_1_681' title='bbox 1615 4090 1740 4154; x_wconf 89' lang='lat' dir='ltr'><strong>Tarquinii</strong></span> <span class='ocrx_word' id='word_1_682' title='bbox 1765 4089 1850 4141; x_wconf 89' lang='lat' dir='ltr'><strong>liberis</strong></span> 
     </span>
     <span class='ocr_line' id='line_1_98' title="bbox 1068 4194 1850 4267; baseline -0.01 -14"><span class='ocrx_word' id='word_1_683' title='bbox 1068 4221 1081 4246; x_wconf 80' lang='grc' dir='ltr'>α</span> <span class='ocrx_word' id='word_1_684' title='bbox 1097 4202 1236 4267; x_wconf 89' lang='lat' dir='ltr'><strong>periculum</strong></span> <span class='ocrx_word' id='word_1_685' title='bbox 1254 4202 1383 4263; x_wconf 89' lang='lat' dir='ltr'><strong>imminet,</strong></span> <span class='ocrx_word' id='word_1_686' title='bbox 1405 4199 1511 4264; x_wconf 89' lang='lat' dir='ltr'><strong>nequid</strong></span> <span class='ocrx_word' id='word_1_687' title='bbox 1534 4197 1617 4249; x_wconf 88' lang='lat' dir='ltr'><strong>damni</strong></span> <span class='ocrx_word' id='word_1_688' title='bbox 1637 4196 1668 4248; x_wconf 86' lang='lat' dir='ltr'><strong>ub</strong></span> <span class='ocrx_word' id='word_1_689' title='bbox 1684 4194 1789 4246; x_wconf 87' lang='lat' dir='ltr'><strong>inimicis</strong></span> <span class='ocrx_word' id='word_1_690' title='bbox 1809 4207 1850 4245; x_wconf 86' lang='lat' dir='ltr'><strong>ac-</strong></span> 
     </span>
     <span class='ocr_line' id='line_1_99' title="bbox 1069 4301 1849 4373; baseline -0.006 -15"><span class='ocrx_word' id='word_1_691' title='bbox 1069 4328 1081 4353; x_wconf 79' lang='grc' dir='ltr'>α</span> <span class='ocrx_word' id='word_1_692' title='bbox 1099 4309 1199 4373; x_wconf 81' lang='lat' dir='ltr'><strong>cipiunt,</strong></span> <span class='ocrx_word' id='word_1_693' title='bbox 1213 4308 1257 4360; x_wconf 89' lang='lat' dir='ltr'>sed</span> <span class='ocrx_word' id='word_1_694' title='bbox 1269 4309 1345 4359; x_wconf 88' lang='lat' dir='ltr'><strong>etiarn</strong></span> <span class='ocrx_word' id='word_1_695' title='bbox 1354 4320 1394 4357; x_wconf 92' lang='lat' dir='ltr'>me</span> <span class='ocrx_word' id='word_1_696' title='bbox 1407 4306 1486 4371; x_wconf 91' lang='lat' dir='ltr'><strong>ipsam</strong></span> <span class='ocrx_word' id='word_1_697' title='bbox 1495 4307 1576 4356; x_wconf 90' lang='lat' dir='ltr'><strong>metus</strong></span> <span class='ocrx_word' id='word_1_698' title='bbox 1587 4304 1637 4355; x_wconf 85' lang='lat' dir='ltr'><strong>iarn</strong></span> <span class='ocrx_word' id='word_1_699' title='bbox 1649 4303 1723 4366; x_wconf 83' lang='lat' dir='ltr'><strong>subit,</strong></span> <span class='ocrx_word' id='word_1_700' title='bbox 1736 4316 1766 4353; x_wconf 92' lang='lat' dir='ltr'>ne</span> <span class='ocrx_word' id='word_1_701' title='bbox 1778 4301 1849 4353; x_wconf 88' lang='lat' dir='ltr'><strong>triste</strong></span> 
     </span>
     <span class='ocr_line' id='line_1_100' title="bbox 1068 4409 1849 4481; baseline -0.004 -18"><span class='ocrx_word' id='word_1_702' title='bbox 1068 4439 1080 4463; x_wconf 69' lang='lat' dir='ltr'><strong>r</strong></span> <span class='ocrx_word' id='word_1_703' title='bbox 1098 4416 1198 4481; x_wconf 86' lang='lat' dir='ltr'><strong>aliquod</strong></span> <span class='ocrx_word' id='word_1_704' title='bbox 1212 4429 1257 4480; x_wconf 93' lang='lat' dir='ltr'><strong>pro</strong></span> <span class='ocrx_word' id='word_1_705' title='bbox 1274 4429 1329 4467; x_wconf 90' lang='lat' dir='ltr'>mea</span> <span class='ocrx_word' id='word_1_706' title='bbox 1350 4414 1444 4465; x_wconf 88' lang='lat' dir='ltr'><strong>iustitia</strong></span> <span class='ocrx_word' id='word_1_707' title='bbox 1459 4412 1590 4479; x_wconf 81' lang='lat' dir='ltr'><strong>promtum</strong></span> <span class='ocrx_word' id='word_1_708' title='bbox 1606 4412 1732 4476; x_wconf 86' lang='lat' dir='ltr'><strong>accipiam.</strong></span> <span class='ocrx_word' id='word_1_709' title='bbox 1750 4409 1849 4461; x_wconf 83' lang='lat' dir='ltr'><strong>Insidiis</strong></span> 
     </span>
    </p>
   </div>
   <div class='ocr_carea' id='block_1_27' title="bbox 1069 4498 1913 4588">
    <p class='ocr_par' dir='ltr' id='par_1_28' title="bbox 1069 4498 1913 4588">
     <span class='ocr_line' id='line_1_101' title="bbox 1069 4498 1913 4588; baseline -0.011 -13"><span class='ocrx_word' id='word_1_710' title='bbox 1069 4544 1082 4568; x_wconf 76' lang='grc' dir='ltr'>ι</span> <span class='ocrx_word' id='word_1_711' title='bbox 1098 4523 1163 4574; x_wconf 90' lang='lat' dir='ltr'><strong>enim</strong></span> <span class='ocrx_word' id='word_1_712' title='bbox 1174 4537 1190 4574; x_wconf 89' lang='lat' dir='ltr'><strong>a</strong></span> <span class='ocrx_word' id='word_1_713' title='bbox 1202 4523 1312 4588; x_wconf 86' lang='lat' dir='ltr'><strong>patriciis</strong></span> <span class='ocrx_word' id='word_1_714' title='bbox 1323 4524 1434 4585; x_wconf 65' lang='lat' dir='ltr'><strong>appetem</strong></span> <span class='ocrx_word' id='word_1_715' title='bbox 1448 4524 1474 4571; x_wconf 92' lang='lat' dir='ltr'><strong>et</strong></span> <span class='ocrx_word' id='word_1_716' title='bbox 1487 4519 1622 4570; x_wconf 85' lang='lat' dir='ltr'><strong>indicatum</strong></span> <span class='ocrx_word' id='word_1_717' title='bbox 1634 4522 1673 4571; x_wconf 85' lang='lat' dir='ltr'>cst</span> <span class='ocrx_word' id='word_1_718' title='bbox 1684 4518 1746 4568; x_wconf 90' lang='lat' dir='ltr'><strong>mibi</strong></span> <span class='ocrx_word' id='word_1_719' title='bbox 1755 4518 1850 4580; x_wconf 85' lang='lat' dir='ltr'><strong>aliquot</strong></span> <span class='ocrx_word' id='word_1_720' title='bbox 1909 4498 1913 4507; x_wconf 55' lang='grc'><em>’</em></span> 
     </span>
    </p>
   </div>
   <div class='ocr_carea' id='block_1_28' title="bbox 1068 4619 1850 5316">
    <p class='ocr_par' dir='ltr' id='par_1_29' title="bbox 1068 4619 1850 5316">
     <span class='ocr_line' id='line_1_102' title="bbox 1069 4619 1849 4686; baseline -0.008 -11"><span class='ocrx_word' id='word_1_721' title='bbox 1069 4649 1082 4675; x_wconf 75' lang='grc' dir='ltr'>ι</span> <span class='ocrx_word' id='word_1_722' title='bbox 1101 4642 1132 4680; x_wconf 83' lang='lat' dir='ltr'><strong>ex</strong></span> <span class='ocrx_word' id='word_1_723' title='bbox 1144 4628 1194 4680; x_wconf 85' lang='lat' dir='ltr'><strong>illis</strong></span> <span class='ocrx_word' id='word_1_724' title='bbox 1206 4627 1232 4678; x_wconf 92' lang='lat' dir='ltr'>in</span> <span class='ocrx_word' id='word_1_725' title='bbox 1245 4629 1351 4678; x_wconf 88' lang='lat' dir='ltr'><strong>mortem</strong></span> <span class='ocrx_word' id='word_1_726' title='bbox 1360 4639 1440 4677; x_wconf 88' lang='lat' dir='ltr'><strong>meam</strong></span> <span class='ocrx_word' id='word_1_727' title='bbox 1449 4625 1601 4686; x_wconf 87' lang='lat' dir='ltr'><strong>coniurasse,</strong></span> <span class='ocrx_word' id='word_1_728' title='bbox 1617 4638 1675 4675; x_wconf 86' lang='lat' dir='ltr'><strong>cunr</strong></span> <span class='ocrx_word' id='word_1_729' title='bbox 1685 4627 1769 4674; x_wconf 71' lang='lat' dir='ltr'><strong>umen</strong></span> <span class='ocrx_word' id='word_1_730' title='bbox 1779 4619 1849 4673; x_wconf 90' lang='lat' dir='ltr'><strong>nulla</strong></span> 
     </span>
     <span class='ocr_line' id='line_1_103' title="bbox 1069 4725 1848 4794; baseline -0.013 -12"><span class='ocrx_word' id='word_1_731' title='bbox 1069 4751 1082 4777; x_wconf 75' lang='grc' dir='ltr'>α</span> <span class='ocrx_word' id='word_1_732' title='bbox 1100 4730 1189 4782; x_wconf 87' lang='lat' dir='ltr'><strong>iniuria</strong></span> <span class='ocrx_word' id='word_1_733' title='bbox 1200 4732 1244 4781; x_wconf 88' lang='lat' dir='ltr'>sut</span> <span class='ocrx_word' id='word_1_734' title='bbox 1263 4727 1375 4794; x_wconf 64' lang='lat' dir='ltr'><strong>parione</strong></span> <span class='ocrx_word' id='word_1_735' title='bbox 1385 4731 1430 4778; x_wconf 90' lang='lat' dir='ltr'>aut</span> <span class='ocrx_word' id='word_1_736' title='bbox 1448 4727 1577 4779; x_wconf 82' lang='lat' dir='ltr'><strong>levioreac</strong></span> <span class='ocrx_word' id='word_1_737' title='bbox 1591 4739 1606 4777; x_wconf 90' lang='lat' dir='ltr'><strong>a</strong></span> <span class='ocrx_word' id='word_1_738' title='bbox 1618 4739 1659 4776; x_wconf 91' lang='lat' dir='ltr'>me</span> <span class='ocrx_word' id='word_1_739' title='bbox 1670 4725 1775 4775; x_wconf 85' lang='lat' dir='ltr'><strong>allectos</strong></span> <span class='ocrx_word' id='word_1_740' title='bbox 1784 4736 1848 4773; x_wconf 90' lang='lat' dir='ltr'><strong>con·</strong></span> 
     </span>
     <span class='ocr_line' id='line_1_104' title="bbox 1069 4829 1849 4902; baseline -0.012 -13"><span class='ocrx_word' id='word_1_741' title='bbox 1069 4857 1081 4882; x_wconf 80' lang='grc' dir='ltr'>ι</span> <span class='ocrx_word' id='word_1_742' title='bbox 1097 4836 1169 4901; x_wconf 87' lang='lat' dir='ltr'><strong>queri</strong></span> <span class='ocrx_word' id='word_1_743' title='bbox 1176 4835 1273 4902; x_wconf 88' lang='lat' dir='ltr'><strong>possint</strong></span> <span class='ocrx_word' id='word_1_744' title='bbox 1287 4852 1294 4883; x_wconf 81' lang='grc' dir='ltr'>ι</span> <span class='ocrx_word' id='word_1_745' title='bbox 1310 4832 1355 4885; x_wconf 87' lang='lat' dir='ltr'>sed</span> <span class='ocrx_word' id='word_1_746' title='bbox 1371 4832 1440 4898; x_wconf 90' lang='lat' dir='ltr'><strong>quod</strong></span> <span class='ocrx_word' id='word_1_747' title='bbox 1461 4832 1494 4883; x_wconf 91' lang='lat' dir='ltr'><strong>de</strong></span> <span class='ocrx_word' id='word_1_748' title='bbox 1509 4832 1579 4896; x_wconf 89' lang='lat' dir='ltr'><strong>plebe</strong></span> <span class='ocrx_word' id='word_1_749' title='bbox 1598 4831 1661 4882; x_wconf 87' lang='lat' dir='ltr'><strong>bene</strong></span> <span class='ocrx_word' id='word_1_750' title='bbox 1675 4843 1732 4880; x_wconf 90' lang='lat' dir='ltr'>sum</span> <span class='ocrx_word' id='word_1_751' title='bbox 1745 4829 1849 4881; x_wconf 85' lang='lat' dir='ltr'><strong>meritus</strong></span> 
     </span>
     <span class='ocr_line' id='line_1_105' title="bbox 1069 4931 1849 5000; baseline -0.012 -10"><span class='ocrx_word' id='word_1_752' title='bbox 1069 4959 1081 4982; x_wconf 75' lang='grc' dir='ltr'>α</span> <span class='ocrx_word' id='word_1_753' title='bbox 1098 4944 1124 4990; x_wconf 89' lang='lat' dir='ltr'><strong>et</strong></span> <span class='ocrx_word' id='word_1_754' title='bbox 1136 4940 1257 5000; x_wconf 90' lang='lat' dir='ltr'><strong>merebor,</strong></span> <span class='ocrx_word' id='word_1_755' title='bbox 1266 4936 1292 4989; x_wconf 89' lang='lat' dir='ltr'><strong>id</strong></span> <span class='ocrx_word' id='word_1_756' title='bbox 1303 4936 1386 5000; x_wconf 83' lang='lat' dir='ltr'><strong>briquo</strong></span> <span class='ocrx_word' id='word_1_757' title='bbox 1395 4935 1476 4985; x_wconf 86' lang='lat' dir='ltr'><strong>animo</strong></span> <span class='ocrx_word' id='word_1_758' title='bbox 1485 4934 1568 4984; x_wconf 69' lang='lat' dir='ltr'><strong>bruni</strong></span> <span class='ocrx_word' id='word_1_759' title='bbox 1580 4931 1742 4996; x_wconf 77' lang='lat' dir='ltr'><strong>etindignum</strong></span> <span class='ocrx_word' id='word_1_760' title='bbox 1756 4931 1849 4982; x_wconf 83' lang='lat' dir='ltr'><strong>lacinus</strong></span> 
     </span>
     <span class='ocr_line' id='line_1_106' title="bbox 1068 5040 1849 5111; baseline -0.012 -13"><span class='ocrx_word' id='word_1_761' title='bbox 1068 5064 1081 5090; x_wconf 74' lang='lat' dir='ltr'><strong>a</strong></span> <span class='ocrx_word' id='word_1_762' title='bbox 1091 5058 1126 5097; x_wconf 44' lang='lat' dir='ltr'>*se</span> <span class='ocrx_word' id='word_1_763' title='bbox 1136 5046 1230 5110; x_wconf 88' lang='lat' dir='ltr'><strong>perpeti</strong></span> <span class='ocrx_word' id='word_1_764' title='bbox 1240 5048 1329 5111; x_wconf 85' lang='lat' dir='ltr'><strong>putant</strong></span> <span class='ocrx_word' id='word_1_765' title='bbox 1341 5062 1347 5094; x_wconf 78' lang='grc' dir='ltr'>τ</span> <span class='ocrx_word' id='word_1_766' title='bbox 1360 5045 1509 5094; x_wconf 86' lang='lat' dir='ltr'><strong>teneratores</strong></span> <span class='ocrx_word' id='word_1_767' title='bbox 1523 5041 1632 5106; x_wconf 90' lang='lat' dir='ltr'><strong>quidem,</strong></span> <span class='ocrx_word' id='word_1_768' title='bbox 1646 5040 1715 5104; x_wconf 84' lang='lat' dir='ltr'><strong>quod</strong></span> <span class='ocrx_word' id='word_1_769' title='bbox 1728 5051 1849 5104; x_wconf 84' lang='lat' dir='ltr'><strong>pauperes</strong></span> 
     </span>
     <span class='ocr_line' id='line_1_107' title="bbox 1068 5142 1850 5216; baseline -0.009 -14"><span class='ocrx_word' id='word_1_770' title='bbox 1068 5170 1081 5196; x_wconf 75' lang='grc' dir='ltr'>α</span> <span class='ocrx_word' id='word_1_771' title='bbox 1098 5150 1130 5202; x_wconf 91' lang='lat' dir='ltr'><strong>de</strong></span> <span class='ocrx_word' id='word_1_772' title='bbox 1144 5152 1215 5203; x_wconf 83' lang='lat' dir='ltr'><strong>vobis</strong></span> <span class='ocrx_word' id='word_1_773' title='bbox 1234 5154 1318 5216; x_wconf 89' lang='lat' dir='ltr'><strong>raptos</strong></span> <span class='ocrx_word' id='word_1_774' title='bbox 1338 5150 1363 5201; x_wconf 93' lang='lat' dir='ltr'>in</span> <span class='ocrx_word' id='word_1_775' title='bbox 1385 5148 1464 5199; x_wconf 77' lang='lat' dir='ltr'><strong>uincla</strong></span> <span class='ocrx_word' id='word_1_776' title='bbox 1491 5147 1603 5197; x_wconf 78' lang='lat' dir='ltr'><strong>libertate</strong></span> <span class='ocrx_word' id='word_1_777' title='bbox 1627 5145 1659 5196; x_wconf 91' lang='lat' dir='ltr'><strong>ab</strong></span> <span class='ocrx_word' id='word_1_778' title='bbox 1679 5145 1727 5195; x_wconf 88' lang='lat' dir='ltr'><strong>illis</strong></span> <span class='ocrx_word' id='word_1_779' title='bbox 1749 5142 1850 5208; x_wconf 89' lang='lat' dir='ltr'><strong>spoliari</strong></span> 
     </span>
     <span class='ocr_line' id='line_1_108' title="bbox 1069 5242 1850 5316; baseline -0.009 -14"><span class='ocrx_word' id='word_1_780' title='bbox 1069 5269 1082 5297; x_wconf 84' lang='grc' dir='ltr'>ι</span> <span class='ocrx_word' id='word_1_781' title='bbox 1099 5264 1147 5302; x_wconf 92' lang='lat' dir='ltr'>non</span> <span class='ocrx_word' id='word_1_782' title='bbox 1160 5265 1249 5316; x_wconf 87' lang='lat' dir='ltr'><strong>passus</strong></span> <span class='ocrx_word' id='word_1_783' title='bbox 1266 5264 1322 5302; x_wconf 89' lang='lat' dir='ltr'>sum</span> <span class='ocrx_word' id='word_1_784' title='bbox 1336 5271 1342 5300; x_wconf 91' lang='lat'><strong>:</strong></span> <span class='ocrx_word' id='word_1_785' title='bbox 1359 5246 1544 5313; x_wconf 73' lang='lat' dir='ltr'><strong>depredatores</strong></span> <span class='ocrx_word' id='word_1_786' title='bbox 1556 5260 1615 5298; x_wconf 84' lang='lat' dir='ltr'>rem</span> <span class='ocrx_word' id='word_1_787' title='bbox 1628 5244 1790 5312; x_wconf 80' lang='lat' dir='ltr'><strong>Reipublicae,</strong></span> <span class='ocrx_word' id='word_1_788' title='bbox 1800 5242 1850 5309; x_wconf 87' lang='lat' dir='ltr'>qui</span> 
     </span>
    </p>
   </div>
   <div class='ocr_carea' id='block_1_29' title="bbox 0 0 2048 5936">
    <p class='ocr_par' dir='ltr' id='par_1_30' title="bbox 0 0 2048 5936">
     <span class='ocr_line' id='line_1_109' title="bbox 0 0 2048 5936; baseline 0 0"><span class='ocrx_word' id='word_1_789' title='bbox 0 0 2048 5936; x_wconf 95' lang='lat' dir='ltr'> </span> 
     </span>
    </p>
   </div>
  </div>
 </body>
</html>
