4068 5924
683 432 976 509 ANTiQUlTA'iUM
1000 439 1146 503 ROMAN.
1171 442 1242 504 LlB.
1268 445 1314 503 lli.

185 582 200 614 ε
221 559 369 638 ἀσφάλειαν
384 557 486 623 τούτοις
507 560 552 614 τοῦ
577 556 601 612 τ’
618 556 670 615 ἀπὸ
684 558 828 637 Τυρρηνῶν
852 559 897 618 καὶ
912 562 966 622 ἀπὸ

188 669 203 703 ε
220 644 343 707 Σαάίνων
356 645 474 718 πολέμου
498 645 696 725 παρειχόμεθα·
711 638 742 719 ής
768 648 800 721 δή
822 648 921 716 πολεως
937 645 967 712 τό

147 788 151 795 .
189 757 249 793 ετε
271 733 439 815 πραττούσης
472 734 579 792 πάντων
603 735 722 811 μάλιστα
746 739 849 817 χαίρειν
875 739 968 808 αὐτούς

187 823 293 898 «ἔδει,
310 820 355 881 καί
371 820 554 902 σφαλλομένης
580 822 662 900 μηδὲν
685 825 851 904 ἐνδεέστερον
873 827 966 907 ἢπερλ

191 935 271 982 «τις
285 912 371 969 αὐτων
398 910 538 990 ἄχθεσθαι.
582 911 698 972 066’*
680 937 732 994 αρα
751 921 902 994 φθονοῦντες
917 920 967 999 οὐχ

185 1024 201 1055 ιι
218 1003 283 1075 ἡμῖν
298 998 375 1109 μόνον
392 1003 443 1059 τῶν
458 1002 525 1078 θγαθ
526 1004 563 1059 ῶν
512 999 653 1059 ellit
675 1002 720 1061 καί
744 1004 897 1072 ἑαυτοῖς
865 1028 911 1075 της
932 1007 965 1064 δι’

186 1110 203 1142 ε
221 1090 330 1163 ἡμᾶς
306 1088 427 1167 ευτυχίας
442 1087 588 1162 διετίλουν,
605 1089 650 1146 καί
665 1091 870 1158 τελευτῶντες
856 1116 890 1158 ως
903 1095 965 1151 οὐκ·

188 1199 204 1232 ε
224 1175 262 1234 ίτι
283 1176 404 1255 κατέχειν
428 1174 476 1249 τὴν
504 1131 617 1237 θπουλίον
646 1175 743 1259 ἔχθραν
765 1180 888 1239 ἐδύναντο
913 1179 964 1238 πό-

187 1287 204 1319 ε
224 1266 304 1340 λεμον
317 1265 381 1340 ἡμῖν
395 1271 534 1343 προεῖπον.
578 1263 716 1333 Μαθόντες
731 1264 754 1324 δ’
770 1271 843 1341 ἡμᾶς
859 1256 888 1325 τύ
902 1267 967 1345 πρὸς

188 1352 265 1412 «τὸν
292 1355 384 1431 ἀγῶνα
408 1352 689 1432 παρεσκευασμένους,
719 1356 754 1421 ὡς
789 1353 861 1414 οὐθὲν
879 1346 966 1416 οἷοίτ’

189 1432 289 1514 «ἦσαν
315 1444 478 1521 ἐργάσασθαι
501 1442 598 1511 κακὸν,
632 1443 668 1509 είς
690 1442 834 1519 διαλλαγὰς
856 1444 966 1504 ἐκάλουν

189 1529 267 1588 (καὶ
282 1529 383 1609 φιλίαν,
409 1528 455 1588 καί
472 1527 503 1587 et
532 1528 593 1610 περὶ
612 1532 658 1600 τ’ής
684 1529 823 1609 ἡγεμονίας
842 1537 924 1599 νεῖκος
939 1535 966 1590 ἐν

190 1642 206 1673 ιι
225 1619 308 1698 τρισὶν
324 1614 517 1698 ἀφ”ίκατέρας
538 1617 639 1682 πόλεως
660 1616 781 1694 σώμασιν
794 1616 883 1689 ἠξίουν
902 1643 966 1699 κρι-

190 1731 204 1763 ε
222 1712 310 1778 θῆναι.
354 1706 519 1783 Ἐδιξάμιθα
543 1705 592 1765 καλ·
612 1705 709 1774 ταύτας
723 1704 770 1774 τίις
788 1706 965 1787 προκλήσεις,

190 1820 206 1852 ιι
222 1796 265 1855 καὶ
288 1796 441 1869 νικήσαντες
461 1800 494 1877 τῇ
511 1795 586 1876 μάχη
607 1796 656 1867 τήν
681 1795 759 1855 πόλιν
779 1799 863 1855 αὐτῶν
888 1798 965 1878 ἔσχο-

191 1886 437 1967 εμενθποχείριον.
480 1884 554 1964 Φέρε
574 1885 606 1956 δὴ
625 1884 650 1942 τί
670 1886 737 1960 μετθι
748 1886 824 1943 ταῦτ’
834 1887 964 1957 ἐποιήσα-

195 1997 211 2028 ιι
227 1996 288 2050 μιν,
302 1973 378 2042 Ἐξδν
390 1977 455 2050 ἡμῖν
470 1972 559 2052 ὅμηρά
574 1975 599 2030 τ’
617 1974 703 2031 αὐτῶν
726 1973 816 2032 λαόεῖν
830 1973 876 2034 καί
891 1997 967 2054 φρου·

193 2062 272 2141 ιρθν
297 2066 324 2123 iv
343 2086 376 2141 τη
399 2061 475 2122 πόλει
500 2062 657 2121 καταλιπεῖν
676 2061 721 2120 καί
746 2058 806 2129 τούς
829 2085 968 2143 κορυφαιο·

193 2174 207 2206 ε
226 2150 319 2219 τάτους
332 2155 383 2209 τῶν
398 2149 598 2223 διαστησάντων
610 2148 657 2218 τδς
669 2150 758 2216 eote<
772 2150 832 2216 τοὺς
844 2149 892 2228 μὲν
906 2157 964 2211 άνε·

191 2264 206 2295 ιι
224 2240 294 2313 λεῖν,
310 2239 369 2305 τοὺς
386 2239 408 2298 δ’
424 2237 564 2312 inertes,
578 2237 712 2305 πολιτείας
727 2241 750 2295 τ’
766 2240 852 2297 αὐτῶν
867 2239 966 2316 κόσμον

193 2332 391 2405 «μεταστῆσαι
419 2350 483 2439 πρρς
508 2326 538 2385 τὸ
561 2332 626 2404 ἡμῖν
647 2326 796 2408 συμφέρον,
812 2327 857 2386 καί
878 2326 968 2435 χώρας

193 2440 209 2471 ι
224 2417 268 2475 καί
283 2416 430 2496 χρημάτων
448 2416 597 2493 άποδασμῶ
612 2418 762 2491 ζημιῶσαι,
775 2413 820 2473 καί
834 2412 899 2473 θ’
862 2438 967 2473 παντων

191 2497 363 2617 ερξστονήν
349 2503 527 2586 νάφελέσθαι
549 2503 583 2561 τά
607 2502 669 2561 ὅπλ’
686 2503 796 2576 αὐτούς,
820 2494 888 2571 ἐξ
867 2528 904 2562 ων
920 2506 966 2614 ἐγ-

193 2595 365 2676 εκρατεστίρ
352 2617 399 2675 ραν
423 2593 454 2652 δν
479 2591 566 2662 slve
570 2591 636 2672 ρχὴν
658 2592 891 2670 κατεστησάμεθα,
907 2594 966 2651 τού·

194 2710 208 2740 ι
224 2708 276 2743 των
293 2684 389 2760 μίνθ
360 2707 374 2740 ο
375 2681 433 2741 θδίν
455 2614 607 2757 ἠξιώσαμεν
625 2685 748 2754 ποιῆσαι,
767 2685 804 2763 τῷ
827 2681 968 2741 δίθσεθεῖ

194 2771 326 2849 «μᾶλλον
349 2771 424 2850 ἣτῷ
445 2771 561 2849 ἀσφαλεῖ
588 2772 635 2838 τῆς
665 2774 750 2850 ἀρχῆς
772 2769 968 2852 θπετρίψαμεν,

193 2884 206 2917 ι
223 2860 268 2919 καὶ
283 2861 313 2919 τὸ
325 2857 451 2937 εὐπρεπὲς
474 2858 503 2915 τὸ
518 2856 583 2939 πρὸς
604 2855 722 2923 ἅπαντας
740 2863 785 2916 τοῦ
799 2859 967 2917 λυσιτελούν-

193 2974 207 3007 ι
223 2973 267 3016 τος
285 2953 347 3024 ἡμῖν
363 2947 480 3027 κρεῖττον
495 2945 661 3025 ἡγησάμενοι
683 2946 907 3027 συνεχωρήσαμεν
921 2950 966 3006 αὖ·

194 3063 209 3093 ι
224 3046 279 3103 τοῖς
299 3036 404 3095 ἅπαντα
435 3033 468 3093 τά
492 3033 606 3116 σφέτερα
624 3039 800 3115 καρποῦσθαι,
814 3035 918 3096 Μίττον
940 3036 967 3093 δὲ

196 3150 211 3182 ι
229 3124 411 3202 Φουφίττιον,
428 3122 456 3183 δν
484 3122 559 3183 αὐτοὶ
577 3127 610 3201 τῇ
628 3122 739 3202 μεγίστη
758 3126 828 3205 άρχῇ
853 3124 968 3201 ίκόσμη-

193 3238 209 3269 ιι
224 3237 286 3286 σαν,
301 3216 336 3280 ὡς
351 3213 382 3285 δὴ
399 3212 538 3292 κράτιστον
554 3212 690 3271 ’iidemu
713 3213 819 3271 διοικεῖν
837 3211 871 3270 ei
892 3210 968 3270 redwit

192 3303 306 3384 «μέχρι
330 3309 377 3363 τοῦ
403 3301 532 3380 παρόντος
564 3302 702 3375 ιίάσαμεν.
747 3300 813 3361 ’rive’
835 3292 871 3360 ὧν
895 3300 967 3366 τίνας

192 3398 289 3469 «ἡμῖν
309 3392 424 3471 χάριτας
446 3389 513 3449 ieie
513 3413 592 3461 οσαν,
611 3389 690 3462 ήνίκα
719 3391 819 3467 μᾶλλον
843 3389 925 3468 φίλων
938 3411 967 3447 τε

192 3504 205 3538 ε
223 3482 267 3540 καλ
287 3478 437 3591 συμμάχων
453 3479 552 3545 εθνοίας
565 3479 628 3555 ἔδει,
640 3476 783 3539 άκούαατε
800 3477 966 3556 ἀπορρήτους

193 3592 208 3626 ε
226 3569 401 3649 ποιησάμενοι
414 3566 546 3638 συνθήκας
559 3567 673 3649 πρδς
634 3592 695 3634 τους
705 3566 805 3633 κοινους
816 3565 966 3675 πολεμίους,

196 3680 209 3713 ε
227 3660 262 3720 ύκ
273 3659 348 3715 ἔν’
314 3681 350 3735 τῳ
365 3658 446 3733 ἀγῶνι
467 3654 662 3731 συνεπιθησόμε
677 3677 701 3713 οι
715 3655 779 3731 ἡμῖν
795 3653 853 3728 μετ’
867 3654 965 3727 αὐτῶν,

197 3744 316 3813 «ἐπειδὴ
338 3743 450 3816 πλησίον
474 3743 597 3814 ἀλλήλων
618 3743 774 3853 ίγινόμεθμ,
799 3738 962 3800 καταλιπόν-

197 3856 212 3887 ιι
230 3855 271 3898 τες
288 3833 334 3905 τήν
348 3830 422 3900 τάξιν
436 3833 475 3913 ἐφ’
497 3832 529 3901 ἣν
552 3827 749 3910 ίτάχθησαν,
730 3851 831 3911 ωχοντο
849 3827 914 3907 πρὸς
933 3826 966 3886 τά

196 3946 210 3974 ι
226 3920 338 3992 πλησίον
364 3921 464 4002 όρηδρ
451 3919 524 4001 ρόμιρ
540 3916 831 4079 προκαταλαύεσθαι
814 3918 967 3983 σπεύδοντες

194 4033 207 4064 ι
224 4032 258 4069 τα
277 4009 373 4089 ὀχυρά.
417 4010 451 4070 lii
469 4005 517 4084 μίν
537 4031 582 4067 ουν
597 4005 665 4066 κατδι
680 4028 740 4065 νουν
755 4011 866 4084 ήπεῑρα
880 4006 966 4073 αὐτοῖς

194 4099 292 4179 ιε’χιύρ
279 4123 334 4178 ρει,
363 4097 436 4157 obtin
460 4095 545 4154 δν
520 4119 551 4155 το
578 4096 679 4156 κωλῦον
704 4085 736 4167 ήν
756 4093 875 4161 ἅπαντας
896 4098 967 4172 ἡμᾶς

194 4187 391 4248 ιάπολωλόναι
418 4185 598 4251 κυκλωθέντας
630 4187 683 4244 see
706 4206 735 4242 τι
760 4183 894 4260 πολεμίων
918 4187 964 4242 καλ

194 4300 207 4331 ι
225 4277 319 4355 φίλων,
336 4273 450 4340 καὶτοὺς
462 4272 574 4338 πολλοὺς
586 4276 634 4342 τῆς
647 4272 748 4339 πόλεως
761 4273 838 4346 ἡμῶν
852 4273 964 4350 ἀγῶνας,

194 4389 209 4419 ι
226 4362 270 4430 et<
285 4364 351 4442 ὑπὲρ
368 4366 415 4435 τῆς
437 4361 582 4441 ἡγεμονίας
604 4361 804 4440 ἠγωνισάμεθα,
831 4362 858 4421 iv
880 4359 966 4439 ἡμίρᾳ

194 4477 209 4508 ι
225 4454 402 4533 διαφθαρῆναι
421 4459 481 4532 μιᾷ.
524 4448 636 4521 Ἐπειδὴ
656 4451 684 4509 δὲ
703 4450 822 4510 διέπεσεν
837 4450 922 4509 αὐτῶν
937 4449 967 4508 τὸ

194 4564 208 4599 ε
225 4542 447 4619 βαύλευμα,θει”ιίν
455 4538 503 4618 μίν
510 4539 609 4605 εὐνοίας
617 4541 851 4619 προηγησαμένης·
861 4538 967 4604 ἁπάσας

194 4628 274 4709 «γάρ
289 4627 373 4708 ίγωγε
392 4630 439 4697 τὰς
458 4628 542 4696 καλάς
556 4628 601 4686 καὶ
622 4629 722 4706 ἀγαθὰς
745 4627 851 4706 πράξεις
863 4626 967 4693 ἐκείνοις

194 4717 381 4792 εάνατίθημι·
399 4715 490 4776 ίπιιτα
512 4718 557 4776 καὶ
581 4721 628 4787 τῆς
653 4718 718 4791 ἐμῆς
736 4713 897 4795 στρατηγίας
921 4716 967 4773 οὐκ

195 4830 210 4860 ι
226 4806 368 4885 ίλαχίστην
387 4816 480 4885 μοῖραν
495 4804 531 4873 είς
542 4828 571 4863 τε
591 4804 620 4861 τὸ
635 4804 690 4870 δεός
701 4807 754 4862 τῶν
769 4802 905 4878 πολεμίοιν
920 4803 966 4861 καὶ

194 4919 209 4949 ι
226 4895 261 4961 είς
278 4893 307 4952 τὸ
332 4893 426 4973 θάρσος
440 4895 469 4954 τὸ
490 4894 614 4971 ὑμέτερον
633 4890 852 4972 παρασχομένης·
882 4888 898 4947 6
915 4888 966 4970 γθιρ

193 5006 208 5038 ιι
228 4980 306 5063 [ipis]
322 4984 349 5041 ίν
368 4986 406 5061 τῷ
423 4981 476 5041 τότ’
493 4985 573 5060 ἀγῶνι
589 4980 669 5063 ἔφην,
684 4984 720 5047 ὡς
734 4982 779 5039 ὑπ’
797 4982 861 5056 ίμοῦ
873 4982 965 5038 κελευ-

194 5094 209 5128 ιι
228 5069 330 5138 σθίντες
362 5069 483 5129 'diescet
519 5068 824 5150 προκαταλαμάάνονται
848 5067 882 5126 τὰ
918 5070 965 5148 ὄρη

195 5159 382 5225 ικυκλιίισεως
403 5164 457 5218 τῶν
475 5160 610 5234 πολεμίων
631 5158 725 5235 ἕνεκα,
751 5156 897 5232 πλάσματα
920 5156 965 5214 καί

196 5272 210 5305 ε
226 5245 426 5323 στρατηγήματ’
440 5237 473 5318 ήν
493 5246 560 5321 ίμά·
585 5244 773 5325 κεχωρηκότων
787 5245 810 5303 δ’
823 5245 888 5320 ἡμῖν
911 5246 963 5299 τῶν

1736 452 1795 512 les

1021 596 1034 621 ο
1052 592 1116 641 erus,
1125 581 1190 645 ipsos
1199 581 1231 631 ab
1241 586 1345 633 Etrusco
1357 587 1383 632 et
1393 583 1554 634 Sabinobello
1568 585 1705 637 tutissimos
1716 589 1796 639 reddl·

1022 692 1035 719 ι
1051 677 1143 728 dimus.
1175 680 1256 730 Huius
1267 680 1350 743 itaque
1363 680 1431 731 urbis
1442 679 1559 732 felicitate
1568 684 1677 734 omnium
1687 687 1796 737 maxime

1021 796 1034 819 ι
1050 789 1093 826 eos
1112 777 1220 841 gaudere
1241 778 1387 843 oportebat,
1405 782 1430 829 et
1450 779 1525 829 rebus
1544 778 1655 831 adversis
1674 795 1722 832 non
1746 784 1796 834 mi·

1022 892 1035 916 ι
1052 887 1182 938 nusquam
1195 887 1248 926 sue
1264 875 1376 940 ipsorum
1390 875 1462 926 erbis
1481 875 1638 927 mtomeoe
1659 879 1723 942 angl.
1757 878 1796 929 illi

1022 989 1035 1014 ι
1051 984 1111 1022 rero
1125 986 1172 1021 non
1191 973 1271 1023 solum
1284 974 1354 1023 nobis
1368 972 1400 1024 ob
1424 987 1464 1025 res
1487 973 1621 1036 secundas,
1641 977 1683 1025 sel
1703 979 1729 1026 et
1750 976 1796 1026 sibi

1022 1088 1035 1112 a
1051 1067 1115 1133 ipsis
1132 1069 1165 1120 ob
1176 1073 1378 1149 prosperitatem,
1391 1086 1440 1136 qua
1455 1075 1539 1123 nostra
1552 1085 1626 1136 opera
1639 1073 1793 1129 fruebantur.

1021 1187 1033 1211 ι
1052 1170 1170 1232 perpetuo
1183 1168 1333 1229 inviderunt,
1348 1170 1374 1219 et
1384 1169 1498 1231 tandem,
1510 1183 1566 1219 cum
1578 1171 1703 1220 occultum
1713 1171 1797 1221 odium

1021 1282 1033 1306 ι
1050 1263 1155 1326 amplius
1166 1263 1291 1315 continere
1310 1279 1358 1315 non
1374 1271 1484 1330 possent,
1505 1267 1576 1318 nobis
1587 1268 1679 1319 bellum
1699 1269 1797 1320 indixe-

1021 1383 1033 1407 ι
1051 1366 1116 1413 runt.
1150 1363 1199 1415 Sed
1214 1363 1258 1414 ubi
1277 1365 1392 1415 viderunt
1405 1378 1450 1414 nos
1473 1364 1505 1415 ad
1530 1370 1655 1416 certamen
1671 1368 1733 1417 bone
1751 1382 1796 1432 pa-

1023 1480 1036 1507 ι
1052 1467 1133 1523 ratos,
1144 1466 1170 1514 et
1183 1463 1243 1513 nillil
1261 1463 1400 1514 detrimenti
1412 1477 1440 1513 se
1458 1463 1528 1513 nobis
1551 1464 1641 1516 ailerre
1657 1480 1745 1530 posse,
1766 1467 1797 1515 ud

1022 1560 1273 1611 «reconciliationem
1295 1563 1320 1610 et
1336 1559 1469 1610 amicitiam
1492 1573 1537 1609 nos
1557 1560 1709 1620 invitarunt,
1725 1565 1750 1611 el
1769 1568 1797 1611 nt

1022 1679 1033 1701 ι
1052 1658 1220 1708 controversia
1237 1658 1316 1707 iliade
1325 1656 1461 1721 principatu
1470 1659 1598 1707 ternorum
1610 1657 1741 1720 utriusque
1752 1671 1797 1705 ur·

1021 1775 1033 1798 ιι
1052 1754 1091 1804 bis
1109 1755 1218 1804 virorum
1231 1754 1339 1818 periculo
1351 1755 1528 1806 decerneretur
1548 1754 1682 1819 petierunt.
1724 1760 1797 1804 dcce-

1021 1869 1034 1895 ι
1051 1852 1132 1914 pimus
1151 1850 1225 1902 etiam
1241 1851 1286 1901 iras
1298 1850 1451 1901 conditiones
1464 1850 1536 1902 nobis
1551 1851 1649 1902 oblatas
1667 1853 1693 1900 et
1704 1851 1730 1900 ln
1744 1863 1798 1900 cer-

1022 1968 1034 1991 «
1052 1949 1144 1998 lamine
1155 1950 1264 1999 rlclores
1286 1949 1373 1999 urbem
1383 1963 1468 1999 eorum
1479 1948 1506 1999 in
1518 1950 1631 2000 nostram
1642 1951 1795 2014 potestatem

1021 2057 1199 2122 «redegimus.
1242 2058 1302 2120 Eia,
1326 2058 1385 2122 quid
1411 2061 1497 2122 postea
1523 2058 1650 2110 fecimus?
1678 2060 1740 2108 Cum
1765 2057 1796 2109 li-

1022 2177 1035 2203 «
1053 2162 1122 2210 cerel
1146 2158 1217 2209 nobis
1244 2156 1343 2209 obsides
1367 2171 1453 2211 eorum
1478 2171 1580 2224 capere,
1606 2161 1633 2210 et
1652 2158 1797 2223 presidium

1022 2255 1077 2306 «ln
1098 2256 1159 2308 urbe
1181 2255 1332 2320 relinquere,
1352 2259 1377 2306 ct
1397 2257 1535 2321 precipuos
1560 2258 1676 2308 auctores
1702 2256 1798 2307 dissidii

1023 2372 1036 2398 ι
1052 2354 1116 2406 inter
1125 2356 1223 2406 nostras
1234 2354 1349 2404 civitates
1361 2353 1442 2404 exorti
1455 2355 1496 2405 rel
1508 2364 1595 2404 necare
1610 2354 1650 2404 rel
1662 2355 1753 2418 pellere
1774 2354 1799 2403 in

1023 2471 1036 2496 ι
1054 2453 1168 2515 exilium,
1181 2456 1207 2503 et
1232 2466 1319 2503 eorum
1336 2452 1480 2518 reipublicae
1506 2454 1610 2503 termam
1632 2452 1665 2503 ad
1689 2458 1800 2502 nostram

1023 2573 1036 2597 ι
1055 2551 1187 2607 utilitatem
1213 2555 1324 2612 mutare,
1353 2556 1379 2602 et
1398 2552 1449 2615 agri
1468 2556 1495 2602 et
1514 2550 1637 2602 bonorum
1665 2556 1735 2616 parte
1758 2567 1801 2603 eos

1024 2648 1185 2710 «mulctare,
1208 2651 1234 2698 et
1265 2647 1473 2710 (quodomnium
1496 2653 1551 2698 erat
1575 2647 1732 2711 facillimum)
1756 2662 1800 2701 eos

1024 2745 1129 2796 smmis
1159 2745 1279 2810 spoliare,
1311 2745 1401 2808 quibus
1434 2744 1511 2795 rebus
1533 2745 1799 2808 nos'inrm'imperiom

1023 2863 1035 2887 ι
1050 2843 1128 2907 magis
1139 2841 1317 2903 firmassemus3
1332 2842 1392 2893 nibil
1407 2846 1490 2894 lernen
1508 2844 1595 2893 noram
1618 2843 1699 2893 iacere
1719 2843 1798 2893 rotul-

1023 2958 1036 2983 ιι
1052 2952 1123 2999 mus,
1143 2938 1261 2989 malorem
1283 2938 1383 3003 pletatis
1406 2951 1480 3002 quam
1502 2937 1580 2989 nostri
1598 2937 1797 3002 imperiiincolu·

1023 3058 1035 3082 ι
1053 3038 1148 3088 miletis
1173 3039 1292 3089 rationem
1313 3036 1459 3089 babentes:
1482 3040 1507 3088 et
1522 3039 1627 3087 licitum
1653 3036 1794 3102 Fufidium,

1022 3156 1034 3180 ι
1052 3150 1126 3201 ouem
1144 3136 1190 3200 ipsi
1214 3150 1311 3187 summo
1338 3136 1483 3201 magistratu
1512 3137 1642 3197 ornarant,
1671 3138 1798 3200 tanlquam

1021 3254 1034 3279 ι
1051 3235 1161 3286 omnium
1175 3235 1325 3287 Albanorum
1343 3234 1589 3298 prosuntissimum,
1606 3230 1703 3282 adhoc
1721 3246 1800 3296 usque

1022 3362 1034 3385 ι
1052 3344 1151 3405 tempas
1161 3340 1339 3406 rempublicam
1353 3339 1528 3391 administrare
1539 3338 1607 3403 possi
1622 3351 1718 3389 sumus.
1754 3340 1800 3391 rm

1022 3458 1035 3484 ι
1052 3438 1142 3502 quibus
1161 3437 1287 3488 beneficiis
1299 3449 1373 3500 quam
1387 3439 1490 3501 matiam
1503 3436 1574 3487 nobis
1593 3437 1737 3496 retulerint,
1750 3449 1799 3500 qno

1023 3559 1035 3583 ι
1053 3543 1166 3602 tempore
1183 3537 1340 3602 potissimum
1359 3535 1494 3586 amlcorum
1515 3536 1540 3585 et
1558 3535 1682 3586 sociorum
1695 3537 1800 3587 benevo-

1022 3654 1034 3679 ι
1052 3634 1127 3684 tentia
1149 3633 1221 3683 nobis
1239 3646 1302 3697 opus
1317 3636 1384 3689 erat,
1401 3633 1494 3682 aedile.
1528 3633 1593 3682 Clam
1617 3646 1672 3682 cum
1686 3630 1800 3682 hostibus

1021 3751 1034 3776 ι
1051 3729 1222 3781 communibus
1237 3729 1311 3793 pacti,
1325 3733 1352 3778 ut
1365 3729 1390 3778 in
1402 3729 1454 3793 ipsa
1467 3742 1603 3792 pugnanos
1615 3742 1731 3779 unacum
1744 3729 1797 3778 illis

1022 3849 1035 3873 ι
1052 3827 1211 3888 invaderent,
1227 3840 1283 3877 cnm
1306 3826 1372 3876 acies
1390 3826 1513 3889 utrimque
1533 3828 1596 3876 inter
1619 3840 1646 3876 se
1668 3825 1799 3890 appropin-

1022 3949 1034 3973 ι
1052 3930 1183 3992 quassent,
1196 3925 1296 3976 deserto
1308 3925 1361 3975 loco
1378 3925 1403 3974 ln
1424 3938 1475 3989 quo
1486 3924 1600 3974 collocati
1618 3926 1706 3986 erent,
1724 3937 1798 3974 cursu
1888 3962 1892 3971 ,

1022 4046 1034 4069 «
1051 4024 1083 4076 ad
1101 4022 1227 4089 proximos
1236 4025 1333 4073 montes
1343 4022 1539 4080 contenderunt,
1557 4020 1612 4070 loco
1626 4020 1720 4069 inunita
1733 4032 1797 4082 pre-

1020 4150 1033 4174 «
1050 4140 1172 4192 occupare
1183 4128 1318 4193 cupientes.
1352 4123 1377 4175 Si
1392 4123 1467 4188 igitur
1485 4123 1648 4174 conatusiste
1664 4123 1726 4188 ipsis
1738 4138 1797 4176 suc-

1020 4253 1033 4277 «
1050 4231 1174 4293 cessisset,
1185 4229 1246 4281 nibil
1256 4227 1425 4294 impedivisset
1431 4240 1482 4290 qtlb
1490 4228 1570 4277 minus
1578 4241 1624 4279 nos
1634 4240 1720 4280 omnes
1731 4232 1757 4280 et
1765 4229 1797 4278 ab

1021 4357 1033 4380 ι
1051 4334 1163 4384 lrostibus
1174 4335 1200 4383 et
1212 4333 1297 4382 amieis
1309 4329 1470 4381 circumventi
1480 4329 1626 4393 periremus,
1640 4329 1745 4380 etmulti
1757 4329 1797 4379 la-

1021 4448 1033 4472 «
1052 4428 1131 4487 bores,
1154 4438 1272 4488 quospro
1296 4428 1388 4474 nostrae
1408 4421 1516 4474 civitatis
1538 4423 1641 4487 imperio
1662 4422 1795 4481 sublimus,

1021 4540 1033 4564 ι
1052 4533 1101 4569 uno
1129 4518 1171 4569 die
1197 4519 1333 4569 interirent.
1367 4517 1416 4569 sed
1435 4521 1566 4582 postquam
1589 4529 1674 4568 eorum
1695 4514 1795 4567 consilia

1020 4628 1033 4654 ι
1051 4608 1121 4659 irrita
1138 4611 1196 4658 sunt
1213 4607 1294 4670 iacta,
1311 4608 1417 4672 primum
1428 4607 1528 4671 quidem
1548 4606 1650 4655 deorum
1666 4602 1794 4668 beneficio,

1021 4716 1034 4743 ι
1052 4697 1153 4763 (omnes
1166 4696 1230 4747 enim
1241 4708 1282 4745 res
1298 4695 1417 4759 preclare
1430 4699 1456 4746 et
1472 4695 1534 4745 bene
1551 4695 1631 4756 gestas
1648 4690 1695 4740 illis
1711 4704 1796 4755 accep-

1022 4816 1035 4839 «
1052 4798 1091 4847 tas
1101 4793 1169 4856 tero)
1185 4791 1346 4842 deluderem
1360 4792 1422 4842 meis
1439 4789 1603 4853 imperatoriis
1615 4787 1724 4849 artibus,
1739 4802 1795 4853 quae

1024 4905 1035 4931 ι
1053 4881 1121 4934 baud
1137 4894 1223 4946 pamm
1237 4880 1345 4930 hostium
1361 4884 1480 4929 terrorem
1492 4880 1517 4928 et
1536 4880 1643 4927 vestram
1666 4875 1794 4928 audaciam

1020 4994 1033 5018 ι
1048 4975 1179 5034 auserunt,
1194 4969 1266 5033 (nam
1285 4982 1341 5032 que
1361 4981 1406 5031 ego
1421 4969 1482 5018 tunc
1501 4966 1526 5016 in
1548 4965 1633 5029 proelio
1650 4966 1717 5029 dixi,
1738 4981 1794 5019 mco

1021 5083 1033 5107 ι
1050 5062 1120 5112 iussu
1135 5058 1167 5110 ab
1183 5057 1282 5109 Albanis
1296 5062 1391 5108 montes
1404 5057 1587 5120 preoccupati,
1601 5059 1628 5104 ut
1643 5055 1727 5107 hostes
1747 5057 1793 5106 cir·

1020 5149 1257 5209 «convenirentur,
1280 5148 1417 5197 commento
1432 5148 1458 5195 et
1476 5146 1651 5207 stratagemate
1672 5158 1726 5194 mea
1740 5145 1791 5193 iuc-

1021 5269 1034 5293 ι
1053 5246 1138 5311 runt),
1153 5224 1267 5297 omnibus
1287 5245 1361 5297 rebus
1374 5242 1446 5295 nobis
1464 5257 1493 5294 ex
1513 5245 1571 5295 roto
1589 5241 1790 5301 succedentibus,
1827 5304 1830 5309 Ι
