4068 5924
283 389 327 451 88
799 395 967 457 DIONYSII
988 396 1365 463 HALIGARNASSENSIS

276 524 358 600 μύλος
372 522 572 601 ἐνομοθέτησεν,
590 523 616 593 ἐξ
630 516 665 584 ὧν
690 527 870 607 κοσμιωτέρας
892 528 971 596 αύτθς
990 530 1051 607 περί
1105 539 1137 589 de
1150 539 1293 590 mulieribus
1309 540 1380 602 tulit,
1397 541 1488 607 quibus
1500 557 1541 593 eas
1556 557 1612 608 erga
1625 549 1728 597 maritos
1742 549 1880 603 modestin-

275 610 335 679 eote
356 610 451 690 ἄνδρας
475 614 669 691 ἀπειργάσατο,
693 618 769 672 ταῦτ’
799 619 879 674 ἐστιν·
921 616 938 674 θ
966 618 990 676 θ’
1015 620 1052 685 εἷς
1104 650 1144 687 res
1156 638 1270 691 reddidit.
1303 643 1463 704 legemem,
1477 657 1539 706 quas
1550 645 1607 695 tulit
1620 645 1796 698 deliberemus
1810 664 1879 702 rere·

275 702 341 759 αἰδῶ
355 699 400 758 καί
417 702 583 771 δικαιοσύνην
605 701 707 760 παίδων
718 746 726 775 ,
737 701 781 760 ἵνα
797 703 896 763 σίόωσι
917 705 977 774 τοὺς
996 730 1050 765 πα-

274 788 352 869 τέρας
377 787 483 846 ἅπαντα
503 789 660 866 πράττοντές
678 811 706 846 τε
732 791 777 849 καί
802 791 919 868 λέγοντες
948 793 990 851 ὅτ’
1018 793 1050 854 du
1105 841 1111 852 .

232 887 246 926 θ
275 876 370 934 ἐκεῖνοι
384 873 543 944 κελεύωσιν,
564 875 603 934 ἔτι
618 876 716 935 τούτων
729 866 762 947 ἦν
778 881 921 960 σεμνότερα
936 880 981 939 καὶ
997 905 1046 959 με·

275 963 507 1044 γαλοπρεπέστερα
524 963 570 1020 καὶ
584 964 684 1033 πολλὴν
700 964 795 1044 έχοντα
818 969 891 1046 παρὰ
907 972 967 1037 τοὺς
980 975 1050 1045 ἡμε-

274 1054 364 1131 τέρους
379 1054 473 1127 νόμους
492 1053 631 1132 διαφοράν.
675 1053 711 1113 Οἱ
727 1052 775 1131 μίν
789 1053 839 1132 γὰρ
854 1054 902 1123 τθις
920 1055 1046 1128 Ἕλληνι-

251 1171 253 1174 >
274 1138 320 1206 κθς
336 1137 568 1216 καταστησάμενοι
587 1139 719 1209 πολιτείας
743 1142 844 1222 βραχύν
870 1167 928 1203 τινα
951 1148 1047 1228 κομιδῇ

275 1228 368 1307 χρόνον
390 1226 484 1295 έταξαν
504 1226 630 1306 ἄρχεσθαι
645 1228 705 1295 τοῦς
719 1230 812 1297 παῖδας
828 1231 879 1291 ὑπὸ
897 1236 948 1291 τῶν
963 1234 1046 1293 πατέ-

229 1337 255 1378 10
275 1338 346 1395 ρων,
360 1315 445 1392 οἱμὲν
460 1318 508 1383 ἐως
519 1315 605 1394 τρίτον
620 1317 825 1397 ἐκπληρώσωσιν
836 1319 881 1400 ἐφ’
895 1319 964 1393 ἥόης
978 1320 1047 1389 ἔτος·

273 1405 297 1462 ui
315 1404 338 1462 δ’
357 1400 415 1463 ὅσον
439 1402 469 1461 δν
491 1402 584 1483 χρόνον
606 1399 689 1477 ἠίθεοι
715 1405 842 1482 μένωσιν·
866 1409 889 1466 el
912 1408 939 1467 δέ
965 1408 1045 1489 μέχρι

271 1493 318 1561 τῆς
330 1491 364 1557 είς
377 1488 410 1546 τδι
421 1490 515 1569 ἀρχεῖα
524 1489 558 1548 ab
571 1488 675 1566 δημόσι’
685 1493 833 1573 ἐγγραφῆς,
845 1496 881 1560 ὡς
892 1497 922 1553 έιι
935 1498 981 1567 τῆς
994 1496 1047 1556 Σό-

271 1579 353 1644 λωνος
371 1576 417 1636 κοιλ
431 1578 567 1637 Πιττακοῦ
589 1579 635 1637 καί
650 1579 794 1659 Χαρώνδου
810 1584 961 1657 νομοθεσίας
975 1583 1044 1662 ἐμα-

271 1672 331 1738 θον,
351 1656 388 1731 οἷς
408 1664 494 1737 πολλὴ
511 1674 683 1746 μαρτυρεῖται
704 1667 858 1747 φιλοσοφία·
873 1670 1003 1751 τιμωρίας
1016 1695 1045 1732 τε

217 1775 242 1815 ιιι
270 1752 342 1813 κατὰ
355 1757 407 1812 τῶν
426 1751 527 1812 παίδων
543 1752 638 1823 ἔταξαν
647 1801 656 1831 ,
670 1754 713 1813 ἐὰν
730 1758 857 1817 ἀπειθῶσι
872 1768 925 1827 τοῖς
941 1762 1044 1841 πατρά·

270 1865 324 1915 σιν,
347 1842 377 1900 ού
398 1839 523 1921 βαρείας,
546 1839 670 1909 ἐξελάσαι
688 1846 735 1913 τῆς
755 1844 839 1911 οἰκίας
861 1848 1046 1927 ίπιτρίψαντες

269 1928 361 1997 αύτούς
382 1930 427 1988 καὶ
449 1929 578 2010 χρήματα
604 1930 642 2004 μὴ
666 1932 838 2005 καταλιπεῖν,
856 1936 1003 2015 περαιτέρω
1021 1934 1044 1994 δ’

268 2015 354 2077 οὐδέν.
399 2019 461 2078 Εἰσὶ
476 2017 498 2076 δ’
513 2020 563 2097 οὐχ
576 2019 665 2077 ἱκαναί
682 2027 828 2099 κατασχεῖν
847 2021 937 2080 ἄνοιαν
950 2022 1042 2095 νεότη-

267 2128 310 2170 τος
324 2104 369 2164 καὶ
383 2106 522 2164 αὐθάδειαν
532 2105 636 2184 τρόποιν
646 2149 655 2184 ,
666 2107 720 2165 οὐδ’
731 2108 766 2173 είς
777 2108 807 2165 τὸ
818 2112 921 2187 σῶφρον
932 2111 1040 2188 άγαγεῖν

213 2213 241 2255 ει)
268 2192 327 2262 τοῦς
347 2193 516 2270 ἠμεληκότας
533 2196 586 2252 τῶν
605 2195 695 2253 καλῶν
716 2197 744 2254 ul
768 2196 887 2273 μαλακαὶ
903 2196 1041 2275 τιμωρίαι.

266 2282 408 2360 Τοιγάρτοι
423 2281 510 2341 πολλθ
523 2283 550 2340 ἐν
562 2280 693 2354 Ἕλλησιν
704 2282 755 2345 ὑπὸ
769 2282 866 2343 τέκνων
874 2286 917 2353 ,εἰς
926 2282 1043 2365 πατέρας

267 2371 468 2450 ἀσχημονεῖται.
510 2368 546 2431 Ὁ
560 2369 588 2429 δέ
601 2373 654 2429 τιῦν
665 2368 807 2449 Ῥωμαίων
822 2371 962 2448 νομοθέτης
973 2373 1044 2432 άπα-

267 2481 330 2531 σαν,
348 2461 382 2525 ὡς
396 2459 491 2532 εἰπεῖν,
504 2457 601 2519 ἔδωκεν
617 2459 735 2528 ἐξουσίαν
749 2460 830 2541 πατρί
844 2464 904 2520 καθ’
919 2466 977 2521 υἱοῦ
997 2462 1043 2520 καί

267 2544 341 2625 παρδι
353 2546 441 2604 πάντα
455 2546 499 2605 τὸν
512 2551 557 2606 τοῦ
574 2547 632 2625 βίου
645 2547 755 2627 χρόνον,
771 2548 816 2606 ίοίν
831 2550 854 2606 τ’
869 2548 984 2628 εἴργειν,
998 2550 1043 2607 ίοίν

212 2657 239 2698 as
268 2658 297 2693 τε
313 2640 475 2713 μαστιγοῦν,
500 2635 546 2695 ἐάν
568 2658 596 2693 τε
618 2634 725 2711 δέσμιον
750 2634 861 2695 ἐπὶτῶν
884 2635 944 2694 κατ’
963 2637 1042 2717 σἰγρὸν

268 2723 351 2809 ἔργων
379 2724 523 2803 κατέχειν,
545 2723 591 2782 ἐάν
615 2725 640 2783 τ’
657 2723 846 2783 ἀποκτιννύναι
864 2729 1040 2806 προαιρῆται,

268 2808 318 2869 κᾶν
333 2809 366 2868 τὰ
381 2810 505 2871 πολιτικὰ
519 2810 643 2891 πράττων
664 2815 678 2870 θ
694 2815 756 2880 παῖς
770 2811 822 2884 ἤδη
836 2812 972 2892 τυγχάνῃ,
993 2811 1042 2871 κᾶν

265 2902 292 2957 ἐν
305 2900 399 2978 ἀρχαῖς
412 2907 470 2967 ταῖς
483 2899 619 2976 μεγίσταις
629 2898 819 2977 ἐξεταζόμενος,
832 2900 881 2958 κᾶν
891 2901 935 2959 διὰ
947 2902 995 2972 τὴν
1007 2902 1042 2967 είς

264 2986 299 3046 τθι
312 2987 387 3047 κοινὰ
404 2988 554 3068 φιλοτιμίαν
571 2989 766 3064 ἐπαινούμενος.
810 2989 887 3048 Κατὰ
902 2989 994 3046 τοῦτόν
1013 2989 1044 3067 γέ

211 3096 238 3138 ac
265 3099 305 3133 τοι
325 3076 369 3134 τὸν
391 3077 470 3152 νόμον
491 3077 580 3157 ἄνδρες
602 3077 733 3155 ἐπιφανεῖς
753 3076 917 3156 δημηγορίας
939 3076 1044 3145 διεξιόν·

264 3185 307 3229 τες
319 3165 362 3222 ἐπὶ
376 3166 427 3221 τῶν
444 3162 565 3239 έμθολων
591 3164 709 3230 ἐναντίας
729 3163 822 3241 pirri
840 3166 936 3242 βουλῇ,
958 3188 1041 3243 κεχα-

267 3254 391 3329 ρισμένας
404 3253 430 3309 δὲ
440 3253 494 3318 τοῖς
507 3250 732 3327 δημοτικοῖς,καὶ
745 3251 835 3337 σφόδρ’
848 3253 1043 3335 εὐδοκιμοῦντες

266 3339 310 3398 ἐπὶ
323 3339 447 3415 ταύταις,
463 3340 693 3406 κατασπασθέντες
706 3339 758 3398 ἀπὸ
772 3346 819 3398 τοῦ
835 3341 954 3419 βήματος
970 3340 1041 3412 ἀπή-

265 3434 368 3506 χθησαν
384 3429 433 3487 ὑπὸ
448 3432 499 3487 τῶν
510 3428 645 3509 πατέρων,
660 3429 693 3501 ἣν
707 3427 739 3487 ἂν
755 3428 862 3494 έκείνσις
876 3430 945 3510 φανῇ
958 3449 1042 3505 τιμω-

210 3539 238 3579 at
268 3517 324 3596 ρίαν
340 3516 488 3597 ὑφέξοντες·
503 3515 546 3584 οῦς
564 3516 747 3594 ἀπαγομένους
763 3517 806 3574 διὰ
821 3520 868 3586 τῆς
882 3518 978 3595 ἀγορᾶς
995 3517 1042 3575 οὔ·

267 3607 318 3673 δεῖς
332 3610 383 3665 τῶν
395 3605 533 3685 παρόντων
548 3603 680 3674 ἐξελέσθαι
692 3603 799 3670 δυνατὸς
810 3595 856 3675 ἦν,
874 3600 928 3661 οὔθ’
946 3600 1044 3670 θπατος

264 3694 324 3755 οῦτε
335 3695 470 3776 δήμαρχος
479 3693 533 3754 οὔθ’
546 3693 774 3770 θκολακευόμενσς
784 3691 827 3752 ὑπ’
841 3693 926 3749 αὐτῶν
936 3691 981 3749 καὶ
990 3698 1042 3749 πᾶ-

265 3804 315 3842 σαν
334 3782 453 3851 ἐξουσίαν
468 3781 569 3841 ἐλάττω
582 3786 629 3853 τῆς
649 3783 716 3849 ἰδίας
735 3771 803 3839 εἶναι
821 3779 932 3856 νομίζων
952 3779 1040 3859 όχλος.

265 3870 321 3930 'Ed
335 3871 386 3952 γάρ
401 3870 486 3950 λέγειν
507 3871 582 3939 ὅσους
598 3871 753 3933 ἀπέκτειναν
772 3872 796 3931 οἱ
811 3871 921 3950 πατέρες
945 3870 1041 3946 ἄνδρας

210 3980 239 4027 ης
266 3960 376 4035 ἀγαθούς
387 3959 430 4019 ὑπ’
442 3965 535 4040 ἀρετῆς
546 3961 593 4020 καί
604 3959 750 4041 προθυμίας
761 3959 847 4038 έτερόν
858 3982 884 4015 τι
895 3956 1042 4036 διαπράξα-

267 4052 329 4103 σθαι
349 4058 467 4124 γενναῖον
487 4048 563 4127 ἔργον
576 4050 775 4129 προαχθέντας,
789 4046 803 4105 θ
823 4045 861 4124 μὴ
876 4044 1041 4126 προσέταξαν

268 4135 356 4199 αὐτοῖς
367 4139 392 4192 οἱ
406 4135 531 4213 πατέρες,
546 4137 666 4216 καθάπερ
682 4138 725 4196 ἐπί
738 4134 860 4195 Μαλλίου
872 4135 1042 4213 Τορκουάτου

266 4220 312 4281 καὶ
328 4224 431 4279 πολλῶν
450 4223 538 4281 ἄλλων
553 4226 768 4306 παρειλήφαμεν,
782 4223 846 4303 ίιπθρ
862 4217 898 4280 ὧν
913 4222 984 4282 κατὰ
996 4224 1040 4283 τδν

266 4312 360 4370 οἰκεῖον
375 4309 465 4388 καιρδν
482 4313 542 4390 ἐρῶ.

211 4425 237 4465 ιτ
307 4398 425 4459 llell.
442 4398 498 4457 Καὶ
516 4400 570 4457 οὐδ’
585 4402 684 4459 ἐνταῦθ’
697 4400 760 4470 ἔστη
771 4404 819 4468 τῆς
831 4397 945 4465 ἐξουσίας
961 4400 975 4455 θ
990 4401 1042 4457 τῶν

265 4486 408 4562 Ῥωμαίων
432 4485 592 4564 νομοθέτης,
614 4486 683 4546 ἀλλὰ
706 4488 752 4548 καὶ
773 4488 870 4548 πωλεῖν
895 4490 976 4566 ἐφῆκε
997 4487 1042 4545 τδν

266 4576 321 4635 υῖθν
339 4580 376 4657 τῷ
394 4579 492 4657 πατρί,
513 4574 588 4635 οὐδὲν
608 4576 777 4659 ἐπιστραφείς
795 4576 820 4635 εί
833 4599 872 4643 τις
884 4574 957 4650 ὠμδν
978 4578 1043 4634 θπο·

266 4664 378 4743 λήψεται
399 4664 429 4724 τθ
449 4663 615 4746 συγχώρημα
637 4664 683 4723 καί
711 4665 853 4745 βαρύτερον
872 4663 890 4736 ἢ
906 4662 975 4721 κατθ
994 4660 1043 4735 τὴν

267 4753 379 4835 φυσικὴν
395 4756 571 4834 συμπάθειαν.
616 4755 672 4815 Καὶ
685 4753 700 4813 δ
714 4755 819 4812 πάντων
838 4754 953 4830 μάλιστα
975 4755 1041 4810 θαν-

210 4863 240 4903 ον
268 4843 374 4919 μάστιεν
395 4844 426 4902 ἄν
442 4868 480 4911 τις
495 4844 547 4904 tab
561 4846 616 4915 τοῖς
626 4844 793 4917 Ἑλληνικοῖς
813 4842 888 4915 ἤθεσι
902 4842 956 4909 τοῖς
970 4842 1043 4900 έκλε·

267 4933 388 5006 λυμένοις
416 4934 524 5014 τραφείς
550 4938 585 5001 ὡς
615 4933 707 5014 πικρὸν
729 4932 776 4992 καί
798 4928 969 5010 τυραννικὸν,
996 4925 1043 4989 καί

266 5025 342 5080 τοῦτο
369 5021 536 5101 συνεχώρησε
559 5026 597 5102 τῷ
623 5020 720 5101 πατρλ,
746 5020 825 5100 μέχρι
851 5017 940 5099 τρίτης
969 5020 1041 5099 πρά-

267 5133 332 5178 σεως
349 5113 394 5190 ἀφ’
407 5116 463 5171 υἱοῦ
480 5104 716 5192 χρηματίσασθαι,
729 5111 837 5187 μείζονα
851 5110 909 5178 δούς
923 5108 1042 5178 ἐξουσίαν

266 5199 348 5279 πατρί
362 5199 431 5258 κατθ
445 5201 537 5266 παιδὸς
552 5199 568 5271 it
584 5200 697 5279 δεσπότῃ
717 5199 784 5257 κατὰ
802 5199 912 5258 δούλων.
955 5198 1043 5276 Θερα·
1067 5243 1073 5257 .

1104 737 1182 787 rentia
1204 741 1229 788 et
1244 740 1336 803 pielnte
1358 754 1416 805 erga
1429 748 1556 807 parentes,
1571 749 1599 796 ut
1615 759 1659 796 ecs
1671 747 1780 800 colerent
1798 751 1882 802 omnia

1104 855 1171 891 iussa
1191 842 1308 892 facientes
1326 847 1352 894 et
1370 845 1583 917 verentes‚lunge
1595 848 1715 900 maiorem
1734 850 1881 915 gravitatem

1103 943 1130 991 et
1142 939 1296 1004 splendorem
1311 941 1416 1006 babent,
1431 947 1455 994 et
1470 949 1567 995 nostras
1581 946 1648 1012 teges
1667 948 1738 1013 longe
1753 953 1881 1015 superant.
1930 926 1936 934 ι

1103 1042 1226 1101 Quicnim
1235 1045 1888 1119 Graecasrerumpublicammiurmaseunstituerunt,

1104 1146 1200 1225 tempus
1213 1143 1337 1207 quoddam
1349 1145 1483 1197 admodum
1493 1148 1568 1199 breve
1581 1152 1721 1202 statuerunt
1735 1154 1819 1216 patrie
1831 1168 1881 1218 ρο-

1103 1244 1200 1295 testatis
1215 1244 1241 1295 in
1252 1245 1361 1296 liberos:
1376 1248 1417 1297 alii
1430 1248 1545 1312 quidem,
1558 1251 1637 1302 donee
1649 1254 1748 1304 tertium
1758 1256 1880 1318 puberta-

1102 1343 1134 1394 tis
1147 1359 1239 1395 annum
1250 1346 1414 1410 explevissent
1430 1350 1489 1401 :elii
1502 1364 1562 1401 vero
1575 1353 1692 1416 quamdiu
1702 1356 1799 1407 emlibes
1810 1372 1879 1408 man-

1101 1446 1190 1497 sissent
1211 1462 1218 1493 :
1240 1447 1280 1499 aiii
1301 1463 1360 1500 veru
1381 1448 1460 1501 denec
1474 1450 1571 1514 publice
1593 1452 1658 1501 inter
1679 1454 1745 1504 rims
1763 1455 1881 1521 adscripti

1100 1547 1197 1609 essent,
1210 1548 1240 1595 ut
1259 1558 1399 1609 acceperam
1419 1547 1559 1612 exlegibus
1582 1549 1677 1599 Selenis
1698 1552 1724 1600 et
1745 1551 1832 1603 Pittaci
1850 1556 1877 1603 et

1100 1641 1251 1703 liberandus,
1268 1657 1374 1709 quorum
1390 1658 1477 1708 magna
1492 1646 1611 1709 sapientia
1621 1648 1654 1698 ab
1665 1647 1779 1699 omnibus
1790 1648 1876 1700 buda·

1099 1742 1170 1789 tur:
1198 1738 1243 1806 qui
1266 1753 1354 1805 pinnas
1382 1741 1406 1790 in
1429 1742 1588 1792 contumaces
1613 1742 1703 1793 liberos
1737 1747 1878 1797 statuerunt

1098 1847 1146 1884 nun
1158 1848 1263 1898 graves,
1275 1834 1447 1900 permittentes
1459 1837 1570 1900 patribus
1581 1840 1611 1888 ut
1624 1852 1668 1889 eos
1678 1839 1753 1890 dume
1765 1843 1876 1906 expelle·

1097 1937 1153 1984 rent
1164 1938 1190 1985 et
1207 1935 1401 1998 esberedsmnt,
1414 1937 1481 1987 ultra
1491 1950 1552 1988 reru
1562 1937 1632 1990 nibil.
1665 1940 1808 1992 ldaeautem
1825 1955 1878 1993 nun

1097 2030 1224 2083 sufficiunt
1236 2033 1269 2084 ad
1278 2022 1480 2098 compescendam
1495 2035 1632 2086 iuventutis
1640 2036 1759 2088 insaniam
1770 2042 1796 2089 et
1805 2037 1877 2101 inue-

1098 2129 1133 2178 nii
1146 2129 1297 2181 suauitatem
1309 2146 1315 2177 :
1329 2144 1410 2196 neque
1419 2133 1523 2195 possunt
1534 2131 1602 2183 leves
1615 2146 1694 2196 poerrm
1706 2147 1787 2185 rerum
1799 2133 1878 2185 bune-

1099 2230 1193 2279 starum
1204 2231 1385 2294 contemptores
1395 2229 1627 2281 admoderalienem
1637 2232 1765 2285 reducere.
1796 2233 1881 2290 Quare

1099 2324 1166 2388 apud
1177 2328 1278 2376 Graecos
1290 2326 1367 2377 multa
1377 2327 1403 2375 in
1413 2330 1525 2390 parentes
1536 2327 1618 2391 turpia
1629 2327 1699 2378 liberi
1709 2328 1876 2379 committunt.

1099 2424 1131 2471 nt
1141 2423 1307 2472 Romanorum
1316 2421 1440 2485 legislator
1450 2436 1556 2483 omnem,
1566 2427 1590 2472 ul
1601 2423 1719 2473 itadieam
1728 2425 1878 2488 potestatem

1097 2521 1122 2572 in
1135 2522 1213 2573 lilium
1224 2524 1288 2589 patri
1298 2522 1433 2581 concessit,
1446 2521 1521 2585 idque
1536 2535 1580 2585 per
1593 2525 1675 2573 tutum
1689 2524 1746 2573 rite
1758 2526 1876 2589 tempus,

1098 2621 1150 2670 sire
1161 2633 1219 2670 eum
1235 2618 1262 2670 in
1284 2632 1406 2669 carcerem
1420 2618 1531 2669 conicere
1544 2619 1597 2669 sire
1613 2618 1695 2681 flagris
1709 2618 1803 2670 cudere
1822 2619 1878 2671 sire

1097 2718 1209 2767 vinetum
1222 2717 1253 2767 ad
1265 2716 1385 2767 rusticum
1397 2730 1460 2780 opus
1470 2715 1581 2767 detinere
1594 2715 1646 2766 sire
1657 2716 1769 2767 cecidere
1780 2716 1855 2768 vellet
1867 2736 1874 2769 τ

1097 2815 1155 2866 lieet
1179 2816 1245 2866 tilius
1266 2816 1314 2865 iam
1337 2813 1514 2877 rempublicam
1535 2812 1736 2877 administraret,
1762 2817 1788 2866 et
1811 2815 1876 2867 inter

1098 2926 1208 2963 summos
1227 2912 1386 2977 magistratus
1398 2912 1548 2973 censeretur,
1568 2913 1594 2960 et
1607 2916 1707 2974 propter
1720 2910 1831 2961 siusium
1850 2911 1879 2960 in

1099 3010 1277 3075 rempublicam
1293 3008 1446 3060 laudaretur.
1479 3009 1553 3059 Certe
1565 3021 1597 3057 ex
1614 3006 1661 3057 bac
1680 3008 1733 3073 lege
1752 3008 1800 3059 ri1i
1816 3005 1876 3058 illu·

1097 3112 1161 3158 sires
1185 3104 1311 3160 οοεοόιιεε
1333 3119 1378 3169 pru
1399 3105 1488 3155 restris
1507 3105 1642 3167 babentes,
1661 3104 1760 3154 senatui
1773 3103 1876 3167 quidem

1097 3208 1213 3257 adversas
1224 3244 1231 3266 ,
1244 3205 1310 3269 plebi
1325 3219 1385 3255 vere
1397 3186 1494 3268 gratas,
1507 3207 1532 3255 et
1544 3208 1672 3269 pmpterea
1686 3202 1759 3253 valde
1769 3201 1875 3267 laudati,

1097 3322 1112 3358 e
1139 3311 1253 3371 suggesto
1276 3306 1379 3356 detracti
1409 3304 1550 3367 epatribus
1573 3303 1671 3353 abducti
1698 3306 1765 3366 sunt,
1790 3317 1877 3368 pinnas

1097 3420 1181 3457 eurum
1195 3404 1316 3455 arbitratu
1330 3402 1412 3452 daturi
1425 3415 1431 3445 ι
1444 3414 1526 3464 quus,
1539 3414 1597 3450 euna
1609 3415 1653 3465 per
1666 3400 1776 3450 medium
1793 3401 1875 3450 iurum

1096 3507 1286 3565 abducerentur,
1300 3504 1383 3553 nultus
1394 3516 1479 3553 eurum
1490 3502 1536 3565 qui
1549 3500 1650 3551 aderant
1661 3502 1759 3565 poterat
1769 3500 1876 3564 eripere,

1096 3618 1145 3654 non
1159 3603 1258 3663 consul,
1271 3615 1320 3652 nun
1332 3601 1446 3651 tribunus
1460 3598 1553 3663 plebis,
1565 3612 1613 3647 non
1625 3598 1678 3662 ipsa
1689 3596 1775 3661 plebs,
1786 3596 1827 3647 cui
1836 3596 1874 3648 illi

1096 3709 1292 3768 assentabantur,
1306 3706 1364 3757 lieet
1377 3705 1451 3755 εθειει
1465 3717 1563 3755 emnem
1574 3706 1724 3768 patestatem
1737 3716 1783 3753 sua
1793 3703 1874 3752 minc.

1096 3821 1149 3857 rem
1170 3805 1333 3857 existimaret.
1365 3804 1420 3853 Nun
1441 3801 1521 3861 dicam
1545 3801 1608 3852 enim
1629 3805 1691 3864 quet
1713 3800 1780 3850 rircs
1798 3800 1879 3850 sortes

1095 3905 1143 3968 ipsi
1158 3908 1241 3968 patres
1255 3899 1437 3963 interfecerint,
1453 3899 1512 3962 quia
1523 3899 1613 3949 virtute
1631 3901 1656 3947 et
1675 3898 1751 3947 anirni
1765 3896 1874 3962 ηυοθεαι

1096 4001 1183 4052 ardore
1196 3999 1294 4064 impulsi
1306 3997 1403 4049 suntad
1415 4010 1560 4060 generosum
1569 3995 1664 4045 lucinus
1673 3999 1765 4059 praeler
1773 3998 1873 4059 patrum

1096 4101 1242 4152 mandatum
1262 4100 1407 4150 edendum:
1427 4096 1635 4161 quemadmodum
1655 4096 1688 4145 de
1702 4097 1793 4146 Manlio
1813 4097 1876 4145 Tur·

1096 4206 1172 4266 quatu
1183 4206 1207 4251 et
1221 4200 1304 4250 multis
1313 4200 1368 4250 aliis
1376 4200 1528 4262 accepimns,
1542 4196 1574 4247 de
1585 4196 1675 4259 quibus
1687 4209 1732 4244 suo
1741 4195 1797 4245 lucc
1809 4194 1875 4245 dice-

1096 4312 1160 4349 mus.

1128 4408 1228 4458 xxvii.
1236 4410 1321 4468 Neque
1329 4407 1439 4454 Romano
1445 4402 1576 4469 legislatori
1584 4402 1646 4453 banc
1654 4403 1800 4467 potestatem
1808 4400 1876 4465 putri

1097 4496 1194 4548 dedisse
1207 4494 1268 4544 satis
1277 4496 1347 4555 erat,
1363 4491 1408 4543 sed
1418 4491 1493 4542 etiam
1503 4491 1580 4541 iulium
1592 4491 1615 4541 ei
1626 4490 1731 4541 vendere
1743 4489 1872 4554 permisits

1096 4584 1159 4635 nihil
1181 4581 1313 4633 deterritus
1333 4579 1399 4643 quud
1413 4579 1525 4629 hemines
1545 4579 1610 4629 hane
1631 4581 1779 4642 potestatem
1795 4577 1873 4641 putri

1097 4684 1239 4723 cencessum
1266 4668 1389 4719 crudelem
1412 4670 1495 4718 essent
1516 4666 1664 4727 iudicaturi,
1689 4670 1715 4716 et
1735 4664 1874 4729 marierun

1097 4774 1171 4826 qnam
1191 4757 1311 4810 naturalis
1332 4755 1435 4808 allectus
1452 4758 1587 4820 peteretur.
1620 4758 1666 4816 st,
1687 4752 1754 4817 quod
1767 4752 1874 4803 maxime

1097 4832 1185 4909 abnuis
1202 4845 1227 4896 iu
1245 4844 1364 4895 dbscinta
1385 4842 1529 4895 draconum
1550 4840 1677 4904 disciplina
1695 4840 1830 4900 educatus,
1844 4838 1878 4889 ιθ

1097 4934 1213 4985 acerbum
1225 4936 1251 4983 et
1260 4931 1414 4996 tyrannicum
1430 4931 1543 4990 miretur,
1561 4928 1609 4980 bec
1626 4941 1725 4991 qunque
1735 4925 1800 4990 patri
1812 4939 1872 4977 eun·

1098 5023 1171 5073 cessit
1187 5027 1216 5073 ut
1227 5033 1308 5086 usquc
1319 5020 1349 5071 ad
1360 5020 1460 5071 tertiam
1472 5018 1634 5069 venditionem
1647 5029 1676 5067 es
1689 5016 1737 5065 iilic
1749 5019 1876 5079 questum

1098 5111 1202 5171 laceret,
1215 5110 1274 5161 data
1287 5108 1352 5173 patri
1367 5108 1392 5157 in
1406 5107 1483 5159 lilium
1499 5106 1592 5156 maiore
1601 5108 1723 5170 potestate
1736 5116 1811 5166 quam
1824 5101 1873 5152 dc·

1098 5198 1164 5251 minu
1190 5197 1216 5248 in
1242 5195 1372 5261 mancipia.
1417 5197 1479 5247 liam
1503 5208 1588 5247 seruus
1611 5192 1687 5245 semel
1710 5190 1826 5243 rendItus
1847 5191 1874 5241 et
