3980 5936
590 429 883 504 ANTlQUlTA‘l'UM
905 430 1057 494 bomiri,
1081 433 1154 493 LlB.
1178 435 1232 494 Χῖ.

87 563 275 645 τηγορηθέντες
301 560 373 634 ἢτά
393 559 532 642 ἀπόρρητα
558 561 623 640 πρὸς
646 561 706 629 τοὺς
727 562 870 638 πολεμίους

87 656 206 733 έκφέρειν
220 650 237 724 ἢ
253 651 325 720 τάξιν
341 649 379 727 μὴ
397 650 553 731 φυλάττειν,
572 653 600 708 έν
612 653 650 730 τῷ
665 654 770 732 φανερῷ
787 673 869 708 κατα-

85 738 206 812 πλήξεως
220 738 296 797 ένεκα
312 740 364 795 τῶν
380 737 468 795 ἀλλων
483 735 650 796 ἀπώλλυντο.
705 736 826 815 Ἐγένετο
837 739 865 799 δῖ

86 830 189 909 διχόθεν
209 831 262 886 τῶν
282 828 451 905 στρατιωτῶν
471 825 594 906 ὄλεθρος,
615 831 668 885 τῶν
692 826 740 904 μὲν
763 828 866 887 οἰκείων

42 940 58 978 ο
85 922 136 991 τῆς
151 915 311 996 ὀλιγαρχίας
322 917 349 974 έν
366 918 424 981 ταῖς
439 913 503 993 πρὸς
519 915 579 981 τοὺς
591 915 733 992 πολεμίους
748 920 868 993 συμπλο·

87 1007 148 1073 καῗς
173 1003 413 1085 διαφθειρομένων,
439 1005 491 1062 τῶν
517 1002 545 1061 δὲ
569 1004 618 1077 τὴν
647 1005 868 1085 ἀριστοκρατικὴν

87 1095 238 1155 ποθούντων
253 1092 416 1151 κατάποσιν
430 1090 483 1150 ὑπὸ
495 1093 549 1149 τῶν
570 1097 726 1174 στρατηγῶν
749 1096 868 1153 ἀπολλυ.

88 1182 186 1258 μένων.

129 1271 222 1331 XXV.
247 1267 341 1330 Πολλά
367 1267 394 1326 δέ
423 1273 531 1326 τοιαῦτα
553 1266 599 1326 καί
622 1269 692 1328 ιιατά
715 1267 764 1341 τὴν
792 1268 869 1328 πολιν

30 1385 60 1425 ιο
87 1356 140 1416 bri
153 1361 205 1416 τῶν
225 1359 285 1434 περὶ
301 1355 347 1414 τόν
361 1353 474 1414 Ἄππιον
488 1354 597 1430 έγίνετο.
616 1357 678 1415 Τῶν
693 1355 741 1432 μὲν
756 1345 801 1414 οθν
822 1357 868 1415 di-

87 1448 153 1517 λων,
166 1444 253 1504 καίτοι
267 1445 370 1523 συχνῶν
380 1440 590 1521 ἀναιρουμένων,
602 1442 718 1502 ἐλάττων
731 1449 785 1510 τοῖς
798 1443 869 1515 πλή-

88 1539 146 1594 θεσι
166 1532 243 1612 λόγος
270 1523 318 1605 ἧν·
346 1530 401 1598 ίνδς
423 1531 452 1590 δέ
475 1529 566 1610 ἀνδρὸς
584 1533 791 1611 ἐπιφανεστάτου
814 1534 867 1589 τῶν

89 1624 256 1698 δημοτικῶν,
269 1620 316 1682 καλ
330 1619 457 1687 πλείστας
470 1620 566 1699 ἀριτάς
581 1621 608 1679 ἐν
621 1623 674 1686 τοῖς
693 1617 764 1679 κατά
782 1619 865 1679 πολε·

89 1732 139 1785 μον
154 1711 239 1791 ίργοις
251 1706 474 1784 ἀποδειξαμένου,
484 1706 593 1774 θάνατος
606 1707 678 1782 ῶμὸς
691 1708 738 1767 καὶ
750 1707 866 1777 ἀνόσιος,

31 1826 61 1864 τι
90 1798 264 1863 ἐπιτελεσθεῖς
288 1799 315 1856 έν
331 1795 434 1879 θατέρῳ
456 1799 508 1855 τῶν
528 1794 731 1875 στρατοπέδων,
757 1795 818 1854 ἔνθα
842 1798 866 1855 ol

90 1894 159 1965 τρεῖς
174 1883 301 1964 ἡγεμόνας
314 1875 400 1957 ἦσαν,
418 1882 535 1950 ἅπαντας
547 1887 666 1960 ἑτοίμους
682 1883 787 1957 έποίησι
801 1883 866 1963 πρὸς

88 1975 137 2045 τὴν
150 1974 296 2034 ἀπόστασιν
308 1972 367 2040 τοῖς
378 1977 444 2034 ἐκεῖ.
472 1963 526 2034 ’Ἦν
542 1971 570 2031 di
581 1977 595 2031 ὁ
606 1973 735 2053 φονευθείς
745 1973 863 2047 Σίκκιος,

89 2062 164 2129 δτάς
179 2062 272 2122 ίκατδν
285 2060 367 2121 είκοσι
380 2060 469 2141 μάχας
484 2062 680 2140 ἀγωνισάμενος
695 2062 739 2121 καλ
755 2060 781 2131 l}
796 2062 865 2120 ἀπα-

90 2154 144 2209 σῶν
166 2152 303 2230 τάριστεῖα
326 2148 433 2221 λαθὼν,
458 2147 487 2208 tv
510 2148 576 2230 έφην
600 2151 793 2227 ἀπολελυμένον
812 2151 864 2222 ἤδη

30 2274 65 2311 «20
90 2239 228 2320 στρατείας
245 2238 289 2298 διά
304 2238 350 2298 τὸν
370 2238 465 2318 χρόνον
484 2238 603 2300 ίκοόσιον
627 2244 675 2298 τοῦ
689 2238 754 2318 πρὸς
778 2239 867 2301 Αἰκα-

90 2328 148 2397 νοῖις
163 2328 327 2409 συνάρασθαι
346 2328 483 2405 πολέμου,
502 2331 613 2409 σπεῖραν
633 2329 733 2409 ἀνδρῶν
754 2330 865 2388 ὀκτακο-

90 2420 155 2479 σίων
170 2418 414 2497 ίκπιπληρωκότων
429 2416 481 2489 ἤδη
495 2417 542 2485 τάς
557 2416 628 2477 κατά
642 2417 720 2495 νόμον
731 2416 867 2499 στρατείας

91 2506 226 2587 εὐνοίφτῇ
244 2504 309 2584 πρὸς
325 2502 404 2564 αιἰτδν
423 2504 603 2585 ἀπαγόμενον·
617 2509 674 2581 μεθ’
689 2495 726 2564 ὧν
745 2508 866 2565 ἀποστα·

90 2594 143 2662 λεὶς
167 2594 217 2654 ὓπδ
239 2593 350 2673 θατέρου
363 2597 416 2652 τῶν
440 2593 547 2653 ὑπάτων
571 2594 615 2653 ἀπὶ
637 2594 668 2653 τὸ
689 2594 865 2674 στρατόπεδον

91 2687 144 2743 τῶν
157 2680 308 2758 πολεμίων,
322 2682 359 2746 είς
372 2680 503 2761 πρόδηλον
516 2683 634 2761 ὄλεθρον,
649 2687 685 2750 ῶς
704 2693 785 2743 πᾶσιν
806 2683 865 2743 έδό·

90 2794 145 2846 κει,
161 2774 206 2829 τοῦ
228 2792 257 2830 τε
280 2768 397 2850 χάρακος
417 2771 546 2847 έκραίτησε
568 2772 615 2830 καί
637 2777 683 2844 τῆς
709 2775 865 2853 ὁλοσχεροῦς

91 2861 165 2931 νίκης
184 2857 267 2926 αἴτιος
292 2856 396 2937 ἀγένετο
415 2859 469 2925 τοῖς
488 2860 609 2926 ὑπάτοις.
660 2863 760 2921 Τοῦτον
775 2860 807 2932 δὴ
822 2862 867 2922 τὸν

92 2949 189 3029 ἀνδρα,
204 2945 316 3014 πολλοῖς
331 2949 358 3006 έν
378 2952 412 3028 τῇ
436 2947 512 3007 πόλει
534 2949 661 3017 διεξιόντα
684 2948 775 3026 λόγους
797 2954 867 3024 sard
913 3002 916 3013 .

90 3041 141 3099 τῶν
163 3037 207 3096 ἐπὶ
230 3036 406 3117 στρατοπέδου
431 3039 603 3117 στρατηγῶν,
624 3041 660 3106 ὡς
680 3038 814 3119 ἀνάνδρων
839 3064 867 3101 τι

26 3164 65 3204 ³⁰
93 3126 138 3185 καί
155 3124 270 3205 ἀπείρων
290 3124 425 3202 πολέμου,
446 3125 565 3185 έκποδὼν
579 3130 690 3197 ποιῆσαι
713 3127 867 3197 σπεύδοντες

91 3219 116 3276 οῖ
129 3214 190 3296 πιρλ
201 3216 245 3275 τὸν
255 3212 385 3288 Ἄππων,
402 3218 437 3282 εῖς
451 3215 556 3291 ὁμιλίας
567 3216 761 3296 προύκαλοῦντο
773 3220 866 3300 φιλαν·

91 3305 207 3387 ἀρότους
231 3304 277 3365 καί
299 3305 482 3383 συνδιαπορεῖν
503 3326 592 3384 σφισιν
616 3303 703 3376 ἠξίουν
728 3304 793 3383 ὑπέρ
811 3309 864 3365 τῶν

90 3396 135 3455 ἀπὶ
149 3392 344 3472 στρατοπέδου,
355 3391 401 3450 καῖ
417 3395 473 3457 πῶς
488 3391 543 3470 [ἀν]
560 3392 753 3471 έπανορθωθείη
763 3391 798 3451 τά
815 3396 867 3453 τῶν

91 3484 246 3564 στρατηγῶν
264 3478 447 3559 ἁμαρτήματα
463 3479 550 3557 λέγειν
564 3482 744 3558 παρεκάλουν,
764 3481 810 3540 καὶ
825 3505 868 3540 τε-

15 3618 21 3653 ,
91 3573 232 3637 λευτῶντες
249 3569 357 3628 ίπιισαν
381 3565 490 3634 έξιλθεῐν
508 3566 552 3627 ἐπί
573 3567 618 3626 τδν
643 3569 669 3626 έν
694 3570 869 3647 Κρουστομς.

93 3659 150 3740 ρείφι
167 3657 273 3738 χάρακα
296 3654 391 3727 αὐτὸν,
409 3653 528 3722 έὶουσίαν
552 3656 648 3735 ἔχοντα
661 3655 865 3737 πρεσόευτιιιήν.

91 3749 173 3811 Ἔστι
185 3745 212 3806 di
223 3745 329 3805 πάντων
346 3741 488 3822 ἱερώτατόν
501 3767 530 3803 τε
540 3744 586 3803 καλ
598 3747 757 3820 τιμιώτατον
775 3746 790 3803 θ
804 3767 867 3824 πρι-

16 3844 18 3861 '
92 3834 203 3905 σόιυτὴς
217 3830 291 3911 παρά
299 3831 455 3909 Ῥωμαίοις,
471 3830 589 3899 έξουσίαν
603 3831 651 3909 μίν
664 3834 789 3913 ἄρχοντος
798 3830 868 3913 έχων

16 3944 20 3973 l

17 4154 24 4185 l'

92 3926 137 3984 καὶ
147 3923 273 4000 δύναμιν,
287 3921 399 3981 ἀσυλίαν
421 3920 508 3981 δίκαλ
523 3920 658 3997 σεόασμδν
673 3922 773 4003 ἱερέως.
818 3921 868 3991 Ὧς

29 4036 62 4082 ao
91 4013 120 4074 it
144 4013 266 4095 ἀφίκιτο,
286 4009 530 4091 φιλοφρονουμένων
552 4010 631 4070 αὐτὸν
646 4011 711 4090 [καὶ
718 4010 729 4093 ί
746 4014 803 4072 ἐκεῖ
815 4016 868 4073 τῶν

89 4104 249 4182 ἡγεμόνων,
265 4101 311 4160 καῖ
326 4100 456 4177 διαμένων
470 4104 661 4179 συστρατηγεῖν
677 4101 806 4178 μένοντα,
822 4105 870 4162 καί

17 4252 27 4269 ,
89 4216 163 4260 τινας
176 4192 222 4251 καὶ
237 4189 336 4270 δωρεάς
349 4190 396 4257 τάς
412 4188 460 4267 μίν
475 4188 597 4248 διδόντων
610 4189 672 4263 ἤδη,
684 4189 731 4256 τάς
747 4191 776 4251 δῖ
790 4195 869 4251 baea-

17 4274 27 4365 ἶ
89 4279 262 4362 χνοιμένων,
278 4276 451 4350 ἐξαπατηθεὶς
473 4275 517 4336 ὑπ’
526 4278 671 4357 ἀνθρώπων
683 4281 807 4357 πονηρῶν
822 4281 868 4340 καί

17 4366 19 4377 r

17 4382 25 4393 1

89 4369 139 4442 τὴν
152 4368 275 4447 γοητείαν
288 4371 341 4427 τῶν
357 4365 441 4442 λόγων
462 4369 492 4428 οὐ
510 4367 620 4425 συνιδὼν
633 4369 669 4433 ὡς
681 4367 707 4435 ii
726 4366 868 4441 έπιθουλῆς

18 4470 59 4529 ³05
91 4456 207 4535 ἐγένετο,
227 4454 417 4534 στρατιωτικός
438 4454 505 4533 ἀνὴρ
521 4455 569 4514 καλ
581 4455 625 4515 τὸν
638 4456 735 4536 τρόπον
750 4457 867 4534 διπλοῦς,

90 4545 126 4604 τά
138 4568 168 4604 τε
182 4546 251 4604 ἀλλα
267 4544 503 4617 θπίθετο.αθτοῖς,
518 4545 569 4603 ὅσα
583 4545 726 4626 συμφέρειν
743 4548 867 4623 θπιλάμ·

19 4668 28 4695 r
91 4632 170 4704 όανε,
195 4631 241 4691 καὶ
262 4632 366 4710 πρῶτον
389 4631 514 4692 ἀπάντων
537 4634 652 4713 παρῄνει
666 4634 789 4710 μιτάγειν
818 4634 867 4706 τὴν

87 4718 262 4797 παρεμόολήν
277 4720 314 4787 εἰς
325 4718 375 4791 τὴν
397 4721 527 4796 πολεμίαν
548 4722 580 4780 ia
597 4725 645 4793 τῆς
665 4722 808 4800 σφετέρας·
821 4724 869 4791 τάς

19 4778 27 4881 ¹,
90 4831 120 4868 τε
137 4806 238 4885 βλάθας
251 4806 351 4876 διεξιὼν
365 4808 412 4875 τάς
425 4809 484 4867 τότι
500 4807 652 4887 γινομένας,
667 4810 714 4870 καὶ
734 4810 783 4877 τὰς
798 4811 869 4890 ὠφῑ.

19 4882 59 4981 ζ,
90 4894 161 4962 λείας
176 4896 397 4973 ῖπιλυγιζόμενος,
410 4894 473 4965 θσας
495 4895 607 4975 ipsilles
628 4897 697 4969 ἔξω
719 4922 869 4981 paam«.
924 4896 1033 4948 babituri
1044 4898 1141 4956 esseut,
1156 4906 1310 4945 enumerans.

20 4980 23 5011 l

89 4984 322 5062 τοπεδευσάμινοι.

20 5068 22 5111 i
129 5074 236 5138 xxvi.
259 5074 296 5135 Ol
312 5072 341 5135 δῖ
355 5073 478 5150 ἀσμένως
491 5076 617 5159 δέχεσθαι
635 5076 685 5148 τάς
697 5075 867 5159 παραινέσεις

20 5184 25 5209 ι
89 5163 271 5246 σκηψάμενον
286 5163 351 5227 «Τί
367 5154 429 5242 eir,
450 5168 567 5248 ίφασαν,
590 5167 639 5227 οθκ
662 5168 741 5238 αάτδς
757 5168 868 5247 ἡγεμὼν

21 5278 26 5305 ι
88 5280 104 5312 ε
118 5254 178 5335 γένη
200 5254 247 5324 τῆς
268 5251 447 5329 ἀναζιόξιως,
461 5254 544 5317 τόπον
557 5254 707 5328 ἐπιτήδειον
726 5279 868 5341 προκατα-

183 5365 301 5405 Dloblssll·

1643 436 1703 495 657

925 575 992 623 sunt.
1035 575 1067 623 nt
1087 572 1179 623 iubmre
1192 572 1339 624 conditionis
1363 573 1475 624 nomines
1513 573 1625 625 assumti
1636 574 1705 638 quod

924 657 990 723 iuga
1006 659 1102 711 initium
1119 662 1244 723 iacerent,
1271 666 1317 713 aut
1333 676 1423 714 αιοιιιιιι
1446 662 1549 715 consilia
1565 663 1596 713 sd
1620 662 1707 717 liostes

925 745 1064 807 delerreul,
1087 752 1132 798 aut
1152 748 1250 799 ordines
1265 763 1315 799 non
1328 753 1465 811 seruarent,
1479 749 1562 814 palam
1576 750 1608 799 ad
1623 754 1703 803 urete-

925 847 1009 884 rorum
1033 838 1154 885 terrorem
1177 835 1366 887 interficiebant.
1400 835 1505 886 Duobus
1529 835 1604 900 igitur
1625 838 1706 891 modis

924 920 1016 972 milites
1027 922 1202 987 perdebantur,
1213 928 1268 974 turn
1281 925 1349 988 quia,
1361 924 1406 988 qui
1415 924 1557 975 dominatus
1570 939 1705 990 paucorum

924 1007 1034 1060 fautores
1045 1014 1124 1069 eraut,
1147 1009 1206 1060 duni
1224 1024 1282 1059 curn
1294 1010 1411 1062 hostibus
1435 1011 1606 1076 eouiligebsut,
1619 1014 1703 1066 inieri-

925 1095 999 1157 bani;
1013 1100 1066 1146 ium
1075 1096 1143 1159 qula,
1157 1096 1201 1159 qui
1212 1098 1362 1161 optimatum
1373 1097 1515 1150 dominatus
1527 1100 1610 1164 cupidi
1623 1106 1703 1165 erant,

924 1198 939 1234 u
954 1184 1061 1236 ducibus
1072 1185 1255 1237 occidebantur.

953 1274 1031 1325 xliv.
1046 1273 1127 1323 blults
1150 1276 1233 1325 autem
1259 1273 1401 1337 huiuamodi
1414 1277 1523 1329 iocinera
1539 1279 1571 1330 ab
1590 1282 1668 1348 Appio
1679 1286 1706 1333 et

923 1361 978 1424 ejus
990 1364 1096 1415 laelione
1109 1363 1134 1413 in
1146 1364 1208 1415 urbe
1224 1364 1392 1429 patrabantur.
1431 1368 1500 1421 Alios
1518 1370 1601 1434 igitur,
1615 1387 1705 1437 quam·

925 1455 962 1505 ris
971 1456 1046 1506 multi
1054 1454 1261 1516 interficerentur,
1278 1458 1413 1511 multitudo
1427 1460 1510 1512 minus
1522 1464 1641 1515 eumbal:
1661 1465 1705 1516 sed

923 1547 996 1597 unius
1008 1548 1064 1607 uiri,
1079 1548 1124 1611 qul
1149 1546 1301 1612 plebeiorum
1319 1554 1373 1601 erat
1397 1551 1596 1614 illustrissimus,
1614 1559 1641 1607 et
1662 1557 1706 1623 qul

923 1639 1029 1703 plurimu
1039 1639 1157 1703 praeclara
1171 1641 1278 1692 facinora
1297 1642 1323 1692 in
1336 1641 1407 1695 bellis
1420 1642 1540 1705 ediderat,
1554 1645 1636 1697 eudes
1650 1661 1706 1697 cru·

922 1728 987 1780 delis
1000 1732 1027 1779 et
1041 1730 1133 1781 nelaria
1146 1732 1171 1780 in
1196 1731 1281 1783 alteris
1295 1734 1382 1786 castris
1406 1735 1485 1799 buia,
1502 1739 1547 1790 ubi
1564 1742 1616 1790 tres
1628 1739 1706 1792 duces

923 1824 1004 1881 eruut,
1023 1836 1123 1884 omues,
1142 1824 1187 1887 qui
1208 1825 1242 1876 ibi
1262 1829 1344 1894 eraut,
1366 1834 1467 1894 paratos
1484 1831 1517 1882 ad
1540 1832 1705 1887 deiectionem

922 1914 1040 1966 reddidit.
1079 1918 1126 1976 Qui
1139 1933 1198 1969 uero
1219 1933 1300 1971 casus
1313 1922 1402 1984 iuerat,
1414 1928 1469 1975 erat
1481 1925 1522 1977 ille
1545 1927 1648 1990 Siccius,
1662 1929 1705 1993 qul

922 2009 948 2060 iu
957 2023 1010 2060 cxx
1023 2009 1117 2074 praeliis
1135 2011 1279 2076 dimicaret,
1296 2015 1377 2079 etqui
1390 2018 1706 2077 enomnlbuslorlitudinis

924 2104 1092 2168 sumptuaria
1116 2105 1235 2156 retulerat
1252 2122 1258 2155 :
1273 2121 1347 2171 quero
1362 2108 1429 2174 dlxi,
1438 2123 1483 2175 per
1496 2114 1597 2163 atatem
1609 2112 1705 2166 militiae

920 2193 973 2259 lam
998 2192 1148 2254 immunem,
1185 2193 1252 2244 ullro
1270 2208 1298 2246 se
1318 2195 1351 2247 ad
1369 2198 1510 2250 meletatenr
1538 2199 1596 2251 belli
1620 2205 1706 2253 contra

925 2288 1020 2350 AEqnos
1043 2286 1176 2348 addidisse,
1191 2290 1217 2338 et
1230 2288 1357 2340 cohortem
1371 2304 1433 2341 ncnc
1452 2290 1571 2350 virorum,
1584 2292 1626 2354 nui
1644 2293 1705 2358 legi-
1779 2318 1783 2328 ·

925 2379 985 2428 tima
995 2376 1118 2442 stipendia
1134 2379 1186 2443 jam
1202 2379 1364 2442 muleuerant,
1380 2381 1413 2431 ob
1433 2381 1636 2443 benevolentiam,
1655 2398 1706 2448 qua

922 2485 981 2523 eum
1013 2470 1233 2537 prosequebantur,
1247 2485 1333 2523 seeum
1356 2471 1473 2532 duxisse,
1489 2487 1546 2524 cum
1565 2475 1653 2539 ipuibus
1673 2477 1705 2527 ab

924 2566 1002 2618 altero
1015 2565 1116 2616 consule
1128 2566 1219 2616 missus
1230 2565 1262 2615 ad
1275 2564 1384 2615 bostium
1397 2570 1488 2625 castra,
1504 2565 1534 2615 ud
1546 2567 1706 2619 manifestum

925 2656 1044 2718 exitium,
1057 2658 1088 2708 ut
1100 2656 1214 2707 omnibus
1235 2654 1391 2717 ridebantur,
1409 2659 1435 2708 et
1448 2669 1502 2721 ipso
1515 2654 1632 2707 bertium
1640 2659 1706 2710 rallo

923 2755 963 2802 est
983 2750 1085 2815 potitus,
1102 2753 1129 2800 et
1140 2749 1241 2814 integras
1260 2748 1372 2802 victorio
1385 2748 1528 2801 oonsulibus
1542 2752 1630 2801 auctor
1650 2751 1705 2803 luit.

924 2844 997 2893 Hune
1020 2842 1118 2903 virum,
1140 2840 1218 2891 multa
1241 2840 1319 2892 rerba
1336 2839 1362 2890 in
1386 2839 1448 2891 urbe
1469 2841 1600 2892 facientem
1621 2846 1707 2893 eontra

924 2934 1010 2995 duces,
1019 2932 1063 2997 qui
1073 2933 1098 2984 in
1110 2933 1200 2984 castris
1212 2935 1292 2994 erent,
1305 2935 1336 2982 ut
1348 2930 1450 2995 ignaro
1461 2935 1488 2983 et
1499 2932 1557 2984 belli
1570 2933 1705 2998 imperitos,

923 3026 1018 3091 Appius
1032 3024 1137 3089 ejusque
1149 3025 1266 3086 lautores,
1276 3023 1308 3076 de
1321 3024 1401 3076 medio
1415 3026 1610 3090 quamprimum
1622 3027 1707 3079 tollere

924 3116 1061 3181 cupientes,
1076 3115 1108 3166 ad
1119 3114 1241 3179 colloquia
1252 3115 1359 3166 bumana
1372 3115 1509 3166 invitabant
1525 3134 1532 3166 ε
1547 3117 1622 3180 atque
1634 3131 1705 3182 roga·

924 3214 985 3266 baut
996 3217 1026 3265 ut
1043 3225 1129 3263 seeum
1139 3210 1171 3261 de
1188 3210 1272 3270 rebus,
1284 3223 1342 3273 qum
1354 3209 1415 3260 ioris
1426 3209 1540 3274 gerendas
1552 3214 1638 3274 eraut,
1652 3225 1708 3263 eon·

924 3307 1043 3367 sultaret;
1069 3316 1175 3368 eumque
1206 3301 1380 3364 bortabuutur,
1412 3306 1441 3351 ut
1467 3301 1560 3353 diceret
1582 3304 1708 3366 quomodo

922 3404 1019 3455 dueum
1032 3402 1134 3466 persua
1147 3397 1236 3462 corrigi
1249 3399 1367 3463 perseum
1380 3398 1407 3446 et
1419 3396 1520 3447 mudum
1535 3397 1559 3448 ei
1576 3411 1706 3462 persume-

924 3500 992 3555 runt,
1017 3500 1047 3547 ut
1061 3498 1112 3560 ipse
1133 3508 1191 3543 enm
1206 3492 1277 3556 legati
1290 3493 1413 3556 potestate
1432 3489 1464 3540 ad
1481 3492 1571 3553 castra,
1597 3506 1656 3556 quas
1675 3495 1707 3546 ad

925 3587 1120 3639 crustumerium
1144 3585 1224 3646 eraut,
1247 3581 1453 3645 proficisceretur.
1467 3583 1558 3632 liunus
1571 3586 1654 3634 autem
1669 3585 1705 3637 le-

923 3682 975 3748 gali
990 3681 1056 3746 apud
1070 3683 1194 3729 Romanos
1204 3680 1243 3726 est
1257 3675 1367 3725 omnium
1388 3674 1609 3727 honoratissbnum
1623 3682 1650 3728 et
1665 3692 1707 3730 ss·

925 3775 1102 3833 moliminum,
1124 3769 1185 3833 quia
1199 3769 1294 3833 legatus
1313 3766 1488 3821 auctoritatem
1505 3780 1536 3817 au
1556 3770 1707 3832 potestatem

924 3878 1082 3948 imperatoris
1105 3877 1196 3937 babet,
1215 3878 1242 3927 et
1263 3875 1436 3924 sacrosanctus
1449 3875 1476 3924 et
1494 3872 1707 3935 venerandusest,

924 3979 953 4028 ut
964 3972 1087 4025 sacerdos.
1122 3972 1207 4028 Quum
1221 3966 1297 4018 illeln
1316 3969 1399 4016 eastra
1411 3967 1529 4026 venisset,
1544 3964 1649 4018 ducibus
1663 3968 1708 4031 qui

923 4068 1064 4129 illicerent,
1089 4064 1167 4115 arnico
1179 4075 1239 4113 eum
1258 4058 1452 4124 excipientibus,
1472 4058 1664 4124 rogantibusque
1679 4065 1708 4114 ut

923 4173 1055 4215 remanens
1078 4171 1163 4208 secum
1187 4156 1332 4219 imperaret,
1353 4155 1379 4202 et
1394 4150 1509 4214 quedam
1533 4151 1598 4202 dona
1618 4152 1709 4216 jeruel

923 4252 1041 4304 dantibus
1059 4254 1136 4315 atque
1155 4247 1204 4300 alia
1218 4242 1407 4311 pollicentibus,
1424 4243 1456 4293 ab
1467 4243 1586 4308 improbis
1600 4246 1706 4297 bomini.

923 4344 980 4407 bus,
994 4344 1127 4410 prestigiis
1143 4343 1278 4394 verborum
1296 4340 1431 4403 deeeptus,
1456 4339 1571 4404 ignorans
1592 4339 1648 4391 baso
1666 4340 1707 4390 in·

924 4435 1015 4487 sidluse
1029 4436 1094 4495 lieri,
1111 4435 1149 4485 vir
1165 4433 1279 4484 militaris
1298 4436 1326 4483 et
1338 4431 1451 4483 moribus
1468 4429 1622 4494 simplicibus
1639 4444 1706 4495 prrs-

923 4526 1072 4589 ditus,cum
1090 4527 1139 4578 alia
1164 4525 1225 4591 ipsis
1246 4524 1341 4586 suasit,
1361 4538 1420 4588 pum
1439 4524 1510 4575 utilia
1532 4523 1706 4587 existimabst;

924 4621 979 4667 turn
989 4617 1097 4682 primunr
1109 4621 1135 4669 et
1145 4621 1202 4667 ante
1222 4617 1305 4667 omnia
1317 4615 1463 4679 admonuit,
1476 4619 1506 4666 ut
1526 4620 1607 4665 eastra
1619 4628 1650 4663 er
1660 4629 1708 4665 suo

923 4723 983 4773 agro
993 4709 1018 4760 iu
1032 4710 1156 4761 boeticum
1169 4708 1348 4771 transferreut3
1371 4709 1479 4766 damna,
1494 4720 1553 4771 quus
1566 4711 1628 4757 tuuc
1637 4706 1707 4757 accl-

923 4806 1031 4869 plebrut,
1058 4817 1201 4862 meensens,
1224 4805 1250 4853 et
1268 4801 1416 4862 commoda,
1430 4813 1488 4863 quae
1500 4798 1602 4848 mutatis
1614 4798 1705 4848 castris

953 5095 1043 5145 xxvi.
1058 5092 1180 5153 lllirem,
1193 5090 1338 5141 simulantes
1358 5103 1386 5141 se
1400 5089 1582 5150 lubenterepus
1593 5086 1707 5140 edmonl·

924 5184 1004 5234 tiones
1019 5181 1140 5245 accipere,
1153 5179 1267 5245 inquiunt
1280 5199 1287 5228 ι
1310 5196 1323 5225 n
1335 5178 1402 5238 Quin
1415 5178 1491 5241 igitur
1513 5182 1541 5227 tu
1564 5176 1617 5241 ipse
1628 5174 1707 5241 buius

927 5292 940 5319 ε
954 5274 1095 5329 maltorum
1109 5268 1228 5323 motionis
1242 5266 1302 5337 dur·
1312 5281 1355 5351 es,
1365 5267 1423 5355 leaeo
1437 5270 1576 5357 opportuno
1586 5268 1643 5316 ante
1657 5262 1704 5314 de·

1580 5353 1611 5401 li
