4070 5926
246 409 307 467 5¹10

247 540 271 596 τ’
296 540 384 605 αὐτοῖς
408 532 600 612 ὐκτεμνεμίνης
628 532 675 593 καλ
697 535 785 593 οίκιιῦν
810 533 1021 613 ἐμπιπραμένων

248 623 388 705 θεραπείας
407 626 432 682 τ’
448 621 658 698 αὐτομολούσης·
677 619 746 681 ὥστε
769 622 839 682 κατὰ
856 621 958 696 πολλὴν
982 625 1027 681 εὐ-

249 714 356 775 πέτειαν
371 712 492 773 ἀπελθεῖν
504 712 589 783 tari<
598 709 688 791 χώρας
701 712 786 770 αὐτῶν
798 709 858 778 τούς
872 709 1026 790 Ῥωμαίους

249 799 386 881 ὠρελείαις
398 824 429 860 τε
443 804 531 881 βαρεῖς
542 800 588 857 καὶ
600 797 740 878 αὐχήμασι
754 796 904 880 λαμπρούς.
944 797 1026 869 Καλή

208 916 220 951 ε
250 889 299 961 μὲν
313 890 467 970 Σερουίλίου
487 886 611 967 στρατεία
631 890 702 946 τοῦτ’
718 886 781 967 ἔσχε
804 886 834 945 τύ
848 885 938 954 τέλος·
959 887 985 946 oi
999 883 1027 944 δέ

250 977 297 1038 σύν
310 981 349 1057 τῷ
366 976 479 1059 Κοῖντίῳ
501 975 710 1059 στρατεύσαντες
733 974 777 1035 ἐπί
792 975 815 1034 τ’
836 973 968 1042 Αίκανούς
981 975 1026 1035 καί

246 1067 442 1134 Οὐολούσκους·
453 1065 660 1138 συνεληλύθεσαν
673 1064 724 1145 γὰρ
737 1068 775 1133 είς
788 1064 832 1124 τύν
848 1065 930 1125 αὐτὸν
945 1063 1026 1125 τύπον

249 1155 276 1225 t}
289 1157 443 1239 ἀμφοτέρων
461 1159 514 1216 τῶν
525 1157 604 1214 ἐθνῶν
617 1158 642 1213 oi
656 1153 897 1233 προαγωνιούμενοι
911 1156 964 1211 τῶν
977 1154 1029 1213 fl-

248 1246 301 1303 λων
316 1244 362 1304 καί
375 1245 428 1325 πρδ
441 1247 488 1317 τῆς
503 1243 643 1304 Ἀντιατῶν
658 1244 758 1309 πόλεως
774 1239 1028 1322 θντεατρατοπεδεύ·

197 1355 221 1394 ιο
249 1356 343 1393 σαντο·
355 1333 481 1405 θῦττονῆ
499 1331 583 1411 βοίδην
603 1335 752 1412 χωροῦντες
772 1330 955 1411 ἐπιφαίνονται
974 1330 1026 1388 αὐ-

248 1431 315 1489 τοῖς·
330 1420 375 1481 καί
393 1423 423 1481 οὐ
440 1421 522 1480 πολύν
536 1420 616 1480 τόπον
636 1422 683 1478 τοῦ
702 1419 819 1497 χάρακος
836 1420 923 1476 αὐτῶν
939 1420 1026 1477 druo-

248 1509 353 1590 χόντις,
369 1512 396 1569 fv
410 1499 433 1590 ᾧ
449 1512 553 1589 πρῶτον
567 1505 695 1588 ὤρθησοίν
711 1530 740 1565 τε
758 1506 804 1565 καί
823 1499 891 1565 εἶδον
911 1505 1023 1573 ἐκείνους

248 1598 339 1681 χωρίῳ
356 1600 472 1679 ταπεινῷ
488 1596 542 1656 δέτι
560 1596 607 1663 τδς
628 1594 778 1662 εἰποσκευδις
795 1595 899 1665 ἔθεντο,
925 1599 971 1655 τοῦ
988 1595 1025 1671 μὴ

250 1688 394 1749 δεδοικέναι
414 1687 447 1747 cd
462 1688 578 1763 πολέμια
596 1684 692 1757 πλήθει
707 1686 803 1764 μακρῷ
819 1682 970 1763 προύχοντα
984 1683 1026 1743 δύ·

208 1784 220 1821 ⁵
250 1779 296 1850 ξαν
318 1784 429 1852 ποιῆσαι
456 1776 622 1857 βουλόμενοι.
666 1774 716 1842 Ὡς
744 1776 766 1833 δ’
792 1775 907 1855 εὐτρεπῆ
930 1772 963 1832 τὰ
991 1776 1027 1839 είς

250 1866 341 1947 μοίχην
356 1865 490 1947 ἑκατέροις
503 1863 590 1924 πάντα
600 1855 650 1940 ἦν,
662 1862 770 1942 ἐξῄεσαν
784 1863 820 1929 είς
828 1861 859 1921 τδ
869 1860 968 1935 πεδίον,
981 1861 1027 1920 καλ

250 1952 430 2032 συμπεσόντες
440 1952 597 2034 ἠγωνίζοντο
608 1950 689 2031 μέχρι
697 1949 832 2029 μεσούσης
841 1951 952 2030 ἡμέρας,
966 1948 1026 2010 οὔτε

250 2043 362 2111 εἴκοντες
381 2048 434 2111 τοῖς
455 2041 592 2119 πολεμίοις
604 2040 658 2101 οὔτ’
677 2039 871 2111 έπιὸαίνοντες,
896 2038 938 2099 act
953 2062 982 2098 τε
996 2039 1026 2098 τδ

249 2134 349 2211 κάμνον
360 2132 439 2211 μέρος
453 2135 602 2198 ἀνισοῦντες
620 2138 674 2197 τοῖς
694 2129 737 2189 έπλ
750 2138 807 2195 ταῖς
825 2129 970 2211 ἐφεδρείαις
985 2151 1028 2188 τε·

249 2221 390 2300 ταγμίνοις
405 2221 538 2301 ἑκάτεραι.
561 2219 609 2282 Ἐν
622 2217 651 2278 δέ
664 2218 750 2298 τούτῳ
764 2218 882 2296 μάλιστα
896 2221 921 2276 οἱ
937 2220 1026 2277 Αἰκα-

249 2312 288 2370 νοί
301 2310 347 2372 καλ
360 2311 524 2371 Οὐολοῦσκοι
538 2308 633 2381 πλήθει
645 2310 696 2366 τῶν
711 2305 855 2383 Ῥωμαίων
870 2306 1028 2386 προῦχοντας

250 2400 374 2482 ἀνέφερον
394 2398 441 2459 καί
455 2401 603 2479 περιῆσαν,
618 2399 672 2456 τῶν
693 2396 828 2474 πολεμίων
843 2396 892 2454 οὐκ
912 2397 1027 2476 ἐχόντων

249 2486 304 2547 ’ίσον
326 2487 507 2568 πῇπροθνμία
528 2486 559 2546 τδ
578 2488 686 2558 πλῆθος.
730 2482 766 2546 ‘0
779 2481 806 2543 δὲ
825 2481 943 2551 Κοίντιος
960 2487 1027 2564 ὁρῶν

248 2575 355 2657 νεκρούς
368 2600 397 2636 τε
413 2576 525 2643 πολλοὺς
541 2578 594 2635 τῶν
613 2573 762 2656 σφετέρων,
778 2571 824 2632 καί
846 2577 898 2632 τῶν
914 2573 1027 2654 περιόν-

249 2687 301 2723 των
315 2664 375 2730 τούς
390 2663 496 2730 πλείους
511 2661 696 2743 τραυματίας,
712 2661 843 2738 έμίλλησε
859 2660 907 2735 μὲν
925 2660 1027 2718 οίνακα·

248 2755 352 2811 λεῖσθοιι
372 2750 420 2824 τὴν
444 2753 574 2831 δύναμιν,
600 2751 687 2818 δείσας
707 2748 735 2809 δί
750 2748 788 2828 μὴ
803 2748 879 2816 δόξαν
899 2748 1027 2828 παράσχῃ

250 2849 303 2907 τοῖς
317 2839 455 2918 πολεμίοις
467 2846 569 2923 papia,
586 2839 842 2920 παρακινδυνευτέον
860 2836 949 2919 αρίσιν
960 2824 1028 2895 εἶναι

249 2927 329 3007 ἔγνω.
355 2928 562 3007 Ἐπιλεξοίμενος
576 2928 604 2987 δὲ
615 2932 667 2987 τῶν
683 2927 787 2987 ἱππέων
800 2925 858 2994 τούς
873 2924 1029 3006 κρατίστους

250 3015 319 3074 κατὰ
339 3017 370 3076 τὸ
389 3007 520 3098 διξιύν,ᾧ
536 3014 654 3093 μάλιστα
671 3014 803 3092 ἔκαμνον,
822 3015 875 3081 τοῖς
894 3013 1028 3095 σφετέροις

195 3115 224 3156 ³0
250 3105 419 3184 παριύοήθει.
463 3104 516 3164 Καὶ
541 3104 574 3161 τὰ
597 3104 645 3179 μὲν
669 3104 797 3179 ὐπιτιμῦιν
819 3105 873 3168 τοῖς
899 3101 1027 3180 ἡγεμόσιν

252 3195 338 3261 αὐτοῖς
350 3199 398 3266 τῆς
414 3191 570 3271 ἀνανδρίας,
583 3192 617 3252 πίε
628 3192 650 3250 δ’
667 3189 878 3268 ὑπομιμνήσκων
893 3193 946 3248 τῶν
962 3200 1028 3270 προ-

251 3283 333 3365 τέρων
348 3283 474 3364 ἀγώνων,
490 3281 522 3341 cd
536 3281 564 3341 δί
579 3279 628 3352 τὴν
639 3280 769 3362 αἰσχύνην
786 3279 969 3358 ἐπιλεγόμενος
982 3280 1029 3341 καί

250 3371 294 3433 τὸν
315 3373 452 3443 κίνδυνον,
476 3371 503 3439 ta
524 3371 726 3446 καταλήψεσθαι
755 3370 848 3437 αὐτοὺς
867 3369 976 3440 ίμελλεν
1001 3371 1028 3427 έν

251 3457 285 3530 τῇ
312 3457 393 3530 φυγῇ,
416 3452 544 3509 τελευτῶν
567 3441 639 3508 εἶπεν
673 3451 722 3508 οὐκ
748 3444 852 3520 ἀληθές,
872 3444 887 3505 δ
911 3444 1028 3523 μάλιστα

200 3563 226 3601 τε
252 3540 299 3619 μέν
315 3551 368 3608 τοίς
389 3538 523 3621 σρετέροις
544 3538 637 3619 θύρσος
655 3536 820 3617 παρέστησε,
836 3535 888 3603 τοῖς
903 3532 930 3593 δί
948 3535 1033 3593 πολε··

253 3629 322 3705 μίοις
336 3627 403 3696 δέος.
449 3625 524 3709 'Epa
542 3627 604 3711 γύρ,
620 3627 660 3687 δτι
670 3627 776 3706 θάτερον
788 3626 874 3684 αὐτῶν
885 3623 938 3696 ἤδη
951 3623 1029 3704 κέρας

252 3717 345 3787 ἐξέωσε
359 3716 417 3784 τούς
430 3715 572 3793 πολεμίους
587 3716 632 3776 καί
647 3716 723 3795 έγγύς
737 3716 790 3786 ἤδη
802 3714 858 3773 έστί
869 3719 915 3773 τοῦ
926 3711 1029 3772 ἐκείνων

252 3808 382 3887 χάρακος.
427 3808 522 3868 Ταῦτα
545 3805 626 3866 είπὼν
639 3807 732 3866 ἐνσείει
752 3808 805 3871 τοῖς
818 3804 962 3879 πολεμίοις,
984 3799 1028 3860 καί

254 3894 376 3964 καταῦδς
390 3895 503 3957 ἀπὸτοῦ
519 3893 603 3955 ἵππου
620 3896 666 3956 οὐν
679 3897 733 3962 τοῖς
746 3896 812 3974 ἀμφ’
828 3893 907 3952 αὐτὸν
922 3891 1028 3951 ἐπιλέκ-

200 4015 228 4055 to
255 4009 310 4052 τοις
326 3988 379 4045 τῶν
395 3986 499 4047 ἱππέων
513 3986 647 4058 συστάδην
660 3985 784 4064 έμοίχεεο.
825 3981 877 4043 Ἐκ
892 3980 921 4040 tl
939 3979 1029 4040 τούτου

256 4077 344 4152 τόλμα
353 4098 392 4144 τις
405 4077 533 4155 ίμπίπτει
544 4075 599 4143 τοῖς
612 4073 743 4154 κάμνουσι
755 4071 829 4145 τέως,
839 4071 886 4131 καί
901 4072 1030 4130 ὠθοῦνται

257 4166 372 4230 ἅπαντας
382 4163 473 4245 ὥσπερ
482 4164 567 4246 έτεροί
579 4187 646 4234 τινες
654 4162 802 4241 γεγονότες·
816 4160 863 4221 καί
877 4164 901 4220 al
910 4160 1028 4222 Οὐολοῦ-

257 4274 326 4327 σκοι,
336 4254 399 4324 τῆδε
411 4256 462 4335 γδιρ
474 4256 568 4314 ἐκεῖνοι
576 4252 713 4330 ίτείξαντο,
722 4252 802 4332 μέχρι
811 4252 909 4311 πολλοῦ
920 4251 1030 4328 διακαρ·

252 4345 409 4427 περήσαντες
419 4346 565 4406 ἐνέκλιναν.
576 4342 659 4411 Ὡςδί
669 4342 773 4408 τούτους
786 4342 800 4398 δ
811 4335 930 4408 Κοίντιος
940 4336 1028 4397 dard·

201 4460 228 4498 ιε
253 4457 328 4508 σατο,
336 4432 437 4501 dauid<
446 4434 490 4493 ίπί
505 4432 550 4494 τδν
557 4430 638 4492 ίππον
645 4430 813 4513 παρήλαυνεν
825 4430 868 4489 tal
877 4428 925 4500 τὴν
938 4427 1030 4507 ἑτέραν

253 4523 335 4597 τοίξιν,
350 4534 395 4583 καί
411 4523 526 4583 ίδείκνυι
540 4529 595 4589 τοῖς
609 4523 664 4580 ίκεῑ
678 4520 764 4591 πεζοῖς
776 4517 806 4577 al
817 4518 967 4595 ἡττώμενον
977 4518 1028 4574 τῶν

251 4613 385 4689 πολεμίων
394 4615 484 4692 μέρος,
496 4612 542 4672 καλ
553 4610 743 4690 παρεκελεύετο
752 4608 790 4685 μὴ
800 4608 938 4667 λείπεσθαι
949 4607 1029 4686 εἰρετῇ

250 4706 302 4761 τῶν
322 4703 426 4777 ἑτέρων.

301 4783 404 4845 LVlll.
437 4782 491 4844 Καί
517 4782 585 4861 μετὰ
608 4787 679 4844 τοῦτ’
692 4784 766 4847 οὐδὲν
792 4783 831 4846 ίτι
856 4782 958 4864 διέμενε
977 4791 1029 4848 τῶν

197 4892 224 4930 so
252 4871 402 4949 πολεμίων,
423 4871 492 4932 ἀλλὰ
512 4873 608 4940 ποίντις
632 4877 668 4940 εἰς
682 4873 726 4933 τὸν
749 4873 859 4955 χοίρακοι
875 4873 1028 4958 ξυνέρυγον.

252 4962 294 5021 Οὐ
308 4960 397 5037 μέντοι
412 4960 498 5030 δίωξίς
518 4984 549 5040 γε
563 4965 650 5022 αὐτῶν
672 4962 715 5023 ἐπὶ
736 4963 804 5024 πολύ
820 4965 940 5043 ἐγένετο,
961 4965 1030 5025 ἀλλὰ

252 5047 326 5115 cteta
340 5053 364 5108 ai
383 5047 518 5126 Ῥωμαῖοι
541 5052 740 5130 ἀπετράποντο,
758 5051 809 5113 ὑπὸ
826 5054 910 5114 κύπου
931 5055 965 5116 cd
979 5054 1030 5115 σύν·

252 5158 325 5211 ματα
341 5139 516 5217 παρειμένοι,
531 5139 576 5199 καί
591 5141 650 5200 οὐδὲ
665 5142 699 5201 τίι
710 5142 782 5202 ὅπλα
798 5141 836 5202 έτι
852 5142 933 5220 ὅμοια
950 5144 1029 5224 έχον-

244 5248 295 5291 τες.
303 5225 320 5279 ’l
333 5223 412 5301 λέγων
434 5226 461 5286 dd
483 5228 639 5289 διελθουσῶν
660 5234 788 5310 ἡμερῶν,
817 5231 846 5299 ἃς
872 5232 1028 5292 ίσπείσαντο

768 402 937 464 DlONYSlf
960 402 1348 465 Httlcaltltnsstsntsts

1082 545 1118 595 lta
1132 548 1161 595 ut
1171 543 1289 594 facillime
1301 541 1406 593 Romani
1428 554 1518 605 magna
1543 541 1631 606 praeda
1647 544 1675 592 et
1690 541 1766 592 dmul
1779 542 1869 607 splen·

1080 639 1140 690 dida
1159 639 1238 704 gloria
1258 638 1335 697 aucti,
1362 652 1393 689 ex
1409 651 1497 688 eorum
1513 651 1573 702 agro
1594 636 1765 698 discesserint,
1786 642 1866 705 atque

1081 735 1179 787 Servilii
1203 735 1328 801 expeditio
1349 736 1418 786 bunc
1441 734 1515 786 finem
1538 734 1635 786 babuit.
1675 739 1708 787 At
1732 737 1774 801 qui
1802 751 1865 788 cnm

1081 832 1184 892 Quintio
1212 832 1238 883 in
1260 834 1356 897 AEquos
1383 835 1412 882 et
1440 830 1544 881 Volscos
1567 830 1675 895 profecti
1703 830 1799 882 fuerant
1820 832 1866 892 (in

1081 943 1160 979 unum
1169 929 1235 980 enim
1248 928 1406 993 eundemque
1421 927 1505 978 locum
1516 932 1699 993 couvenerant)
1711 942 1742 978 ex
1756 934 1866 994 utraque

1081 1029 1160 1091 gente,
1171 1025 1216 1091 qui
1228 1040 1273 1091 pro
1284 1026 1389 1091 reliquis
1398 1025 1517 1076 certaturi
1534 1028 1619 1085 erant,
1637 1029 1664 1076 et
1676 1029 1759 1076 castra
1769 1025 1803 1075 ad
1812 1029 1865 1075 An·

1082 1121 1145 1171 tium
1158 1126 1293 1186 posuerant
1307 1140 1314 1171 2
1337 1120 1442 1172 celerius
1457 1125 1552 1180 euntes,
1567 1120 1593 1172 iu
1602 1135 1690 1172 eorum
1702 1125 1866 1185 conspectum

1082 1233 1113 1271 ex
1132 1220 1269 1285 improviso
1291 1223 1415 1270 venerunt
1435 1232 1502 1269 :nec
1520 1218 1653 1283 proculab
1670 1233 1757 1269 eorum
1774 1220 1864 1269 castris

1081 1317 1107 1369 iu
1120 1319 1175 1370 loco
1194 1317 1298 1377 humili,
1317 1317 1360 1368 ubi
1384 1316 1493 1381 primum
1506 1316 1633 1381 conspecti
1651 1320 1737 1375 erant,
1754 1316 1865 1381 illosque

1082 1420 1271 1481 conspexerant.
1311 1413 1490 1480 impedimenta
1516 1414 1699 1479 deposuerunt,
1716 1415 1776 1480 quia
1796 1416 1866 1465 nole·

1082 1514 1142 1565 bant
1152 1512 1232 1564 videri
1249 1512 1335 1562 hostes
1351 1525 1455 1562 numero
1467 1511 1540 1575 longe
1558 1511 1699 1576 superiores
1717 1509 1864 1560 forrnidare.

1083 1610 1166 1661 liebus
1180 1613 1265 1659 autem
1275 1607 1393 1658 omnibus
1410 1607 1442 1658 ab
1454 1607 1569 1671 utrisque
1582 1607 1615 1658 ad
1626 1608 1743 1672 proellnm
1752 1607 1863 1672 paratis,

1082 1707 1237 1773 iacampnm
1258 1708 1456 1772 processerrmt:
1480 1709 1506 1757 et
1528 1705 1652 1771 congressi
1673 1707 1707 1757 ad
1733 1707 1867 1758 meridiem

1084 1818 1165 1870 nsque
1177 1808 1333 1870 pugnarunt,
1348 1803 1431 1854 neutri
1449 1803 1567 1855 cedentes
1588 1805 1704 1856 hostibus
1723 1819 1804 1870 neque
1818 1807 1866 1857 ad·

1083 1903 1206 1955 versarios
1217 1905 1374 1967 superantes,
1394 1907 1558 1967 exequentes
1570 1917 1630 1955 vero
1644 1905 1747 1969 utrique
1765 1919 1869 1970 semper

1082 2002 1179 2064 partem
1188 1999 1341 2050 laborantem
1357 1998 1476 2049 subsidiis
1486 1999 1520 2050 ad
1537 2000 1586 2051 boc
1600 2000 1683 2066 ipsum
1696 2000 1828 2066 dispositis
1839 2009 1866 2056 et

1083 2097 1221 2148 instructis.
1238 2098 1290 2146 Hac
1304 2099 1388 2146 autem
1398 2094 1423 2145 in
1435 2108 1463 2146 re
1473 2096 1630 2160 potissimum
1641 2100 1716 2164 AEqul
1725 2104 1752 2151 et
1767 2102 1863 2165 Volsci,

1083 2193 1143 2259 quia
1153 2193 1271 2242 Romanis
1295 2205 1401 2242 numero
1415 2193 1576 2256 prestabant,
1593 2208 1620 2245 se
1635 2193 1773 2246 efferebant
1787 2202 1810 2247 el
1824 2213 1867 2249 su·

1083 2290 1192 2356 periotes
1214 2292 1285 2341 erant
1308 2289 1438 2348 hostibus,
1462 2291 1507 2355 qni
1530 2292 1720 2344 multitudinem
1739 2294 1867 2347 alacritati

1083 2402 1167 2454 parem
1180 2402 1230 2438 nou
1254 2388 1387 2440 habebant.
1415 2388 1452 2441 lbi
1473 2389 1592 2449 Quintius
1621 2392 1710 2443 ridens
1724 2394 1816 2445 multos
1830 2395 1866 2447 de

1083 2485 1270 2543 suiscecidisse.
1287 2490 1358 2537 etex
1372 2487 1412 2549 iis,
1433 2486 1478 2552 qui
1491 2492 1651 2551 supereraut,
1672 2489 1791 2553 plurimos
1802 2504 1868 2541 sau·

1083 2584 1144 2643 cios,
1157 2585 1270 2648 receptui
1291 2584 1391 2649 signum
1406 2585 1514 2636 daturus
1535 2588 1589 2634 erat
1610 2602 1617 2633 :
1640 2585 1686 2636 scd
1703 2587 1817 2646 veritus.
1836 2603 1869 2641 ne

1084 2681 1200 2734 hostibus
1216 2681 1283 2746 fugae
1302 2682 1442 2746 opinionem
1458 2681 1589 2747 praeberet,
1603 2681 1651 2733 sibi
1671 2683 1868 2748 periclitandum

1084 2792 1139 2830 esse
1155 2779 1253 2829 statuit.
1287 2781 1370 2837 Quare
1394 2780 1465 2830 lectis
1479 2779 1621 2830 fortissimis
1633 2780 1778 2846 quibusque
1791 2782 1868 2848 eqni·

1084 2874 1153 2925 tibus
1167 2874 1257 2925 dextro
1272 2888 1375 2924 suorum
1387 2889 1478 2936 cornu,
1492 2889 1543 2940 qua
1560 2879 1632 2940 parte
1644 2877 1754 2929 mamme
1768 2879 1869 2931 labora·

1084 2972 1158 3034 bant,
1177 2972 1305 3034 succurit3
1326 2972 1441 3024 almodo
1460 2972 1528 3038 ipsos
1547 2974 1625 3025 duces
1635 2975 1668 3027 ob
1687 2976 1813 3041 ignarim
1829 2980 1870 3030 in·

1085 3084 1202 3135 crepans,
1228 3069 1303 3121 modo
1325 3069 1454 3134 superiora
1480 3070 1568 3136 proelia
1590 3069 1650 3135 ipsis
1669 3071 1695 3121 in
1720 3074 1867 3123 memoriam

1086 3183 1218 3230 revocans,
1238 3168 1483 3233 modoiguomiuiam
1506 3184 1649 3221 memorans
1665 3174 1691 3221 et
1713 3171 1867 3234 periculum,

1084 3268 1111 3319 in
1119 3266 1189 3333 quod
1200 3266 1257 3331 fuga
1266 3267 1390 3318 incursuri
1401 3271 1493 3330 essent,
1507 3267 1608 3318 tandem
1618 3267 1736 3333 figmento
1745 3284 1809 3321 usus
1820 3276 1870 3335 est,

1084 3380 1136 3431 quo
1148 3366 1201 3416 suis
1209 3365 1339 3416 audaciam
1349 3404 1355 3425 ‚
1367 3366 1434 3416 hosti
1447 3379 1566 3431 pavorem
1581 3362 1676 3416 attulit.
1709 3368 1781 3417 Dixit
1790 3368 1867 3427 enim,

1084 3465 1192 3516 alterum
1213 3477 1301 3515 eorum
1328 3476 1414 3522 corun,
1440 3462 1534 3529 fugatis
1556 3463 1688 3525 hostibus,
1708 3465 1760 3529 jam
1777 3467 1869 3517 castris

1084 3563 1185 3614 illorum
1206 3563 1348 3628 proximum
1364 3576 1427 3614 esse
1461 3544 1523 3613 llaec
1548 3562 1649 3613 locutus
1676 3564 1866 3629 impressionem

1085 3669 1111 3717 ln
1120 3664 1205 3714 bostes
1225 3661 1300 3723 feeit3
1314 3666 1340 3713 et
1354 3676 1386 3713 eu
1397 3676 1465 3727 equo
1475 3660 1628 3713 descendens
1640 3676 1699 3713 cum
1712 3663 1784 3714 lectis
1794 3666 1870 3729 equi·

1085 3760 1161 3818 tibus.
1178 3772 1243 3823 quos
1254 3759 1321 3808 circa
1333 3771 1360 3808 se
1380 3756 1497 3816 babebat.
1512 3757 1627 3808 cominus
1648 3772 1760 3824 pugnare
1780 3762 1867 3825 coepit.

1085 3859 1194 3921 Moxque
1211 3854 1315 3905 audacia
1328 3853 1445 3919 quanm
1463 3853 1555 3905 invasit
1569 3868 1620 3914 eos,
1641 3857 1686 3921 qui
1700 3861 1759 3907 ante
1770 3858 1871 3909 labora·

1086 3954 1264 4019 veranl‚atque
1277 3953 1402 4015 universi,
1414 3953 1486 4019 quasi
1499 3953 1541 4004 alil
1553 3957 1637 4005 esseut
1654 3954 1728 4018 faeti,
1740 3958 1765 4007 in
1776 3958 1865 4009 hostes

1085 4049 1206 4114 impeturn
1223 4046 1344 4099 fecerunt.
1378 4048 1461 4099 Volsci
1473 4063 1533 4101 vero
1548 4050 1591 4111 (in
1602 4064 1632 4101 ea
1645 4051 1711 4102 enirn
1727 4056 1799 4117 parte
1812 4055 1869 4105 col·

1085 4149 1160 4201 locati
1172 4148 1286 4212 fuerant)
1305 4162 1384 4212 quum
1397 4148 1442 4199 diu
1454 4148 1621 4212 restitissent,
1635 4151 1745 4202 tandem
1759 4153 1867 4204 inclina·

1086 4252 1153 4299 runt.
1169 4246 1288 4306 Quintius
1305 4245 1345 4296 his
1357 4246 1492 4311 profligatis
1504 4260 1599 4312 εηυιιιιι
1616 4249 1773 4310 conscendit,
1786 4253 1812 4300 et
1830 4252 1871 4301 al·

1087 4349 1169 4397 terum
1180 4359 1257 4396 eamn
1274 4344 1361 4410 petiit;
1375 4349 1401 4395 et
1413 4344 1548 4409 peditibus,
1562 4346 1607 4410 qui
1624 4345 1658 4397 ibi
1673 4349 1758 4410 οιειιῑ,
1770 4352 1870 4413 partem

1086 4442 1198 4494 bostium
1213 4442 1306 4493 victam
1316 4441 1533 4508 ostendit,eosque
1544 4444 1692 4495 cohortatus
1703 4448 1753 4499 est,
1766 4460 1797 4497 ae
1811 4446 1870 4498 aliis

1086 4540 1180 4590 virtute
1189 4538 1294 4590 cederen
1300 4546 1317 4593 t.

1117 4795 1204 4845 LVlll.
1222 4795 1276 4845 Hoc
1293 4795 1367 4855 facto,
1383 4794 1452 4845 nulla
1470 4794 1579 4860 amplius
1592 4794 1704 4846 bostium
1718 4793 1786 4847 ecies
1818 4810 1870 4848 res·

1085 4880 1153 4944 titit;
1166 4882 1210 4932 sed
1225 4895 1312 4934 omues
1333 4882 1408 4933 simul
1423 4884 1481 4947 fuga
1504 4887 1586 4934 castra
1605 4887 1717 4949 repetere
1728 4890 1866 4950 coeperunt.

1085 4972 1138 5020 lton
1152 4974 1234 5021 umen
1245 4971 1316 5035 longe
1328 4971 1433 5021 Romani
1446 4985 1490 5022 eos
1501 4975 1560 5022 aunt
1572 4972 1704 5037 persecuti,
1718 4972 1763 5024 sed
1779 4975 1867 5025 cutim

1085 5058 1179 5109 reversi
1191 5063 1263 5118 sunt,
1278 5074 1357 5125 quum
1372 5074 1476 5125 corpora
1490 5060 1633 5126 pretabere
1646 5061 1761 5125 languida
1773 5067 1864 5121 asserit.

1085 5159 1131 5198 nec
1151 5148 1258 5213 amplius
1279 5163 1349 5199 anna
1367 5148 1436 5213 paria
1447 5148 1582 5211 baberent;
1603 5148 1690 5214 paucis
1703 5163 1764 5201 vero
1783 5150 1866 5201 inter·

1085 5238 1159 5302 jectis
1177 5237 1332 5288 induciarum
1343 5237 1448 5297 diebus,
1472 5239 1516 5303 qui
1530 5239 1562 5289 ab
1578 5238 1693 5304 utrisque
1717 5239 1743 5289 iu
1760 5253 1866 5291 suorum
