3980 5936
264 411 326 472 630

266 544 413 620 τωμίνων,
436 547 483 614 τῆς
506 543 594 604 νόσου.
636 542 722 606 Ὅσον
746 545 793 622 μίν
816 539 861 608 οὐν
879 546 973 628 χρόνον
989 556 1043 618 τοῖς

254 633 374 719 ,πολλοῖς
392 630 497 697 ίλπίδος
510 653 537 690 τι
554 634 639 707 ὑπῆν,
659 637 695 702 ὡς
708 639 754 693 τοῦ
773 639 831 693 θισύ
845 659 918 717 epten
932 641 1042 699 imm.

266 722 409 804 ρήσοντσς,
439 720 554 787 ἅπαντες
579 721 624 780 ίπί
650 744 679 781 τι
704 721 795 790 θυσίας
820 726 866 783 καλ
891 725 1044 807 καθαρμούς

264 810 423 893 ἐτράποντο·
453 807 498 867 καὶ
522 809 609 869 πολλά
634 811 804 891 ἐνεωτερίσθη
826 811 972 890 Ῥωμαίοις
995 819 1043 876 οὐκ

223 911 236 947 b
263 900 327 960 ὄντα
339 902 366 960 ἐν
382 897 434 959 ίθει
450 895 512 975 περὶ
525 896 573 965 τάς
586 898 665 976 τιμάς
679 903 730 960 τῶν
747 904 812 961 θεῶν
827 903 1041 982 ίπιιηδιύματα,

263 992 311 1050 οὐκ
322 990 449 1068 εὐπρεπῆ.
494 985 572 1045 Ἐπεὶ
594 988 617 1045 δ’
640 986 792 1065 ἔπίγνωσοιν
816 992 941 1068 οὐδεμίαν
956 995 1041 1052 αὐτῶν

263 1077 423 1159 ὐπιστρορήν
448 1078 478 1134 ἐκ
497 1079 543 1133 τοῦ
569 1075 704 1151 δαιμονίου
723 1077 863 1156 γινομένην
881 1082 936 1138 οὐδ’
950 1080 1039 1152 ἔλεον,

262 1166 369 1239 καὶτῆς
390 1163 451 1243 πιρλ
470 1161 503 1221 τά
522 1163 578 1221 θιῖα
595 1165 756 1243 λειτουργίας
785 1167 949 1239 ἀπέστησαν.
994 1168 1041 1229 Ἐν

262 1251 347 1328 ταύτη
362 1259 394 1335 τῇ
409 1259 530 1333 συμρσρᾷ
539 1253 591 1309 τῶν
607 1272 636 1310 τε
649 1252 756 1312 ὑπάτων
774 1252 865 1334 άτιρος
882 1254 1041 1326 ἀποθνήσκει

198 1347 237 1402 ἰιι
263 1343 359 1414 Σίξτος
384 1342 544 1420 Κοϊντίλιος,
565 1341 642 1400 καλό
665 1341 734 1418 μιτδι
763 1348 855 1402 τοῦτον
877 1345 1042 1425 ἀποδειχθεὶς

262 1434 361 1503 touta<
382 1433 494 1516 Σπόριος
510 1432 645 1515 Φούριος,
659 1432 706 1493 καί
721 1437 774 1494 τῶν
789 1433 934 1514 δημάρχων
946 1435 1041 1494 τάττο-

263 1548 304 1604 ρες
314 1568 322 1599 ,
334 1527 386 1583 τῶν
397 1547 427 1583 τι
442 1525 588 1600 βουλευτῶν
604 1522 699 1582 πολλοί
713 1522 759 1581 καλ
774 1522 877 1599 ἀγαθοί.
921 1521 1039 1583 ’Erubui-

262 1617 338 1672 λοντσ
361 1613 409 1689 μὲν
432 1607 524 1691 σύντῇ
543 1612 612 1693 νόσῳ
632 1616 679 1685 τῆς
699 1610 801 1678 πόλιως
826 1608 905 1682 οὔσης
928 1611 1040 1690 στρατδν

203 1764 205 1777 ,
262 1702 362 1780 ἓξάγιιν
374 1701 418 1761 ἀπ’
433 1700 526 1769 αὐτοὺς
540 1701 670 1774 Αἰκανοί,
683 1699 730 1760 καὶ
748 1697 964 1780 διιπρεσύεὐοντσ
975 1701 1040 1781 πρὸς

209 1801 235 1841 Ιῡ
261 1790 295 1849 τά
307 1792 375 1852 ἀλλα
391 1792 466 1868 ἔθνη,
481 1792 530 1850 ὅσα
546 1788 692 1867 Ῥωμαίοις
716 1789 832 1866 πολίμια
847 1780 896 1862 ήν,
915 1811 1038 1868 παρακα·

261 1882 365 1949 λοῦντες
377 1880 421 1941 inl
434 1881 478 1940 τὸν
492 1880 620 1958 πόλεμον.
662 1880 704 1939 Οὐ
717 1879 770 1955 μὴν
786 1876 901 1958 ίρθασάν
914 1900 944 1955 γε
958 1901 1040 1959 προα-

261 1973 352 2048 γαγεῖν
375 1968 424 2043 τήν
439 1969 550 2046 δύναμιν
568 1974 598 2030 ἀνι
614 1970 667 2027 τῶν
686 1965 800 2027 πόλεων.
843 1963 907 2026 Ἔτι
923 1964 974 2047 γάρ
991 1969 1040 2025 οὐ·

262 2063 313 2119 τῶν
328 2058 630 2139 παρασκευαζομίνωνή
648 2055 715 2128 αὐτὴ
728 2057 801 2123 νόσος
819 2053 984 2134 κατίσκηψιν
1001 2058 1037 2123 ric

261 2147 307 2215 τός
320 2147 418 2214 πολεις.
462 2149 558 2219 Διῆλθε
572 2144 600 2205 θλ
613 2146 642 2204 σθ
658 2143 736 2222 μόνον
747 2142 795 2216 τήν
811 2144 937 2205 Αἰκανῶν
947 2188 956 2220 ,
968 2144 1037 2200 ἀλλά

209 2262 236 2300 20
261 2237 364 2310 καύτὴν
379 2234 554 2297 Οὐολούσκων
570 2230 616 2292 καί
630 2231 678 2305 τήν
692 2231 813 2292 Σαύίνων
832 2234 897 2308 γῆν,
914 2232 961 2289 καὶ
976 2230 1040 2309 σρό-

261 2327 310 2404 δρα
323 2321 512 2391 ἀκάκωσετούς
521 2319 681 2403 ἀνθρώπως.
726 2322 779 2381 Ἐκ
791 2318 818 2379 δδ
832 2321 925 2379 τούτου
940 2317 1037 2391 συνίόη

260 2413 306 2473 καὶ
327 2412 376 2486 τήν
389 2411 481 2492 χώραν
501 2410 669 2491 ἀγεώργητον
690 2411 828 2490 ἀρεθεῖσαν
843 2405 920 2480 λιμὸν
939 2408 984 2465 ἐπὶ
999 2412 1037 2487 τῷ

260 2504 346 2581 λοιμῷ
370 2499 494 2567 συνάψαι.
539 2497 601 2558 Ἐπί
618 2497 666 2571 μὲν
689 2498 721 2567 δή
743 2496 841 2554 τούτων
856 2496 907 2552 τῶν
929 2497 1037 2554 ὑπάτων

262 2590 334 2650 οὐδὲν
349 2589 470 2670 ἀπράχθη
484 2587 637 2666 Ῥωμαίοις,
652 2584 696 2646 διδι
708 2586 756 2655 τάς
767 2586 869 2659 ὑόσους,
888 2583 948 2643 οὐτε
957 2586 1037 2645 πολε-

209 2692 236 2730 ²5
263 2678 340 2754 μικύν
360 2677 421 2737 οὐτε
444 2676 591 2756 πολιτικὸν,
611 2677 646 2743 ιίς
668 2674 784 2753 ἱστορίας
801 2675 933 2755 ἀφήγησιν
958 2675 1039 2734 ἐλθεῖν

263 2766 345 2833 ἄξιον.

310 2852 384 2914 LlV.
408 2856 455 2922 Είς
480 2853 508 2913 δὲ
535 2854 642 2913 τούπιὸν
666 2852 721 2920 ἔτος
744 2850 841 2911 ὑπατοι
862 2849 909 2927 μίν
930 2851 1038 2911 ἀπεδεί-

261 2947 364 3023 χθησαν
387 2941 498 3009 Λεύκιος
518 2940 646 3011 Μενήνιος
668 2941 713 2999 καὶ
732 2937 851 3005 Πόπλιος
869 2939 999 3010 Σήστιος·
1020 2940 1039 3012 ή

263 3030 290 3092 δὲ
302 3028 374 3097 νόσος
389 3032 424 3097 ric
438 3028 511 3096 τίλος
530 3029 661 3110 θλῶρησι.
707 3027 762 3089 ltsl
776 3027 844 3103 μετὰ
858 3033 935 3090 τοῦτο
949 3031 1037 3091 θυσίαι

209 3131 236 3170 ³0
261 3140 290 3178 τε
302 3117 478 3199 χαριστήριον
491 3118 558 3185 θοοῖς
569 3118 741 3176 όπιτιλοῶντο
755 3115 888 3197 δημοσίᾳ,
905 3117 951 3177 καὶ
967 3121 1037 3198 ἀγῶ·

262 3229 302 3273 νες
315 3209 466 3286 ἐπιφανεῖς,
485 3204 621 3283 λαμπραῖς
644 3201 714 3264 πάνυ
735 3204 926 3283 χορηγούμενσι
946 3204 1038 3266 δαπά-

261 3318 333 3365 ναις,
348 3296 375 3352 ἐν
389 3292 539 3358 εὐπαθείαις
555 3315 585 3350 τε
601 3292 647 3351 καὶ
666 3293 767 3359 θαλίαις
781 3296 798 3363 ἡ
813 3292 888 3362 πόλις
902 3285 933 3367 ήν
948 3291 1038 3373 ῶσπερ

262 3382 343 3450 ελκός·
358 3382 404 3440 καὶ
419 3389 472 3448 πᾶς
488 3384 502 3439 ὑ
516 3381 648 3461 χειμέριος
671 3379 761 3461 χρόνος
781 3379 850 3461 ἀμφὶ
872 3386 957 3441 ταῦτα
977 3384 1039 3442 ἀδα-

261 3472 377 3544 πανήθη.
420 3470 577 3549 ’ἀρχομένου
594 3470 616 3527 δ’
636 3468 729 3549 ἔαρος,
745 3466 815 3536 σῖτός
828 3492 857 3528 τε
869 3467 949 3536 πολὺς
964 3470 1034 3551 [καὶ]

209 3580 235 3621 οι
262 3562 291 3619 ἔκ
304 3560 409 3619 πολλῶν
432 3561 553 3638 κατήχθη
571 3561 692 3642 χωρίων,
710 3562 786 3634 ὑμίν
807 3564 904 3624 πλείων
920 3565 1036 3649 δημοσίᾳ

262 3648 431 3719 συνωνηθελς,
452 3653 466 3708 ό
481 3647 509 3706 δί
523 3672 563 3716 τις
576 3651 622 3708 καὶ
636 3650 685 3709 ὑπὸ
699 3652 809 3712 ἰδιωτῶν
823 3652 945 3734 ἐμπόρων
961 3677 1038 3732 κομι·

261 3738 377 3815 ζόμενος.
418 3733 539 3815 Ἐκαμνι
550 3738 601 3817 γάρ
611 3741 660 3817 οὐχ
673 3738 770 3811 ἥκιστα
784 3740 828 3800 ἐπὶ
839 3746 873 3821 τῇ
883 3743 978 3802 σπάνει
992 3749 1039 3817 τῆς

261 3833 358 3908 τρορῆς
381 3825 494 3903 ὑλαδς,
515 3826 612 3906 χίρσου
632 3832 680 3899 τῆς
692 3833 740 3908 γῆς
765 3829 907 3907 ἀρειμάνης
931 3832 974 3893 tut
989 3832 1035 3902 τάς

262 3915 352 3983 νόσους
373 3914 419 3976 καί
432 3914 477 3974 τδν
499 3915 604 3997 όλιθρσν
629 3919 681 3974 τῶν
703 3921 837 3995 γεωργῶν.
892 3919 941 3981 Ἔν
957 3919 985 3980 δί
999 3924 1036 4000 τῶ

210 4027 237 4066 lu
263 4006 335 4084 αὐτῷ
351 4007 436 4083 καιρῷ
451 4005 624 4084 παρεγίνοντο
646 4004 700 4064 ἀπό
712 4029 742 4064 τε
756 4005 869 4078 Ἀθηνῶν
883 4007 929 4067 καί
942 4011 994 4067 τῶν
1010 4009 1037 4066 ἒν

263 4091 374 4160 Ἰταλοῖς
399 4091 560 4166 Ἑλληνίδων
583 4092 684 4154 πόλεων
708 4096 732 4155 σί
756 4095 894 4175 πρὲσύεις,
917 4094 1038 4175 φέροντες

262 4179 321 4248 τούς
333 4181 437 4258 νόμους.
484 4183 538 4244 ltnt
554 4182 621 4260 μετὰ
637 4187 714 4243 τοῦτο
726 4182 875 4262 προσῄεσαν
892 4188 916 4245 οἱ
932 4185 1039 4263 δήμαρ·

262 4293 306 4350 χοι
326 4277 379 4337 τοῖς
393 4272 518 4346 ὑπάτοις,
542 4273 672 4343 ἀξιοῦντες
688 4273 821 4341 ἀποδεῖξαι
850 4275 919 4334 κατὰ
941 4275 972 4335 τθ
985 4275 1039 4356 δή·

263 4381 348 4439 ρισμα
362 4364 408 4430 τῆς
425 4363 520 4440 βουλῆς
533 4361 591 4429 τούς
605 4359 755 4437 νομοθέτας.
771 4364 807 4422 Οἱ
821 4362 863 4438 δὲ,
878 4365 924 4423 οὐκ
937 4363 1040 4444 ἔχοντες

223 4469 236 4505 s
262 4447 314 4529 ότῳ
330 4449 362 4508 ἀν
377 4449 469 4518 αὐτοὺς
485 4450 663 4519 ἀπαλλάξειαν
691 4451 784 4532 τρόπῳ
805 4451 1040 4531 προσκαθημένους

262 4539 307 4598 καὶ
331 4541 523 4621 λιπαροῦντας,
549 4540 689 4620 ἀχθόμενοι
714 4544 754 4621 τῷ
769 4543 907 4622 πράγματι
931 4542 977 4602 καί
993 4544 1041 4602 οὐκ

263 4628 391 4697 ἀξιοῦντες
414 4628 457 4690 ἐπὶ
478 4633 526 4702 τῆς
541 4633 626 4690 αὑτῶν
641 4632 726 4711 ἀρχῆς
743 4632 892 4689 καταλῦσαι
915 4631 963 4702 τήν
982 4636 1041 4710 ἀρι-

262 4719 432 4798 στοκρατίαν,
441 4717 571 4800 πρόφασιν
587 4720 705 4800 εὐπρεπῆ
721 4718 912 4799 πρσύὐάλοντο,
922 4720 1040 4797 λέγοντες

262 4809 288 4866 ἐν
313 4808 405 4886 χερσίν
428 4796 496 4866 εἶναι
515 4808 559 4866 τὺν
579 4810 631 4866 τῶν
655 4807 832 4888 ἀρχαιρεσίων
856 4807 967 4888 καιρόν,
994 4807 1039 4866 καὶ

208 4906 235 4945 ⁵⁰
262 4895 315 4955 δεῖν
332 4895 425 4963 αὐτοὺς
443 4896 557 4964 ὑπάτους
571 4899 675 4977 πρῶτον
698 4895 853 4964 ἀποδεῖξαι·
875 4896 995 4968 ποιήσειν
1012 4894 1039 4955 δὲ

261 4989 339 5043 τοῦτο
358 4988 405 5044 οὐκ
420 4987 455 5053 εἰς
470 4984 586 5064 μακράν.
629 4983 849 5065 Ἀποδιιχθίντων
866 4984 893 5045 δλ
907 4989 960 5047 τῶν
974 4987 1040 5045 ὑπά·

261 5092 315 5127 των
339 5076 396 5140 μετ’
409 5073 515 5132 ἐκείνων
532 5073 620 5150 ἔλεγον
645 5073 758 5134 ἀνοίσειν
778 5075 816 5153 τῷ
844 5075 971 5154 συνιδρίῳ
991 5072 1039 5145 τήν

263 5157 324 5235 περὶ
339 5162 391 5216 τῶν
405 5164 551 5236 νομοθετῶν
575 5160 728 5239 διάγνωσιν.
772 5160 985 5241 Συγχωρούντων
1012 5160 1038 5219 δὲ

262 5247 316 5302 τῶν
331 5242 493 5323 δημάρχων,
508 5247 646 5326 προθίντις
670 5248 827 5327 ἀρχαιρέσια
841 5250 933 5325 πολλῷ
945 5248 1038 5327 τάχιον

788 412 958 477 DlONYSII
978 414 1357 480 nntrcnflrtnssnltsls

1099 559 1217 611 Romanis
1228 559 1362 611 introducti
1388 561 1453 611 sunt.
1487 558 1537 611 Ubi
1557 573 1618 612 vero
1636 560 1867 621 animadverterunt,

1099 671 1160 723 deos
1174 673 1223 725 istc
1235 688 1284 724 non
1304 672 1435 738 respicere,
1457 673 1574 738 nullaque
1587 673 1655 740 ungi
1666 674 1869 737 miserirordiae

1098 785 1146 850 ipsi
1156 785 1241 837 divino
1253 787 1331 839 cultui
1345 786 1529 840 valedixerunt.
1563 790 1592 839 ln
1604 788 1654 839 bac
1664 790 1802 842 calamitate
1814 791 1870 843 alter

1098 902 1193 962 consul,
1208 902 1267 960 Sca,
1280 901 1423 964 Quintillus,
1440 904 1555 954 manuus
1563 906 1611 966 est,
1623 906 1650 953 et
1667 904 1709 968 Sp.
1725 904 1818 965 Furius,
1830 907 1870 969 qni

1098 1012 1122 1064 ei
1134 1014 1279 1080 subrogatus
1292 1018 1382 1078 tuerat,
1397 1019 1423 1068 et
1434 1021 1544 1081 quatuor
1555 1031 1587 1069 cx
1597 1018 1753 1070 tribunorum
1767 1022 1871 1085 collegio,

1099 1133 1223 1182 senatores
1235 1144 1336 1196 quoquo
1346 1132 1418 1183 multi
1428 1146 1458 1183 ac
1469 1133 1535 1183 boni.
1570 1133 1636 1185 tlrbc
1648 1134 1726 1198 igitur
1734 1136 1782 1186 boc
1792 1137 1873 1187 morbo

1098 1246 1227 1313 implicita,
1245 1249 1319 1312 AEqui
1337 1247 1431 1299 belluna
1449 1249 1543 1314 populo
1565 1251 1675 1301 Romano
1692 1251 1782 1303 interm
1797 1255 1873 1304 conati

1099 1367 1173 1425 sunt,
1188 1363 1255 1414 stud
1268 1364 1321 1429 ejus
1338 1365 1482 1416 societatem
1504 1365 1565 1416 alias
1578 1370 1672 1429 genes,
1689 1370 1812 1432 quotquot
1831 1370 1875 1419 llo·

1098 1478 1178 1528 rnsnls
1199 1479 1306 1530 inimice
1326 1483 1405 1541 erant,
1430 1493 1475 1545 por
1494 1480 1586 1547 legatos
1610 1483 1772 1535 sobcitarunt.
1806 1486 1876 1535 lland

1099 1596 1182 1644 ῑυιιιειι
1196 1593 1365 1659 illicopiasex
1377 1594 1481 1645 urbibus
1500 1596 1553 1647 suis
1575 1597 1636 1649 satis
1656 1603 1755 1648 mature
1774 1598 1877 1650 educere
1958 1606 1959 1621 ¹

1099 1711 1241 1771 potuerunt.
1275 1711 1342 1759 llum
1363 1709 1429 1760 enirn
1455 1708 1539 1761 adbuc
1557 1724 1584 1762 se
1606 1711 1638 1761 ad
1657 1711 1751 1764 bellum
1775 1728 1876 1779 appara·

1101 1825 1169 1887 bunt,
1187 1825 1253 1877 idem
1267 1825 1371 1877 morbus
1381 1842 1467 1879 eorum
1482 1828 1586 1893 populos
1600 1828 1699 1881 invadi„
1733 1832 1787 1880 Non
1801 1832 1878 1882 sotum

1099 1947 1183 1994 autcna
1202 1945 1352 2006 AEquorrrrn,
1374 1943 1419 1995 sed
1437 1944 1512 1995 edum
1525 1945 1676 1996 Volscorum
1689 1950 1715 1996 et
1734 1946 1880 2000 Sabinorum

1099 2074 1186 2124 agrurn
1208 2062 1357 2124 pervagatus
1375 2061 1424 2123 est,
1447 2074 1609 2126 magnamque
1625 2061 1771 2112 bominibus
1785 2063 1879 2116 cladsco

1099 2174 1191 2225 attulit.
1223 2178 1279 2234 Quo
1292 2176 1357 2227 malo
1365 2176 1457 2227 accidit
1470 2180 1506 2237 ut,
1518 2175 1628 2241 neglecta
1638 2190 1667 2226 uc
1681 2179 1804 2243 impedita
1814 2196 1882 2245 agro-

1100 2303 1155 2338 rurn
1166 2289 1272 2351 cultura,
1293 2289 1372 2342 tunsos
1389 2291 1422 2342 ad
1439 2294 1536 2356 pestem
1555 2291 1692 2343 accederet.
1729 2294 1777 2344 llis
1787 2309 1876 2346 wasu-

1099 2402 1166 2454 ltbos
1187 2403 1220 2455 ob
1234 2403 1481 2481 pestilentiam-nihil
1503 2405 1600 2457 militiae
1615 2404 1718 2458 dominc
1739 2414 1881 2470 retonat

1099 2519 1201 2584 dignum
1211 2519 1279 2585 quod
1290 2521 1416 2571 memorie
1426 2520 1580 2586 proderetur.

1131 2865 1194 2914 LlV.
1208 2866 1277 2912 Anno
1289 2861 1402 2925 sequenti
1423 2860 1537 2912 consules
1552 2862 1630 2912 crecti
1639 2867 1699 2914 sunt
1713 2866 1742 2915 Ι..
1756 2867 1893 2919 Menenius

1100 2954 1126 3001 ct
1137 2952 1165 3000 P.
1177 2950 1272 3001 sestius
1282 2969 1288 2999 :
1300 2948 1440 3014 pestilentia
1452 2951 1535 3000 ουισιιν
1549 2951 1647 3013 penitus
1659 2954 1782 3005 cessarit.
1801 2960 1894 3009 Postea

1100 3050 1161 3088 vcro
1172 3035 1205 3086 od
1222 3034 1329 3099 agendas
1340 3035 1389 3085 diis
1407 3036 1500 3098 gratins
1512 3035 1610 3101 publice
1626 3043 1731 3103 peracta
1750 3044 1892 3105 mansueta,

1100 3125 1202 3188 ludique
1222 3124 1331 3190 insignes
1348 3123 1590 3189 magnificentissime
1609 3127 1684 3189 lacti,
1697 3133 1826 3195 totusque
1846 3148 1894 3197 po-

1100 3213 1173 3278 pulus
1183 3210 1330 3275 (verisimile
1344 3213 1392 3275 est)
1404 3212 1475 3275 genio
1488 3211 1639 3277 indulgebat,
1660 3218 1687 3266 et
1698 3216 1725 3266 in
1740 3220 1895 3283 epulationi-

1101 3302 1147 3353 bns
1168 3303 1230 3358 erat,
1254 3304 1358 3363 totaque
1379 3299 1467 3363 lryems
1483 3301 1519 3351 ita
1542 3305 1581 3352 est
1606 3309 1747 3354 comumtc.
1786 3310 1894 3359 ineunte

1101 3404 1167 3449 uere,
1180 3390 1286 3441 rnnltum
1299 3390 1413 3441 frumenti
1431 3392 1547 3443 canariis
1561 3393 1671 3457 partibus
1684 3400 1889 3459 conpornrum,

1100 3480 1212 3545 etmajor
1226 3495 1283 3544 pars
1295 3491 1327 3529 cx
1340 3480 1430 3530 aerario
1451 3484 1561 3542 coenata,
1590 3483 1701 3534 nonnihil
1718 3486 1799 3536 etiam
1809 3501 1826 3536 a
1841 3489 1894 3552 pri-

1101 3573 1165 3622 vatis
1175 3571 1367 3638 negotiatoribus
1380 3573 1521 3623 advectum.
1556 3573 1666 3636 Populus
1689 3574 1761 3625 enirn
1774 3588 1896 3627 murne-

1100 3658 1217 3712 dioerlter
1225 3665 1409 3711 commeatuum
1419 3661 1502 3725 inopia
1510 3660 1655 3720 lalrorsbat‚
1672 3663 1742 3725 qnod
1758 3665 1833 3729 agri,
1850 3680 1897 3717 aa·

1100 3749 1163 3800 lonis
1172 3749 1313 3815 pestilentia
1326 3750 1462 3811 absumus,
1474 3750 1561 3801 inculti
1575 3749 1655 3801 relicti
1665 3750 1784 3803 tuissent.
1795 3755 1898 3805 mrtem

1100 3841 1211 3902 ternpore
1232 3838 1324 3889 revomi
1332 3842 1391 3890 sunt
1402 3838 1475 3904 legati
1486 3852 1544 3889 cum
1552 3837 1661 3903 legibus,
1673 3853 1737 3902 quas
1749 3842 1900 3893 atterebant

1100 3926 1234 3978 stbsnisct
1245 3941 1277 3977 ex
1295 3926 1350 3978 aliis
1360 3928 1454 3978 Grecis
1466 3927 1582 3988 urbibus,
1597 3942 1654 3991 quan
1666 3928 1692 3977 in
1713 3928 1788 3979 ltalia
1811 3936 1899 3982 erant.

1100 4017 1208 4080 Moxque
1233 4008 1328 4067 tribunt
1357 4014 1436 4080 piebis
1464 4015 1578 4066 consules
1608 4015 1741 4075 adierunt,
1772 4020 1900 4080 mata-

1098 4107 1249 4168 runtq'ncnt
1269 4118 1299 4155 cx
1322 4104 1537 4155 senatusconsulto
1552 4103 1737 4167 legumlatores
1760 4114 1899 4157 crearent.

1099 4192 1137 4241 llll
1152 4206 1210 4243 sero
1223 4207 1300 4257 qnurn
1314 4192 1452 4252 nescirent,
1468 4204 1578 4255 quonam
1595 4191 1669 4241 ruodo
1690 4206 1746 4251 eos,
1760 4197 1904 4246 mutinnis
1958 4204 1959 4207 ’

1099 4280 1261 4345 precibusne
1288 4279 1470 4339 obtundentes,
1494 4279 1653 4344 ablegarent,
1676 4292 1817 4345 quurnque
1846 4298 1904 4335 nm

1097 4382 1154 4419 snm
1167 4369 1269 4419 rnolesls
1283 4369 1384 4431 terrent,
1398 4381 1445 4419 neo
1461 4366 1615 4418 dominatum
1630 4368 1785 4431 optimatum
1799 4372 1905 4422 vellens
1958 4352 1959 4417 ί

1098 4459 1197 4515 tollere,
1214 4459 1346 4509 honestans
1361 4473 1391 4509 nc
1411 4459 1549 4523 spaciosam
1562 4470 1677 4508 caussam
1696 4464 1904 4521 pretexentes.
1958 4438 1959 4453 ί

1097 4563 1149 4598 rem
1172 4547 1328 4599 distulerunt.
1363 4549 1486 4599 Dixsrunt
1510 4547 1590 4609 enim,
1609 4546 1769 4599 comitiorum
1790 4552 1908 4616 tensus

1096 4637 1202 4700 instare,
1219 4639 1245 4686 ct
1258 4637 1372 4686 consules
1392 4636 1440 4686 slbi
1456 4635 1526 4701 prius
1535 4633 1723 4699 designandos:
1740 4650 1792 4688 eos
1808 4644 1910 4691 antem

1095 4723 1165 4776 brevi
1183 4729 1294 4776 creatum
1312 4724 1350 4775 iri.
1386 4724 1526 4789 Designatis
1547 4738 1606 4775 sero
1623 4724 1789 4787 consulibus,
1820 4728 1909 4780 dixe-

1096 4817 1156 4866 runt
1175 4828 1202 4865 se
1214 4829 1263 4865 una
1277 4826 1336 4865 cunr
1362 4813 1411 4863 illis
1434 4813 1466 4864 da
1487 4812 1695 4878 legumlatoribus
1710 4815 1744 4865 ud
1766 4824 1912 4869 mt-

1096 4904 1224 4955 r‘clnturos.
1258 4904 1424 4967 Tribunisquc
1439 4903 1466 4953 id
1486 4903 1698 4965 comedentibus,
1721 4904 1844 4959 indictis
1856 4922 1910 4958 oo-

1095 4993 1172 5043 mitiis
1183 4992 1254 5056 longe
1265 4993 1387 5043 maturius
1401 4991 1488 5050 solito,
1503 4991 1620 5042 consules
1637 4991 1819 5055 designarunt
1836 5002 1910 5061 App.

1097 5078 1226 5132 Claudiurn
1252 5084 1277 5131 et
1299 5083 1329 5129 Τ.
1360 5079 1506 5131 Gerrucinrn.
1541 5078 1635 5131 Deinde
1664 5080 1789 5146 deposita
1831 5086 1912 5135 marni

1096 5166 1238 5231 reipublice
1248 5181 1317 5228 cura,
1328 5168 1399 5231 quasi
1412 5168 1444 5217 ad
1458 5166 1519 5217 alios
1531 5167 1587 5218 brec
1596 5169 1649 5232 jann
1662 5171 1834 5235 pertineret,
1855 5174 1912 5223 tri·

1096 5255 1254 5307 bunisaures
1278 5255 1384 5320 emplius
1410 5269 1458 5305 non
1479 5255 1650 5319 prebebant:
1681 5259 1727 5309 sed
1752 5261 1914 5327 reliquunt
