3986 5938
701 420 904 481 EXCERPTA
926 420 979 480 EX
1001 420 1076 482 ΗΒ.
1098 421 1165 483 xli.

118 547 193 608 τιδι’
209 549 346 630 ἀμφότερα
360 554 445 611 ταῦτα
460 549 506 610 καί
520 549 693 632 ἀπηλλάχθαι
707 551 892 631 προδυμούμα·
918 582 922 605 t

7 678 12 711 γ
118 662 161 708 νος
183 638 283 698 ἐκείνου
306 635 446 717 μείζοναῖ,
466 637 525 697 κατ’
545 636 653 709 ἰδιώτην
673 637 750 720 ἰσχύν
773 641 896 719 ίχοντος,

118 727 233 803 ίπιμελῆ
249 725 358 799 ζήτησιν
378 728 492 786 ίποιεῖτο
512 728 565 784 τῶν
586 727 631 784 ὑπ’
647 728 726 786 αὐτοῦ
748 724 899 806 λεγομένων

8 808 12 815 ’
118 814 207 875 τεκαὶ
221 813 422 897 πραττομίνων.
467 815 581 876 Πολλῶν
596 815 624 874 δὲ
644 814 727 875 ὄντων
742 805 779 882 οίς
799 820 813 875 δ
830 814 898 897 ἀνὴρ

78 920 92 957 t
119 908 252 984 συνεργοῖς
266 907 363 985 ῖχρῆτο
385 906 438 962 τῶν
461 904 637 986 ἀπορρήτων,
664 903 711 964 καί
735 903 795 964 ούτε
810 903 899 984 φύσεις

119 991 216 1066 δμοίων
237 990 296 1052 οὔτε
308 992 356 1061 τῖες
376 991 484 1072 γνιύμας
508 990 722 1071 παραπλησίων,
740 991 838 1071 ίμελλί
860 1016 900 1061 τις

119 1076 184 1161 ὅπερ
200 1080 268 1149 είκδς
291 1081 320 1140 ού
341 1078 459 1159 βεδαίως
480 1082 554 1161 αὐτῷ
579 1079 685 1139 ἔσεσθαι
705 1080 794 1162 φίλος,
818 1078 836 1152 ἢ
856 1081 900 1140 διδ

119 1167 199 1249 φύύον
214 1168 232 1242 ἢ
246 1171 289 1230 διδ
313 1171 404 1251 κέρδος
416 1170 497 1229 ίδιον·
514 1160 537 1251 ᾧ
556 1171 589 1231 τδι
601 1171 684 1232 πιστδι
700 1170 758 1239 δούς
778 1173 898 1233 δΜινύ-

7 1310 10 1325 ,
118 1281 173 1326 κιος
199 1257 265 1339 ὑπὲρ
289 1264 335 1320 τού
364 1258 459 1337 μηδενί
490 1259 601 1342 φράσειν
620 1260 691 1328 ὅστις
712 1251 762 1334 ἦν,
791 1259 898 1323 ἅπασαν

67 1369 92 1410 ιο
118 1347 186 1425 ipo
199 1347 248 1420 τείν
262 1371 292 1409 τε
315 1348 432 1409 διάνοιαν
450 1354 496 1409 τού
516 1348 631 1409 Μαιλίου
647 1347 693 1408 καί
713 1350 896 1432 παρασκευήν.

118 1431 166 1502 Ὡς
187 1435 215 1495 tt
230 1436 277 1496 καί
292 1435 434 1516 τεκμήριον
459 1434 554 1497 ίλαύεν
570 1437 764 1520 ἀναμφίλεκτον
785 1440 830 1498 καὶ
848 1437 897 1511 τὴν

118 1523 215 1605 πρᾶξιν
232 1528 259 1586 is
273 1523 365 1606 χερσίν
380 1516 461 1585 οὖσαν
477 1525 561 1605 ίγνω,
581 1526 651 1603 λέγει
672 1526 736 1607 πρὸς
749 1525 810 1594 τούς
830 1526 898 1586 trd-

117 1634 191 1681 τους·
219 1614 314 1673 ίκεῖνοι
335 1613 364 1673 δί
386 1613 434 1672 οὒκ
453 1611 584 1683 ἀξιοῦντες
607 1613 647 1696 lo’
671 1617 773 1683 ίαυτοῖς
789 1619 899 1688 ποιῆσαι

118 1699 206 1776 μύνοις
217 1699 407 1781 ίπιχειρήσεως
418 1701 581 1776 τηλικαύτης
591 1700 717 1774 ἐξέτασιν,
729 1705 766 1771 τίς
777 1703 825 1775 τὴν
836 1706 898 1780 βου-

5 1814 8 1847 ι
66 1811 91 1851 ιι
117 1787 166 1858 λιλν
180 1789 263 1870 ᾤοντο
274 1790 327 1848 δεῖν
339 1788 369 1849 τὸ
380 1800 493 1870 πρᾶγμα
509 1788 656 1872 είσφίρειν,
675 1792 721 1851 καί
738 1791 898 1852 συνεκάλουν

5 1918 7 1947 ,
117 1876 147 1935 τὸ
157 1876 289 1958 συνίδριον
305 1877 378 1944 εὐθὺς
397 1880 458 1959 περὶ
479 1879 597 1956 πολέμου
617 1878 649 1950 δή
672 1901 739 1948 τινος
758 1878 897 1961 ὑπερορίου

119 1967 331 2045 βουλευσόμενοι.
378 1967 566 2046 Πληρωθῖντος
583 1967 610 2026 δί
627 1972 675 2026 τοῦ
697 1967 831 2051 συνεδρίου
854 1967 898 2027 διδ

116 2054 237 2135 ταχίων,
258 2055 397 2136 παρελθὼν
415 2055 507 2136 ἅτερος
529 2058 617 2115 αὐτῶν
632 2053 734 2130 ίλεξαν,
749 2056 790 2116 δτι
803 2057 896 2138 πρᾶξις

116 2145 203 2211 αὐτοῖς
219 2141 370 2222 μεμήνυται
390 2143 604 2221 συσκευαζομίνη
631 2143 701 2203 κατὰ
721 2149 768 2217 τῆς
793 2146 895 2214 πόλεως

62 2250 90 2290 κο
114 2232 214 2305 πολλῆς
228 2232 296 2291 πάνυ
321 2231 367 2291 καί
390 2231 500 2315 ταχείας
524 2235 644 2315 φυλακῆς
668 2234 779 2313 διομύνη
800 2234 843 2294 διδ
863 2235 895 2295 τὸ

114 2329 160 2383 τοῦ
183 2322 302 2382 κινδύνου
333 2320 460 2401 μίγεθος·
482 2328 582 2395 ταύτης
606 2321 631 2383 δ’
653 2326 703 2406 ίφη
723 2322 842 2401 μηνυτὴν
864 2325 894 2384 ού

114 2414 167 2470 τῶν
186 2411 365 2491 ἐπιτυχόντων
387 2401 455 2471 εἷναί
472 2434 532 2471 τινα
551 2414 683 2486 πολιτῶν,
700 2413 759 2472 ἀλλ’
779 2413 808 2474 δν
821 2412 894 2474 αύτοί

114 2499 150 2558 δι’
164 2499 261 2580 δραι-ην
283 2498 327 2559 ῖπί
347 2503 394 2570 τῆς
417 2500 545 2578 μεγίστης
562 2524 593 2561 τε
613 2502 659 2561 καί
683 2500 894 2581 δναγκαιοτύτης

113 2589 152 2667 τῷ
165 2590 245 2668 κοινῷ
260 2585 352 2667 χρείας
363 2586 472 2663 ίταξαν,
488 2589 678 2668 δοκιμάσαντες
696 2593 776 2653 αύτοῢ
796 2592 845 2666 τήν
864 2615 892 2652 τε

59 2696 88 2739 ss
114 2676 203 2736 πίστιν
218 2676 264 2736 καί
274 2674 323 2749 τὴν
337 2677 402 2756 πρὸς
414 2677 448 2735 τὰ
462 2678 537 2737 κοινδι
547 2679 699 2760 φιλοτιμίαν
714 2682 744 2739 dx
758 2683 811 2740 τῶν
820 2681 894 2762 παρὰ

122 2764 211 2825 πάντα
231 2764 277 2825 τδν
293 2764 350 2846 βίον
361 2765 599 2844 ίπιτηδευομίνων.
653 2767 795 2848 Μετεώρου
810 2769 837 2829 δί
848 2775 896 2843 τῆς

115 2854 211 2932 βουλῆς
223 2854 267 2914 tul
281 2858 315 2935 τῇ
329 2853 474 2933 προσδοκία
489 2856 629 2932 γτνομίνης
645 2856 732 2917 ίκάλιι
746 2857 792 2917 τδν
811 2862 896 2920 Μινύ·

114 2967 187 3018 κιον,
209 2946 330 3012 κάκεῖνος
355 2942 441 3013 ἔλεξεν
457 2945 616 3025 ·[ΖΗΤΕΙ
636 2948 684 3008 ΕΝ
707 2948 770 3008 ΤΩε
798 2950 894 3029 ιΠΕΡΙ

114 3032 402 3111 sufflatorium]
418 3034 487 3095 Esc.

58 3140 88 3183 tc
154 3123 190 3183 11.
214 3119 262 3189 Ὡς
278 3122 302 3180 δ’
318 3121 435 3199 ίμηνύθη
455 3125 488 3200 τῇ
505 3124 607 3203 βουλῇ,
628 3122 770 3204 δικτάτορα
783 3147 893 3206 προχει-

114 3208 241 3289 ρίζονται,
267 3212 281 3268 δ
305 3209 332 3269 δῖ
352 3209 397 3270 τδν
414 3210 556 3291 ἱππάρχην
572 3210 620 3247 ***
641 3213 777 3273 ίκίλευσεν
805 3212 892 3295 ίχοντι

113 3297 172 3365 τούς
184 3298 274 3366 ἱππεῖς
288 3296 362 3371 ἥκειν
379 3301 415 3366 ὡς
434 3299 512 3359 αὐτὸν
526 3299 588 3380 περὶ
611 3299 695 3378 μύσας
709 3300 818 3375 νύκτας,
840 3305 894 3372 τοῖς

112 3387 141 3446 δί
157 3389 308 3466 βουλευταῖς
322 3389 359 3453 αῖς
373 3385 404 3446 τδ
424 3387 593 3447 Καπιτώλιον
612 3386 691 3448 ίωθεν
707 3388 746 3448 ἔτι
767 3389 892 3470 συλλίγι-

112 3479 194 3553 σδαι,
209 3479 247 3555 τῷ
262 3474 291 3534 δί
307 3473 430 3555 Μινυκίῳ
442 3474 487 3534 τύν
503 3497 532 3532 τι
547 3475 666 3552 μηνυτλν
680 3476 770 3554 ἄγοντι
780 3480 826 3536 καῖ
845 3479 893 3547 τὰς

58 3589 87 3630 sa
114 3563 196 3631 ἄλλας
213 3563 358 3634 ἀποδείξαις
378 3562 512 3640 κομίζοντι
531 3565 596 3641 πρὸς
609 3563 640 3623 τδ
661 3568 735 3642 βῆμα
752 3575 887 3645 παρεῖναι,

114 3652 199 3714 ἅπασι
213 3652 393 3734 δίφυλοίττειν
402 3651 542 3732 ἀπόρρητα
555 3652 621 3733 πρδς
633 3650 692 3721 τοὺς
707 3652 812 3723 {toron
827 3678 890 3716 συν·

113 3741 200 3823 εδρίω
212 3742 247 3802 sd
259 3744 445 3821 βουλεύματα·
458 3739 522 3816 μίαν
536 3731 610 3800 εἶναι
625 3741 707 3819 λέγων
726 3741 887 3821 ἀσφάλειαν,

113 3835 137 3892 εί
156 3830 237 3911 μηδίν
252 3836 266 3892 δ
283 3831 399 3899 Μαίλως
413 3831 532 3891 ἀκούσειε
547 3833 600 3890 τῶν
614 3832 674 3912 περὶ
690 3833 770 3891 αὐτοῦ
781 3833 892 3911 λεγομέ-

112 3943 165 3979 νων
182 3943 211 3980 τι
222 3919 268 3979 καί
282 3918 482 3998 τραπομένων.
526 3917 658 3988 decretae
674 3918 702 3978 δδ
722 3919 808 3980 τᾶλλα
822 3922 891 3982 tour

58 4033 88 4074 ao
113 4010 215 4081 ἐδεῖτο,
237 4007 318 4088 μέχρι
334 4006 433 4074 δύσεως
450 4005 525 4077 ἡλίου
541 4008 642 4076 πάντας
657 4010 683 4067 δν
699 4011 737 4091 τῷ
750 4011 892 4089 βουλευτη-

115 4098 163 4178 ρίῳ
174 4095 334 4176 κατασχὼν,
347 4096 455 4160 σκότους
466 4093 540 4165 ὄντος
551 4095 603 4170 ἤδη
618 4097 722 4157 διίλυσε
739 4097 784 4157 τδν
800 4099 893 4160 σύλλο·

113 4209 170 4264 γον·
183 4189 218 4252 ὡς
232 4185 260 4244 at
276 4183 346 4261 μίση
360 4181 404 4252 νὺξ
421 4181 538 4261 ίγίνετο,
551 4185 685 4264 προελθὼν
701 4189 731 4246 ίκ
748 4191 796 4258 τῆς
806 4188 892 4258 οίκίας

113 4275 161 4310 ***
176 4273 246 4347 ῖξείει
267 4272 327 4350 περί
343 4273 386 4332 τὸν
401 4271 493 4352 ύρδρον
505 4273 563 4340 τούς
577 4275 729 4341 ίπελίκτους
743 4275 789 4334 ὑπ’
810 4279 894 4359 ἀμφο-

113 4365 196 4441 τέρων
213 4367 267 4423 τῶν
282 4360 389 4420 ύτᾶτων
402 4361 564 4439 ἐπαγόμενος
576 4363 623 4421 καὶ
634 4365 728 4432 αὐτοὺς
742 4365 802 4435 τοῖς
819 4369 892 4428 ύπιῖ·

58 4471 86 4509 ιο
113 4475 183 4519 τους.
227 4442 309 4513 Oinoa
324 4449 372 4527 μὲν
391 4440 435 4509 οὖν
447 4450 477 4508 τδ
500 4451 670 4512 Καπιτώλιον
685 4453 743 4531 ἅμα
765 4463 819 4525 τοῖς
831 4460 893 4535 βου·

115 4541 219 4608 λεοταῖς
233 4540 312 4599 ίωθεν
328 4539 516 4619 κατειληφότας
532 4541 691 4621 δφρούρουνῄ
704 4547 719 4602 δ
733 4540 760 4602 δὲ
780 4545 894 4614 Μαίλιος

115 4630 190 4688 οὐδὲν
205 4624 325 4701 ἀκηκοὼς
347 4627 461 4698 τούτων,
476 4627 579 4709 ἡμίρας
593 4632 734 4709 γενομῖνης
761 4634 894 4712 προελθὼν

116 4719 153 4784 είς
177 4714 225 4788 τλν
240 4716 351 4796 δγορδν,
374 4716 534 4797 ῖχρημύτιζε
562 4729 615 4788 τοῖς
639 4720 770 4797 διομίνοις
790 4723 834 4780 lori
848 4729 893 4783 τοῦ

117 4804 238 4886 βήματος
260 4806 447 4881 καθεζόμενος·
469 4808 514 4867 καί
541 4810 601 4884 μιτ’
623 4811 653 4868 οὗ
680 4811 749 4869 πολὺ
775 4816 894 4891 παρῆνδ

59 4924 87 4963 ω
115 4894 252 4976 ἵππαρχος
267 4888 418 4976 Σερουίλιος
431 4893 495 4975 πρδς
511 4895 608 4969 αὐτὸν,
622 4898 694 4975 ἄγων
704 4899 764 4966 τοὺς
781 4905 893 4975 ἀκμαιο-

116 4987 274 5053 τάτουςτῶν
288 4981 391 5044 ίαπίων
411 4982 521 5063 ἔχοντας
541 4986 593 5046 tsi
613 4991 667 5056 τοῖς
679 4989 795 5065 ἱματίοις
815 4989 891 5067 ξίφη,

116 5072 235 5141 καίστδς
244 5071 356 5147 πλησίον
366 5074 446 5134 αὐτοῦ
455 5072 534 5151 λε’γει·
546 5072 598 5137 «Ὀ
606 5077 736 5158 δικτάτωρ
745 5100 775 5136 σε
782 5080 893 5154 κελεύει,

118 5195 131 5220 ι
147 5164 262 5237 Μαίλιε,
289 5164 354 5245 πρδς
377 5162 454 5222 αὐτὸν
469 5162 579 5236 δίκαιον·
600 5170 717 5233 κάκεῖνος
740 5169 892 5248 ὑποτυχών·

118 5282 131 5307 a
148 5255 237 5329 Ποῖος,
254 5254 303 5335 ίφη
312 5294 322 5326 ,
333 5250 434 5312 καλιύει
453 5275 501 5331 με,
516 5249 670 5334 Σερουίλιε,
687 5256 817 5337 δικτάτωρ
829 5257 894 5339 πρὸς

1670 425 1730 488 687

948 559 1045 622 stituit;
1057 574 1116 611 cum
1134 561 1205 613 multi
1221 563 1306 611 essent
1314 560 1406 624 quibus
1417 560 1458 612 ille
1472 574 1618 614 arcanorum
1630 563 1730 629 adjuto-

948 665 1019 717 n'lous
1035 667 1157 728 uteretur,
1173 665 1241 731 itque
1257 678 1303 716 nec
1325 664 1408 716 lndole
1425 666 1610 719 necrolnntate
1625 668 1691 721 inter
1704 685 1731 725 ss

949 782 1021 834 pares
1029 809 1036 833 ,
1045 770 1098 822 lieri
1107 773 1299 822 consentaneum
1312 773 1367 821 erat
1386 774 1415 820 ut
1426 783 1458 821 er
1470 770 1557 823 amicis
1576 775 1631 834 ejus
1644 773 1732 838 aliquis

950 874 990 926 rel
1008 878 1091 926 metus
1106 873 1147 923 rel
1171 874 1233 925 tueri
1265 888 1341 924 cansa
1363 873 1446 925 minus
1473 874 1538 926 lidus
1569 878 1729 942 reperiretur.

951 984 996 1036 Cui
1008 984 1068 1035 data
1082 985 1204 1038 Minucius
1220 983 1277 1045 tide,
1292 983 1385 1034 nemini
1402 996 1430 1034 se
1444 997 1533 1034 nomen
1545 987 1600 1037 eius
1616 987 1731 1052 proditu·

949 1103 1015 1151 rum,
1024 1104 1097 1140 omne
1111 1089 1186 1141 ltaelii
1198 1087 1330 1140 consillum
1344 1092 1370 1138 ot
1385 1087 1512 1139 molimina
1521 1091 1650 1155 cognorim
1664 1106 1731 1156 mox,

950 1195 993 1245 nbi
1020 1197 1047 1245 et
1067 1194 1186 1245 indicium
1208 1195 1298 1244 nactus
1321 1197 1427 1245 estnon
1447 1192 1613 1247 dubitandum
1630 1196 1732 1263 Jamque

949 1302 976 1352 in
988 1313 1019 1351 co
1034 1313 1089 1352 essa
1106 1303 1136 1352 nt
1155 1314 1194 1351 ncs
1219 1300 1380 1366 perficeretur
1405 1300 1543 1366 intellexit,
1566 1302 1599 1352 ad
1618 1303 1732 1357 consules

949 1407 1104 1461 eamdeiert.
1140 1407 1190 1467 Qui
1218 1407 1282 1459 tanti
1302 1407 1420 1460 iocinoris
1444 1408 1660 1472 investigationem
1683 1424 1732 1462 non

949 1515 1077 1564 censentes
1099 1513 1138 1563 sui
1169 1526 1223 1564 rem
1243 1513 1330 1565 arbitri
1354 1527 1426 1575 esse,
1451 1516 1483 1565 ad
1507 1518 1620 1567 senatum
1649 1515 1681 1569 de
1703 1532 1733 1570 ea

949 1618 1035 1669 reterri
1058 1620 1172 1681 oportere
1198 1617 1262 1679 rati,
1280 1618 1350 1669 ocius
1378 1621 1460 1683 patres
1474 1620 1552 1671 veluti
1571 1620 1603 1672 dc
1615 1624 1732 1675 extraneo

949 1722 1058 1786 quodam
1070 1720 1135 1773 bello
1148 1722 1284 1773 consulturi
1300 1725 1475 1777 convocarunt.
1508 1725 1559 1782 Qui
1569 1738 1647 1789 ουτω
1663 1727 1732 1779 ocius

950 1827 1094 1892 irequcmcs
1121 1825 1307 1888 convenissent,
1336 1840 1480 1891 progressus
1513 1828 1577 1880 citer
1603 1832 1732 1885 consulum

950 1935 1076 2000 inceptum
1095 1932 1216 1984 aduersus
1241 1933 1419 1997 rempublicam
1443 1933 1491 1984 sibl
1509 1935 1660 2001 patefactum
1678 1951 1732 1991 esso

950 2036 1021 2098 dixit,
1047 2037 1116 2103 qnod
1140 2050 1238 2088 summa
1270 2040 1372 2102 propter
1398 2038 1596 2102 magnitudinem
1629 2041 1731 2106 periculi

950 2157 1029 2209 eaque
1043 2146 1157 2208 prompta
1177 2142 1304 2208 vigilantia
1316 2143 1446 2207 indigeret.
1480 2145 1540 2208 llius
1563 2146 1656 2213 incepti
1672 2148 1732 2200 indi·

951 2263 1006 2303 cem
1025 2264 1075 2302 non
1094 2250 1126 2302 de
1149 2250 1223 2314 vulgo
1245 2250 1355 2314 attonem
1372 2252 1452 2303 civem
1471 2266 1543 2316 esse,
1566 2255 1611 2306 scd
1625 2255 1733 2319 monem

950 2356 997 2422 ipsi
1020 2356 1053 2408 ad
1068 2357 1202 2407 munimem
1222 2358 1248 2406 st
1270 2355 1395 2420 imprimis
1412 2359 1577 2409 necessariam
1590 2359 1733 2425 reipublice

952 2475 1052 2526 operam
1075 2459 1275 2521 constituimini,
1300 2461 1349 2513 tide
1370 2461 1425 2525 ejus
1438 2466 1465 2514 st
1487 2463 1593 2528 publicas
1614 2467 1731 2519 utilitatis

951 2567 1036 2619 studio
1053 2581 1082 2619 ex
1100 2567 1295 2619 universissimo
1314 2568 1410 2620 ratione
1434 2569 1576 2634 exploratis.
1608 2575 1733 2637 Suspenso

951 2675 1034 2738 itaque
1043 2675 1131 2725 senatu
1142 2672 1195 2736 cjns
1203 2676 1238 2728 rei
1243 2673 1426 2738 exspectatione
1434 2711 1441 2735 ,
1449 2675 1583 2740 appellarit
1597 2677 1733 2730 Minucium

952 2773 1022 2836 isqum
1040 2771 1076 2822 ita
1088 2771 1166 2823 serim
1187 2771 1245 2823 lecit
1259 2772 1394 2837 (QUAElili
1410 2776 1442 2825 ru
1459 2775 1576 2827 cll’lt'ss
1592 2778 1636 2827 DE
1653 2778 1735 2851 coil·¹

953 2875 1124 2939 leNtBUS).
1140 2878 1199 2927 Bsc.

984 3133 1119 3194 liliaque
1138 3143 1166 3180 rs
1185 3129 1298 3193 patribus
1318 3129 1442 3195 patelaria
1457 3132 1609 3186 dictatorcm
1630 3143 1732 3203 creant,

951 3232 978 3281 st
994 3212 1182 3292 is'mngistmm
1217 3227 1372 3293 equitum...
1403 3228 1486 3281 media
1519 3231 1551 3283 de
1573 3237 1647 3285 nocte
1676 3249 1734 3287 cum

951 3325 1079 3391 equitibus
1091 3325 1190 3386 venire,
1218 3326 1302 3388 potres
1323 3326 1423 3390 postero
1452 3340 1525 3378 manc
1542 3327 1569 3377 in
1583 3330 1734 3393 capitolium

950 3422 1042 3487 colligi,
1053 3421 1191 3473 Minucium
1202 3433 1261 3471 cnm
1275 3420 1357 3471 indice
1362 3422 1522 3487 reliquisque
1534 3422 1690 3477 documentis
1700 3429 1733 3479 ad

952 3518 1060 3571 tribunal
1071 3518 1119 3570 sibl
1129 3517 1217 3569 adesse
1231 3517 1319 3581 iussit,
1329 3531 1416 3569 omues
1429 3532 1488 3569 vero
1498 3534 1627 3572 nearcsna
1636 3527 1733 3575 secreta

950 3615 1138 3668 consiliatores
1160 3611 1280 3665 eiterrent
1308 3615 1415 3676 monuit,
1444 3629 1519 3666 unam
1539 3632 1595 3669 esse
1625 3619 1732 3672 salutem

950 3715 1088 3771 affirmans,
1103 3712 1125 3762 si
1139 3711 1201 3762 nitril
1210 3711 1308 3762 Melius
1319 3725 1350 3762 ex
1361 3712 1399 3763 eis
1414 3727 1471 3778 quac
1486 3714 1519 3765 de
1529 3715 1582 3780 ipso
1589 3717 1733 3770 dicerentur

951 3811 1119 3876 cingerentur
1136 3807 1302 3870 cognovisset.
1336 3811 1402 3860 'snm
1421 3810 1524 3874 reliquis
1540 3813 1656 3864 omuibus
1672 3828 1730 3878 quoe

950 3924 1014 3976 opus
1030 3910 1113 3958 essem
1133 3906 1269 3969 ordinatis,
1303 3911 1434 3973 postquem
1460 3909 1491 3959 ad
1515 3923 1630 3963 occasum
1652 3927 1731 3978 usque

950 4008 1009 4060 solis
1024 4018 1111 4056 omnes
1123 4004 1149 4054 in
1165 4003 1235 4055 curia
1260 4004 1415 4068 detinuerat,
1436 4009 1583 4073 crepusculo
1602 4008 1670 4061 iacto
1687 4026 1730 4065 se-

950 4110 1036 4157 natum
1059 4101 1162 4153 dimisit.
1195 4101 1278 4154 nodis
1292 4102 1323 4154 de
1344 4107 1417 4155 nocis
1435 4104 1510 4156 domo
1525 4120 1669 4170 egressus...
1682 4123 1730 4162 an·

950 4208 1065 4258 telucano
1076 4207 1187 4269 tempore
1199 4202 1272 4261 ertit,
1284 4201 1377 4253 clectos
1388 4200 1420 4251 ab
1428 4204 1534 4266 utroque
1543 4204 1644 4256 consule
1653 4205 1731 4271 ipsos·

949 4320 998 4370 qus
1017 4317 1102 4354 secum
1125 4302 1218 4353 ducens
1239 4300 1307 4365 dous
1322 4314 1372 4351 una
1387 4314 1444 4351 cnm
1456 4301 1571 4352 Patribus
1582 4304 1729 4369 capitolium

950 4416 1021 4455 roane
1034 4404 1183 4466 occupatum
1204 4399 1383 4451 custodierunt.
1417 4403 1480 4451 orto
1496 4399 1538 4452 dis
1551 4401 1649 4453 listins
1667 4403 1730 4455 nihil

949 4499 1040 4550 hornan
1048 4498 1239 4565 edoctos,qnam
1250 4498 1275 4548 in
1283 4496 1363 4548 iorum
1372 4498 1546 4563 processisset,
1559 4513 1604 4563 pro
1611 4498 1729 4553 tubumli

950 4599 1039 4651 sedens
1048 4598 1198 4664 pauperihus
1208 4613 1308 4664 operam
1317 4598 1410 4660 dabat;
1423 4613 1500 4663 quum
1510 4600 1577 4651 hand
1585 4600 1666 4652 multo
1673 4608 1730 4665 post

949 4702 1061 4761 tempore
1087 4695 1205 4760 magister
1233 4696 1344 4759 equitnm
1371 4694 1476 4746 accessit
1494 4695 1621 4759 serrilim,
1642 4712 1728 4751 οοουαι

948 4790 1041 4841 doeens
1056 4789 1222 4840 validissimos
1238 4774 1335 4853 equitas
1356 4801 1413 4838 cnm
1431 4787 1520 4853 glsdiis
1532 4789 1580 4839 snb
1596 4794 1684 4851 νεαίος
1699 4812 1728 4855 ας

948 4906 1025 4959 prope
1035 4891 1137 4943 adstans
1155 4909 1161 4938 ε
1174 4891 1317 4951 «Dictator,
1331 4889 1427 4956 inquit,
1437 4890 1590 4962 tc,lttcll,sd
1603 4908 1631 4944 sc
1644 4894 1728 4947 venire

951 5010 962 5032 ι
973 4988 1052 5050 jubet.
1065 5008 1077 5031 υ
1088 4987 1129 5038 Ad
1140 5000 1198 5051 quae
1211 4985 1361 5050 respondens
1374 4985 1432 5037 illes
1443 5005 1456 5029 s
1469 4986 1555 5046 Qualis
1567 5001 1617 5049 mc,
1627 4989 1726 5049 Seruili,

949 5100 961 5123 s
974 5079 1080 5130 dictator
1092 5077 1123 5128 sd
1134 5092 1161 5129 se
1171 5078 1255 5129 uenire
1270 5077 1351 5141 jubet,
1371 5079 1413 5130 nbi
1427 5083 1454 5131 at
1466 5080 1567 5143 quando
1587 5085 1701 5134 creatus?
1713 5105 1725 5129 ι

948 5174 1030 5237 Atque
1049 5170 1125 5221 simul
1138 5171 1298 5236 perturbatus
1310 5185 1354 5222 eos
1375 5173 1419 5236 qni
1433 5172 1538 5225 tubunal
1551 5176 1725 5227 circumstete-

949 5267 1007 5315 rant
1026 5263 1146 5315 intnetur.
1163 5262 1315 5328 canusque
1337 5278 1388 5330 pras
1405 5268 1507 5331 stupore
1526 5268 1725 5328 conticentibus,
