4034 5922
72 84 117 121 co
131 82 149 113 Ἀ·
191 41 339 127 fetur'u„

357 29 435 83 ,οι
458 18 698 105 „marottam
723 41 730 64 ι
758 6 931 74 sanarat,
954 1 1035 99 πᾳ,
1056 1 1134 81 ΓΜ
1159 14 1303 84 ‹rttslb
1357 3 1447 63 tm
1474 8 1638 63 κως...

631 413 923 487 ANTlQUlTATUM
946 413 1094 474 ROMAN.
1118 413 1191 474 ΠΒ.
1215 414 1237 473 1.
1631 454 1641 466 ,
1697 408 1735 469 ta

126 544 173 601 καὶ
187 543 266 601 πόλιν
280 545 368 602 αὐτῶν
383 543 527 618 εὐδαίμονα
541 542 585 601 καὶ
597 544 715 621 μεγάλην
734 544 807 623 ἅῳνω
821 566 905 623 προσ-

125 632 254 697 πεσόντες
271 634 374 711 αἱροῦσι
391 632 532 710 Κρότωνα·
548 633 631 713 ταύτῃ
653 633 766 714 ῳρουρίῳ
780 635 826 692 καὶ
849 636 907 694 im-

127 719 286 796 τειχίσματι
307 718 377 777 κατά
399 723 451 777 τῶν
475 719 630 798 Ὀμόρικῶν
655 719 805 799 χρώμενοι,
828 743 907 779 κατε-

125 808 279 886 σκευσμίνη
291 830 320 865 τε
333 810 369 874 ὡς
380 806 466 886 ἔρυμα
476 799 543 868 εἶναι
552 809 666 885 πολέμου
681 812 855 890 ἀποχρώντως
862 808 907 867 καί

87 896 98 930 ⁵
122 893 221 972 χώραν
235 894 333 975 ἐχούσῃ
348 893 397 969 τὴν
411 893 484 973 πέριξ
503 893 623 966 εύόοτον,
642 895 746 954 πολλῶν
761 895 806 954 καί
821 896 907 953 ἄλλων

124 983 281 1059 ἐκράτησαν
299 983 420 1061 χωρίων,
444 990 497 1049 τοῖς
510 984 535 1041 τ’
544 982 688 1063 Ἀθοριγῑσι
704 983 748 1041 τὸν
765 982 829 1062 πρὸς
848 981 906 1050 τοὺς

126 1070 256 1137 Σικελοὺς
269 1072 386 1145 πόλεμον
397 1071 436 1130 ίτι
448 1075 598 1130 συνεστῶτα
607 1073 691 1150 πολλῇ
705 1072 837 1150 προθυμίᾳ
848 1094 909 1129 συν-

125 1158 264 1237 διέῳερσν,
280 1158 329 1222 ἕως
343 1158 472 1229 ἐξήλασαν
485 1158 575 1226 αὐτούς
596 1163 626 1218 ἐκ
642 1163 689 1230 τῆς
702 1159 837 1241 σφετέρας.
854 1160 908 1220 Καί

124 1248 217 1312 πόλεις
237 1246 351 1318 πολλὰς,
368 1247 415 1314 τὰς
434 1247 482 1320 μίν
495 1246 648 1323 οἰκουμένας
661 1249 707 1306 καλ
721 1246 844 1327 πρότερον
857 1249 909 1308 ὑπὸ

76 1341 100 1379 ¹⁰
124 1336 179 1390 τῶν
202 1335 339 1407 Σικελῶν,
360 1333 406 1400 τδς
424 1337 448 1394 δ’
463 1335 536 1393 aizoi
549 1335 810 1405 κατασκευάσαντες,
823 1336 907 1417 ᾤκουν

125 1423 150 1478 oi
172 1423 313 1495 Πελασγοί
327 1427 402 1502 κοινῇ
421 1421 489 1497 μετὰ
510 1427 561 1482 τῶν
576 1422 768 1501 Ἀόοριγίνων,
787 1416 823 1482 ὧν
839 1429 908 1484 ἐστιν

124 1510 142 1579 ά,
162 1531 190 1566 τε
205 1513 381 1587 Καιρητανῶν
398 1510 490 1583 πόλις,
506 1505 627 1586 'apetie
644 1512 671 1569 δὲ
693 1512 752 1570 τότε
766 1513 907 1589 καλουμέ-

125 1617 177 1671 νη,
196 1597 245 1653 καὶ
268 1599 341 1657 Πίσα
359 1598 404 1656 καὶ
425 1598 558 1677 Σατορνία
572 1598 618 1656 καί
637 1596 748 1659 Ἀλσιον
763 1599 809 1657 καὶ
830 1600 908 1658 ἄλλαι

126 1684 209 1755 τινές,
225 1684 319 1752 ariol
337 1686 430 1764 χρόνον
446 1686 497 1745 ὑπὸ
511 1688 655 1765 Τυρρηνῶν
669 1686 845 1766 ἀφῃρέθησαν.

78 1782 100 1818 ¹⁵
166 1774 248 1833 xiil.
271 1774 405 1853 Φαλέριον
415 1773 495 1831 δὲκαὶ
505 1774 670 1833 Φασκέννιον
691 1774 729 1832 ἔτι
750 1780 796 1833 καὶ
810 1778 846 1842 εἶς
860 1775 906 1850 ἐμὲ

31 1880 32 1885 ’
127 1852 200 1927 ἦσαν
219 1860 366 1933 οἰκούμεναι
385 1861 435 1920 ὑπὸ
453 1859 606 1937 Ῥωμαίων,
626 1859 699 1938 μίκρ’
721 1860 786 1919 άττα
810 1863 908 1921 διασῶ-

31 1946 32 1953 ’
126 1950 222 2013 ζουσαι
252 1945 361 2027 ζώπυρα
388 1954 434 2007 τοῦ
461 1950 627 2024 Πελασγικοῦ
653 1947 758 2026 γάνους,
786 1952 905 2009 Σικελῶν

127 2034 296 2113 ὑπάρχουσαι
309 2034 447 2114 πρότερον.
490 2035 536 2093 Ἐν
552 2035 659 2102 ταύταις
675 2038 787 2112 διέμεινε
812 2037 899 2097 πολλὰ

126 2122 183 2177 τῶν
209 2121 327 2200 ἀρχαίων
352 2122 545 2201 διαιτημάτων,
565 2114 602 2188 οἷς
628 2124 658 2182 τὸ
673 2122 830 2195 Ἑλληνικόν
845 2125 905 2185 ποτ’

78 2222 102 2255 ²⁰
127 2208 281 2287 ἐχρήσατο,
306 2209 349 2266 ἐπὶ
380 2209 508 2286 μήκιστον
539 2210 651 2290 χρόνου,
678 2202 730 2269 οἷον
755 2211 771 2270 ά
794 2235 822 2271 τε
855 2216 906 2271 τῶν

30 2362 31 2367 γ
125 2295 218 2355 ὅπλων
243 2300 295 2354 τῶν
319 2298 533 2376 πολεμιστηρίων
553 2299 665 2373 κόσμος,
683 2301 791 2368 ἀσπίδες
806 2300 908 2379 Ἀργο-

30 2376 32 2415 t
124 2382 201 2462 λιι-καὶ
227 2385 274 2442 καί
291 2385 407 2462 δόρατα,
427 2386 473 2442 καί
495 2387 574 2446 ὁπότε
603 2387 723 2461 πολέμου
749 2385 907 2467 άρχοντεςῆ

122 2469 188 2535 ταῶς
217 2471 337 2538 ίπιόντας
361 2473 521 2549 ἀμυνόμενοι
548 2475 658 2553 στρατὸν
677 2474 813 2552 ὑπερόριον
837 2476 907 2534 ἀπο-

124 2557 279 2630 στέλλοιεν,
294 2559 359 2639 ίεροί
372 2582 442 2627 τινες
458 2561 547 2639 ἄνδρες
562 2561 671 2621 άνοπλοι
686 2563 736 2640 πρὸ
749 2565 800 2621 τῶν
815 2563 902 2622 ἄλλων

124 2731 166 2792 τά
183 2734 229 2804 ἴδη
248 2737 301 2792 τῶν
322 2738 386 2794 θεῶν
407 2736 517 2815 ἁγισμοί
530 2760 560 2795 τε
574 2738 619 2796 καὶ
646 2738 733 2796 θυσίαι
754 2738 801 2797 καί
820 2737 907 2798 πολλὰ

122 2826 228 2881 τοιαῦθ’
254 2821 342 2901 ἕτερα.
386 2822 499 2884 Πάντων
529 2825 557 2883 δέ
579 2826 806 2907 περιφανέστατον
840 2851 906 2904 μνη-

963 551 1183 602 tntatoiiortonam
1206 550 1293 600 urbem
1304 549 1445 613 opulentam
1466 550 1492 598 et
1514 546 1622 610 amplam
1636 545 1737 596 incursa

961 641 1088 703 repentino
1100 642 1227 703 oeperunt,
1251 651 1302 703 qna
1315 650 1360 702 pro
1383 651 1440 688 arce
1458 651 1489 686 ac
1503 637 1635 686 monitione
1654 638 1738 684 contra

963 728 1068 779 Umbros
1082 727 1230 790 utebantur,
1253 738 1310 776 cum
1328 728 1368 777 itu
1384 729 1449 776 esset
1475 726 1601 776 emuncta
1619 728 1648 775 ut
1674 723 1735 773 satis

963 815 1063 866 firmum
1087 815 1146 867 belli
1165 815 1344 866 munimentum
1368 817 1463 864 contra
1492 813 1577 864 nostes
1598 825 1652 863 esse
1676 824 1735 877 pos·

962 906 1016 965 set,
1038 906 1113 968 atque
1135 917 1193 967 agro
1225 903 1376 952 circumdata
1405 904 1471 952 esset
1489 901 1563 953 fertili
1589 905 1613 952 et
1639 900 1737 966 pascuis

961 994 1026 1056 apto.
1059 991 1112 1041 atta
1141 1004 1241 1053 quoquc
1267 991 1346 1041 mulla
1369 990 1424 1039 loca
1442 991 1468 1040 in
1490 1002 1561 1040 suam
1583 992 1735 1054 potestatem

962 1080 1116 1143 relegerunt,
1131 1084 1156 1129 et
1168 1078 1308 1141 Aborigines
1325 1079 1349 1127 in
1368 1078 1442 1139 bello,
1456 1077 1523 1141 quod
1541 1078 1738 1128 contradicatur

962 1169 1044 1218 adbuc
1065 1167 1197 1229 gerebant,
1214 1181 1311 1217 summa
1326 1166 1459 1231 cupiditate
1483 1165 1642 1225 adiuverunt,
1660 1166 1738 1217 donec

962 1255 1366 1318 eosexsoissedibusexpulcruot.
1401 1257 1432 1304 Et
1441 1255 1705 1320 mnitasurbespartim
1713 1257 1739 1306 et

962 1342 1373 1406 auteasiouiisbabitatas,partim
1389 1343 1461 1393 ctiam
1471 1342 1737 1394 aseaediticatastnoo·

962 1432 1045 1482 lebant
1053 1432 1146 1494 Pelasgi
1154 1444 1267 1481 unacum
1274 1429 1446 1494 Aboriginibus
1459 1450 1466 1479 ι
1481 1444 1587 1493 quarum
1599 1430 1624 1480 in
1636 1443 1738 1481 numero

962 1523 1001 1570 est
1016 1523 1040 1571 et
1053 1520 1236 1571 Geretanorum
1251 1519 1320 1579 nrbs,
1340 1533 1398 1584 qum
1417 1523 1478 1569 tunc
1496 1518 1580 1581 agylla
1592 1519 1737 1579 vocabatur,

963 1613 988 1657 et
1002 1608 1066 1669 Pisa,
1082 1611 1108 1658 et
1124 1607 1247 1667 Satmnia,
1264 1612 1290 1657 et
1301 1608 1405 1666 Alsium,
1424 1611 1449 1657 ot
1468 1607 1524 1657 alita
1539 1606 1662 1670 quodam,
1676 1621 1739 1671 quas

962 1697 1021 1760 ipsis
1034 1695 1123 1746 deinde
1134 1696 1250 1758 temporis
1262 1708 1391 1759 progressu
1400 1695 1473 1745 Tusci
1482 1696 1632 1759 eripuerunt.

994 1785 1059 1833 xxi.
1067 1781 1154 1833 Falerii
1164 1796 1223 1833 vero
1232 1787 1257 1833 et
1267 1783 1426 1833 Fescennium
1434 1796 1489 1832 moa
1497 1782 1659 1833 adbucretate
1669 1795 1683 1831 a
1693 1783 1739 1831 llo-

962 1880 1042 1928 mauis
1055 1876 1237 1939 incolebantur,
1257 1882 1283 1929 et
1300 1891 1377 1942 parva
1391 1878 1506 1942 quasdam
1516 1877 1612 1941 generis
1622 1875 1740 1940 Pelasgici

962 1976 1065 2039 vestigia
1087 1974 1230 2035 curvabunt,
1252 1977 1364 2038 quamvis
1386 1976 1445 2025 olim
1468 1976 1605 2027 Siculorum
1628 1975 1738 2027 tuissent.

962 2073 990 2121 ln
1014 2075 1052 2123 tris
1070 2067 1135 2118 subn
1160 2071 1269 2121 urbibus
1291 2071 1370 2121 muita
1393 2072 1473 2135 prisea
1499 2072 1621 2135 instituta,
1650 2072 1740 2136 quibus

962 2171 1041 2222 Graeci
1054 2173 1179 2234 quondam
1202 2172 1240 2222 usi
1263 2172 1330 2230 sunt,
1346 2169 1484 2219 diutissime
1499 2172 1698 2233 permanserunt,
1712 2171 1740 2221 ut
1802 2197 1806 2205 ·
1885 2172 1915 2246 ᾖ,

960 2266 1105 2317 bellicorum
1118 2282 1244 2318 armorum
1263 2270 1374 2329 omatus,
1394 2267 1465 2331 clipei
1482 2266 1585 2329 Argolici
1600 2269 1625 2318 et
1637 2265 1734 2316 bestrae

960 2370 986 2416 ει
1002 2366 1100 2427 quotics
1114 2366 1205 2418 bellurn
1219 2366 1274 2416 aliis
1296 2366 1385 2418 illaturi
1403 2365 1557 2416 catillatum
1573 2364 1738 2431 propulsaturi

961 2458 1045 2523 copias
1069 2458 1133 2509 ultra
1160 2459 1212 2523 agri
1241 2459 1280 2509 sui
1317 2458 1378 2507 tinas
1406 2456 1569 2529 emittebant,
1598 2456 1739 2507 sacerdotes

961 2555 1071 2619 quidam,
1092 2557 1188 2607 fetiales
1206 2557 1259 2607 sinc
1277 2556 1353 2606 armis
1372 2555 1480 2618 reliquos
1501 2554 1669 2618 praecedentes
1689 2574 1694 2603 :
1713 2557 1739 2604 ot

75 2674 98 2712 ι
125 2644 214 2710 ἰόντες
235 2648 421 2728 στονδοράροι·
436 2652 488 2707 τῶν
502 2653 526 2707 θ’
540 2653 617 2728 ἱερῶν
635 2652 663 2708 αἱ
685 2650 847 2710 κατασκευαί
861 2650 908 2711 καὶ
959 2654 1107 2718 templorum
1130 2654 1333 2705 mdiircandorum
1351 2654 1457 2703 ratioet
1478 2652 1581 2704 deorum
1610 2651 1700 2703 sacella
1714 2656 1740 2703 rt

959 2749 1110 2813 expiationes
1134 2752 1161 2800 et
1186 2750 1320 2810 sacrificia,
1344 2752 1369 2799 et
1395 2748 1475 2799 multa
1494 2749 1542 2799 alin
1560 2746 1737 2798 huiuscemodi.

959 2841 1008 2893 sed
1028 2839 1251 2890 luculentissimum
1268 2840 1379 2891 omniurn
1398 2840 1589 2900 documentum,
1606 2840 1672 2891 unda
1693 2853 1738 2903 ap-

28 2936 30 3019 γ
125 2917 202 2986 μεῖον
215 2915 264 2981 τῆς
279 2912 306 2968 έν
329 2909 425 2992 Ἀργει
454 2916 512 2971 ποτ’
536 2914 662 2986 obtimum
690 2917 742 2973 τῶν
763 2915 905 2995 tropario
958 2935 1030 2997 paret
1058 2933 1168 2983 homiues
1199 2933 1271 2994 illos,
1304 2933 1346 2998 qui
1373 2933 1469 2984 Siculos
1491 2932 1653 2997 expulerunt,
1680 2931 1738 2982 oiim

80 3986 105 4018 ω
130 3971 156 4027 έν
177 3973 373 4052 Πελοποννήσῳ
393 3997 437 4119 αρν

127 3008 236 3067 ἐκείνων
250 3009 276 3068 οἳ
296 3007 356 3076 τοὺς
367 3009 491 3076 Σικελοὺς
504 3009 672 3083 ε’ξήλασαν,ὁ
686 3016 733 3079 τῆς
746 3010 834 3090 Ἤρας
844 3012 907 3082 νεὼς

127 3184 181 3240 τῶν
195 3185 352 3253 θυηπολιῶν
372 3184 492 3255 θτρόπος
512 3184 600 3261 ὅμοιος
613 3177 662 3262 ἦν,
677 3186 722 3245 καί
735 3196 855 3263 γυναῖκες
869 3192 905 3248 ir·

130 3271 174 3348 ραὶ
185 3272 380 3349 θεραπεύουσαι
395 3270 426 3330 τδ
447 3274 554 3349 τέμενος
570 3273 588 3346 ἥ
604 3298 632 3333 τε
648 3274 777 3351 λεγομίνη
792 3276 904 3356 κανηῳό·

130 3380 173 3436 ρος
197 3360 265 3434 άγνὴ
288 3359 383 3437 γάμων
404 3361 466 3427 παῖς
491 3362 678 3440 καταρχομένη
701 3366 753 3421 τῶν
778 3364 902 3440 θυμάτων

130 3449 204 3524 χοροί
219 3470 247 3506 τε
257 3447 395 3526 παρθένων
404 3450 541 3527 θμνοῳσῶν
556 3447 604 3521 τὴν
614 3449 671 3509 θεὸν
681 3450 761 3530 ᾠδαῖς
773 3452 902 3533 πατρίοις.

78 3562 102 3597 su
129 3532 228 3613 'Eque
252 3536 279 3594 δὲ
296 3533 394 3616 [τινα]
419 3536 466 3597 καί
482 3528 552 3596 οὗτοι
573 3540 625 3597 τῶν
639 3540 807 3616 καλουμένων
826 3544 903 3613 Καμ·

130 3625 219 3681 πεινῶν
238 3622 353 3682 sidiam
374 3624 443 3684 πάνυ
463 3627 508 3686 καὶ
522 3624 570 3699 τὴν
591 3628 649 3706 ὄψιν
670 3627 783 3697 ἡδίστων
808 3628 903 3687 πεδίων

134 3710 183 3766 ούκ
196 3710 336 3790 ἐλαγίστην
359 3720 467 3792 μοῖραν,
482 3714 552 3779 ἔθνος
564 3714 589 3771 τί
614 3713 773 3793 βαρόαρικθν
787 3715 902 3794 ,λθρόιγ-

130 3816 190 3863 κους
201 3797 232 3854 ίκ
251 3798 342 3877 μίρους
363 3802 555 3872 ἀναστήσαντες
570 3803 672 3860 αὐτῶν·
692 3801 738 3860 καί
756 3802 844 3868 πολεις
861 3805 904 3861 αθ·

131 3882 186 3941 τόθι
208 3884 405 3947 κατεσκεύασαν
425 3887 507 3955 άλλας
528 3911 558 3948 τε
571 3888 616 3947 καλ
631 3890 766 3968 λάρισαν,
793 3891 836 3949 tri
856 3895 903 3963 τῆς

432 3978 465 4032 ῶν
489 3976 674 4056 μητροπόλεως
696 3977 779 4053 ὄνομα
799 3978 903 4053 θέμενοι

130 4061 207 4140 αὐτῇ.
249 4060 311 4120 Τῶν
329 4061 405 4138 μίνο
451 4063 537 4122 άλλων
558 4065 729 4141 πολισμάτων
745 4066 814 4125 ἔστιν
829 4066 902 4126 θκαί

132 4145 225 4227 μίγρις
238 4150 304 4224 ipat
318 4150 381 4229 ὀρθὰ
395 4142 442 4223 ἦν,
454 4151 630 4232 διαμείψαντα
644 4152 772 4220 πολλάκις
786 4151 845 4221 τοὺς
858 4157 901 4213 ci-

129 4234 252 4312 ιήτορας·
267 4240 284 4306 ἡ
300 4236 325 4294 δὲ
342 4236 446 4316 Λάρισα
468 4241 497 4297 ἐκ
512 4241 617 4298 πολλῶν
636 4241 706 4300 πάνυ
727 4241 828 4321 χρόνων
842 4244 902 4323 ίρη-

129 4323 243 4396 peritiora
257 4324 310 4382 οὐδ’
323 4322 346 4382 ιί
358 4324 460 4384 πώποτ’
476 4325 566 4405 ᾠκήθη
578 4325 716 4406 γνώρισμα
733 4328 842 4409 φανερὸν
857 4331 901 4389 οὗ·

79 4438 103 4473 ιε
131 4408 171 4469 tls
197 4410 254 4489 ίχει
275 4419 330 4479 τοῖς
343 4416 387 4469 νῦν
409 4414 449 4471 δτι
466 4411 504 4489 μὴ
524 4414 656 4491 τούνομα,
681 4415 726 4473 καί
747 4414 900 4478 οὐδὲτοῦτο

129 4498 218 4556 πολλοὶ
231 4497 333 4558 ἴσασιν·
374 4491 407 4571 ἦν
423 4500 445 4559 δ’
470 4503 567 4581 ἀγορᾶς
581 4501 714 4569 Ποπιλίας
738 4505 900 4580 καλουμένης

129 4585 158 4642 ιθ
171 4585 272 4666 πρόσω.
315 4584 411 4647 Πολλά
425 4589 452 4646 δί
472 4589 518 4648 καὶ
536 4589 604 4648 άλλα
618 4594 666 4661 τῆς
680 4613 708 4649 τι
722 4595 898 4671 παραθαλατ-

128 4672 181 4731 τίου
196 4675 242 4733 καὶ
257 4676 284 4731 έν
296 4677 329 4752 τῇ
345 4676 481 4758 μεσογείῳ
493 4678 581 4758 χωρία
596 4678 725 4758 κατέσχον
741 4679 898 4758 ἀφελόμενοι

126 4760 184 4825 πῶς
196 4762 333 4829 Σικελούς.

78 4872 102 4907 ιο
164 4851 259 4914 ΧΧΠ.
275 4853 312 4911 Oi
322 4849 352 4910 δλ
366 4853 482 4911 Σικελοί·
498 4854 527 4912 οὗ
536 4854 587 4932 γάρ
596 4855 633 4913 ἔτ’
642 4854 762 4933 ἀντέχειν
770 4844 822 4913 οἷοί
832 4856 856 4912 τ’
866 4845 898 4926 ἦ·

125 4939 230 4997 σανθπό
243 4961 273 4999 τε
287 4942 436 5018 Πελασγῶν
450 4939 496 5000 καί
510 4942 678 5021 Ἀόοριγίνων
693 4942 897 5019 πολεμούμενοι·

124 5026 203 5087 τέκνα
216 5026 264 5087 καί
272 5035 399 5107 γυναῖκας
414 5028 460 5088 καί
477 5034 530 5090 τῶν
544 5029 691 5112 χρημάτων
706 5027 757 5090 ὅσα
767 5030 866 5109 χρυσὸς
878 5026 895 5102 ἢ

125 5116 235 5195 ἄργυρος
248 5108 282 5190 ἦν
302 5118 562 5196 ἀνασκευασάμενοι,
581 5120 700 5196 μεθίεντο
714 5121 802 5186 αὐτοῖς
823 5118 894 5180 άπά-

124 5224 171 5278 εης
183 5208 232 5276 τῆς
247 5207 308 5282 γῆς.
338 5206 509 5284 Τραπόμενοι
523 5206 550 5265 δί
564 5205 607 5264 διδ
623 5210 670 5280 τῆς
683 5207 785 5286 ὀρεινῆς
800 5205 845 5267 ἰπὶ
858 5205 893 5266 τά

960 3025 1029 3089 Argis
1041 3025 1173 3085 habitasse,
1184 3028 1223 3075 est
1234 3027 1335 3075 lunonis
1353 3026 1491 3088 temptum,
1505 3026 1571 3089 quod
1592 3026 1692 3076 Faleriis
1704 3026 1738 3077 ad

76 3108 99 3145 ει
128 3097 158 3152 ἐν
175 3092 301 3174 Φαλερίῳ
316 3096 555 3171 κατεσκευασμένος
570 3100 605 3163 ὡς
619 3100 645 3156 ἒν
661 3092 769 3178 Ἀργει·
783 3100 845 3158 ἔνθα
860 3100 907 3159 καί
960 3116 1042 3179 Argivi
1054 3116 1237 3167 similitudinem
1259 3119 1481 3168 estexstructum:
1499 3117 1543 3166 ubi
1564 3121 1590 3168 et
1612 3131 1738 3166 sacrorum

958 3209 1022 3258 ritus
1035 3212 1106 3259 erant
1115 3208 1216 3269 similes,
1231 3212 1257 3259 ct
1268 3222 1346 3259 sacrm
1356 3208 1473 3259 mulieres
1484 3221 1540 3270 qum
1552 3209 1637 3273 tempii
1653 3222 1738 3259 curam

961 3299 1128 3362 gaminacos
1146 3299 1236 3365 puelia,
1252 3300 1410 3351 danistriiera
1431 3304 1530 3360 vocata,
1548 3304 1616 3350 casta
1637 3303 1664 3350 et
1676 3312 1738 3361 nup·

957 3392 1049 3442 tiaram
1063 3404 1160 3456 expers,
1174 3405 1232 3456 quas
1255 3405 1326 3442 saera
1346 3392 1469 3456 auspicari
1489 3391 1597 3453 solebat,
1619 3395 1737 3454 praterea

958 3483 1028 3533 chori
1039 3484 1173 3547 virginum,
1192 3497 1250 3548 qum
1268 3484 1362 3547 patrios
1373 3483 1478 3546 hymnos
1495 3484 1519 3531 in
1533 3480 1599 3534 itlius
1610 3482 1664 3534 dere
1681 3482 1736 3533 laa-

958 3574 1014 3625 dem
1036 3575 1165 3625 canebant.
1199 3575 1365 3626 obtinuerunt
1392 3588 1491 3639 quoqne
1515 3576 1641 3638 quandam
1669 3588 1733 3625 eam.

958 3680 1057 3731 porum,
1068 3669 1110 3730 qui
1121 3669 1239 3731 campani
1254 3672 1382 3729 vomatur,
1396 3671 1497 3732 aspectu
1509 3668 1736 3718 anroenissimorum

956 3762 983 3809 et
1008 3760 1104 3822 pascuis
1126 3759 1325 3822 aptissimomm,
1342 3763 1437 3823 partem
1460 3773 1509 3809 non
1529 3761 1664 3821 minimam,
1679 3765 1735 3831 du·

956 3850 1039 3901 runcis
1060 3853 1131 3914 gente
1143 3850 1250 3901 barbara
1267 3851 1323 3901 inde
1341 3851 1419 3914 pulsis
1438 3871 1445 3901 ι
1463 3856 1487 3901 et
1505 3866 1562 3901 cum
1575 3852 1636 3902 alias
1647 3850 1734 3913 urbes,

956 3944 1096 3993 tumetium
1113 3942 1236 3992 larissam
1253 3942 1285 3992 ibi
1311 3943 1489 4004 condiderunt,
1511 3944 1551 3993 cui
1572 3957 1587 3993 a
1606 3944 1734 4007 metropoli

957 4034 1162 4098 Peloponnesiaca
1185 4047 1275 4083 nomen
1304 4034 1455 4083 indiderunt.
1487 4037 1630 4085 ceteramm
1663 4036 1735 4099 igitur

955 4125 1143 4188 urbiumque
1163 4126 1187 4175 in
1208 4124 1257 4174 hoc
1278 4138 1382 4174 numero
1405 4129 1489 4185 erant,
1508 4125 1631 4176 nonnullae
1649 4126 1690 4176 vel
1702 4126 1733 4176 ad

954 4231 1035 4269 meam
1048 4231 1127 4281 usquo
1138 4221 1236 4267 oetatem
1260 4218 1364 4267 mutatis
1385 4229 1451 4280 saepe
1469 4217 1554 4267 incolis
1565 4218 1670 4280 stabant,
1690 4219 1734 4269 sed

953 4311 1051 4361 Larissa
1060 4311 1108 4361 iam
1120 4311 1214 4374 pridem
1224 4310 1322 4359 deserta
1331 4311 1383 4369 est,
1395 4308 1429 4357 ita
1444 4311 1473 4358 ut
1483 4310 1590 4372 pristina
1602 4309 1731 4360 habitatio·

954 4403 991 4452 nis
1001 4402 1097 4452 nullum
1114 4403 1244 4466 uestigium
1264 4403 1342 4451 nostri
1362 4400 1445 4451 saeculi
1462 4401 1603 4452 bominibus
1615 4402 1732 4452 mantiss-

953 4497 1005 4542 tum
1023 4491 1132 4556 prebeat
1151 4495 1242 4556 praeter
1257 4491 1337 4553 ipsum
1357 4504 1459 4553 nomen,
1480 4497 1507 4542 et
1519 4505 1550 4541 oe
1564 4493 1611 4541 troc
1630 4491 1733 4554 quidem

952 4584 1036 4635 mullis
1058 4586 1097 4634 est
1111 4587 1223 4633 notum:
1250 4582 1336 4632 aberat
1358 4587 1441 4633 autcm
1466 4598 1515 4633 aon
1533 4582 1649 4647 procula
1669 4585 1732 4634 Foro
1793 4638 1801 4651 ι

953 4675 1047 4741 Popilii.
1091 4675 1143 4727 dlis
1156 4688 1256 4738 quoque
1274 4675 1353 4725 mutto
1372 4676 1438 4737 loca,
1458 4679 1509 4725 tam
1522 4676 1644 4725 maritima
1655 4688 1731 4739 quam

951 4770 1137 4826 mediterranea,
1152 4766 1240 4817 Siculis
1256 4771 1339 4830 erepta
1353 4770 1494 4818 tenuerunt.

981 4863 1059 4912 xilll.
1068 4859 1143 4909 Siculi
1152 4872 1211 4908 vero
1222 4859 1286 4921 (non
1293 4859 1357 4908 enim
1365 4857 1471 4920 amplius
1480 4857 1595 4907 resistere
1603 4862 1726 4921 poterant,

950 4944 1731 5010 simuiPelasgorumatqneaboriginumarmisoppressi)liberis

950 5035 1108 5094 etuxoribus,
1123 5038 1149 5084 et
1160 5048 1241 5086 rernm
1253 5047 1353 5084 suarum
1368 5031 1487 5096 quicquid
1498 5047 1586 5082 aurum
1596 5040 1622 5085 et
1633 5048 1723 5098 argen-

949 5128 1004 5174 tum
1014 5127 1079 5185 erat,
1095 5122 1205 5173 collectis
1220 5126 1273 5172 toto
1284 5136 1342 5185 agro
1355 5121 1391 5170 cis
1403 5125 1539 5171 cesserunt.
1557 5124 1588 5172 Et
1599 5135 1644 5186 per
1656 5137 1726 5173 moa·

948 5217 1005 5264 tana
1016 5211 1108 5263 locaad
1118 5210 1245 5262 meridiem
1258 5209 1333 5272 versi,
1347 5212 1450 5273 totaque
1460 5207 1573 5260 interiore
1583 5209 1654 5261 ltalia
1666 5222 1725 5275 per·
