4070 5926
651 382 947 475 auurourinruu
969 406 1118 470 norrun.
1143 408 1216 473 tra.
1240 414 1292 474 rx.
1331 500 1336 509 ι

166 548 221 607 ριον
233 527 388 589 ίκλίπωσιν.
431 530 473 589 Οὐ
490 528 711 608 προσδεξαμένων
727 533 755 592 δέ
773 540 825 594 τῶν
842 539 944 618 ἀνδρῶν

165 613 212 684 τδις
232 616 411 697 προκλήσεις,
429 613 499 676 ἀλλά
513 618 558 675 τὸν
580 620 671 696 εὐγενῆ
686 621 797 682 θάνατον
818 626 946 703 αἱρουμέ-

164 727 235 778 νων,
267 708 384 789 ἐπῄισαν
408 706 495 773 αὐτοῖς
511 696 586 775 αύθις
604 709 634 767 la
655 708 797 790 διαδοχῆς,
813 713 945 786 συστάδην

164 792 213 871 μέν
228 793 274 852 καί
294 798 325 853 ἐκ
345 792 433 875 χειρδς
459 792 548 854 οὐκέτι
570 796 735 876 μαχόμενοι,
755 799 891 880 πρόσωθεν
917 802 946 865 δέ

125 890 138 929 l
165 880 307 959 βάλλοντες
323 880 412 962 ἀθρόοι
432 882 543 964 λόγχαις
556 883 604 944 καί
624 886 758 967 χερμάσι·
771 890 817 947 καί
828 881 862 963 ἦν
873 915 945 971 νιφε-

163 971 202 1047 τῷ
215 972 402 1046 παραπλήσιος
417 975 434 1042 ἡ
450 971 550 1043 πληθύς
562 976 615 1031 τῶν
637 978 733 1053 βελιῒιν.
778 981 816 1040 Ol
831 979 858 1037 δὲ
877 979 945 1041 Ῥω-

164 1063 240 1132 μαῖοι
259 1057 465 1139 συστρεφόμενοι
488 1057 558 1119 κατδι
579 1061 675 1142 λόχους
697 1064 875 1146 προσέτρεχον
894 1073 944 1127 αύ-

163 1152 219 1210 τοῖς
233 1148 283 1226 οὐχ
296 1143 502 1226 ὑφισταμένοις,
527 1147 574 1206 καί
589 1149 690 1218 πολλδς
707 1152 811 1231 πληγδις
834 1153 944 1232 λαμόά-

164 1253 250 1299 νοντες
264 1234 314 1294 ὑπὸ
327 1236 380 1293 τῶν
394 1233 470 1313 πέριξ
485 1235 627 1314 ύπίμενον.
675 1237 726 1306 Ὡς
738 1240 766 1300 δὲ
777 1239 813 1300 τά
831 1265 861 1301 τε
881 1241 941 1325 ξίφη

111 1344 136 1384 ro
164 1321 271 1388 πολλοῖς
285 1322 409 1402 ἀχρηστα
422 1314 475 1399 ἦν,
489 1321 524 1384 τά
537 1325 586 1402 μέν
606 1328 817 1407 ἀπεστομωμένα
832 1330 879 1399 τδις
894 1335 942 1393 ἀκ-

1723 428 1783 490 539

999 549 1067 613 plius
1079 554 1184 605 stataria
1198 558 1223 605 et
1233 556 1348 607 caminus
1359 563 1516 624 pugnantes,
1532 562 1577 613 sed
1589 578 1676 617 omnes
1689 527 1783 622 lanceis

999 645 1176 715 lapidibusque
1196 667 1240 703 eos
1260 658 1374 718 petentes
1398 675 1405 706 ι
1427 658 1536 710 telorum
1555 673 1616 711 vero
1642 664 1781 717 multitudo

999 754 1053 801 erat
1069 752 1151 803 instar
1167 754 1233 804 nivis
1250 754 1369 807 hibernae.
1402 760 1435 807 Al
1446 759 1570 820 Romani,
1583 760 1610 809 in
1621 761 1708 824 globos
1720 779 1782 816 cou-

999 842 1112 912 denari,
1131 850 1158 901 in
1172 864 1298 902 eassuum
1316 853 1436 919 impetum
1456 869 1507 905 nou
1526 856 1680 908 sustinentes
1698 860 1779 913 irrac-

998 941 1072 1004 bant3
1097 947 1123 994 el
1148 944 1229 996 multa
1252 947 1359 999 uulnera
1386 962 1402 996 a
1426 948 1649 1002 circumstantibus
1667 953 1781 1019 undique

998 1039 1113 1092 hostibus
1129 1042 1200 1094 illata
1211 1045 1377 1108 perferebant.
1388 1046 1437 1098 sed
1448 1060 1527 1111 quum
1539 1047 1617 1111 gladii
1631 1050 1681 1101 iam
1692 1053 1780 1105 mullis

997 1146 1094 1197 nullum
1116 1150 1234 1203 afferrent
1250 1166 1338 1212 usum,
1361 1155 1450 1218 partim
1465 1154 1517 1205 acie
1541 1156 1666 1217 hebetati,
1688 1159 1775 1221 μυιιίιιι

997 1234 1080 1297 fracti,
1090 1252 1217 1306 quumque
1224 1243 1295 1306 clipei
1306 1244 1416 1309 undique
1424 1244 1545 1310 perforati
1552 1252 1643 1312 assam,
1654 1252 1681 1300 et
1691 1264 1777 1301 cruen-

997 1335 1042 1386 tan
1061 1336 1173 1403 plerique
1191 1344 1218 1391 et
1237 1340 1295 1393 telis
1313 1341 1433 1401 confossi,
1451 1344 1619 1410 membrisque
1638 1361 1690 1412 pra
1709 1350 1775 1399 mul·

164 1406 232 1485 μάς,
248 1410 323 1470 τὰδὲ
338 1412 506 1491 κατεαγότα,
527 1414 573 1473 καλ
593 1417 647 1476 τῶν
668 1416 787 1476 ἀσπίδων
811 1417 846 1477 τά
866 1420 941 1501 πέριξ

161 1495 230 1565 ίτυος
245 1499 359 1579 ἐχόμενα
375 1500 563 1582 διετέθρυπτο,
580 1502 684 1582 ἔξαιμοί
700 1528 727 1565 τι
738 1509 761 1564 οί
776 1506 880 1575 πλείους
896 1510 942 1571 καί

160 1588 315 1655 καταὸελεῖς
328 1589 374 1646 καὶ
386 1590 534 1669 παράλυτοι
549 1591 583 1650 τά
599 1594 668 1670 μέλη
684 1592 728 1651 διά
742 1597 841 1667 πλῆθος
854 1619 935 1677 τραυ-

161 1675 253 1753 μάτων
273 1668 361 1754 ἦσαν,
383 1680 630 1760 καταφρονήσαντες
650 1683 738 1744 αὐτῶν
759 1685 784 1743 ol
806 1687 939 1767 Τυρρηνοί

105 1779 131 1819 ιε
158 1769 290 1845 χωροῦσιν
304 1767 394 1844 θμόσε·
410 1768 456 1826 καί
470 1771 494 1828 oi
508 1768 638 1847 Ῥωμαῖοι
649 1772 869 1853 προσπίπτοντες,
882 1774 937 1835 ὥσ-

158 1875 210 1933 περ
222 1854 318 1929 θηρία,
334 1856 434 1929 δορατιί
447 1880 476 1915 τε
492 1859 578 1918 αὐτῶν
595 1859 837 1939 έπελαμύανόμενοι
853 1864 934 1922 κατί-

157 1941 229 2000 κλων
243 1942 289 2000 καὶ
303 1941 363 2023 ξίφη
378 1942 550 2023 δραττόμενοι
561 1949 631 2007 κατὰ
645 1948 692 2016 τάς
704 1950 792 2026 ἀκμάς
810 1950 936 2011 ἀπέσπων

157 2029 204 2089 καί
218 2034 413 2111 περικυλίοντες
431 2035 469 2101 εἷς
485 2032 534 2110 τὴν
554 2039 605 2115 γῆν
627 2035 662 2096 τδ
686 2036 799 2116 σόεματα
823 2040 938 2123 συνεφύ-

163 2139 248 2194 ροντο,
271 2119 347 2197 θυμῷ
376 2117 407 2175 τδ
431 2120 521 2177 πλεῖον
543 2118 561 2194 ἡ
584 2122 693 2199 δυνάμει
716 2124 940 2203 διαγωνιζόμενοι.

106 2223 135 2263 ευ
160 2203 249 2267 Ὥστε
264 2204 353 2265 ούκέτι
368 2204 501 2285 συνῄεσαν
515 2209 604 2277 αὐτοῖς
617 2211 653 2277 εἰς
669 2218 761 2292 χεῖρας
773 2215 797 2271 ol
811 2212 941 2289 πολέμιοι,

160 2294 191 2354 τὸ
203 2317 233 2353 τε
251 2292 406 2374 καρτερικδν
421 2296 630 2375 ἐκπληττόμενοι
644 2301 697 2357 τῶν
713 2302 813 2382 ἀνδρῶν
832 2301 879 2361 καί
894 2304 941 2374 τὴν

162 2379 302 2457 ἀπόνοιαν,
327 2380 361 2453 ἣν
384 2383 597 2462 προειλήφεσαν
623 2387 693 2448 κατά
719 2386 767 2460 τὴν
792 2388 942 2466 ἀπόγνωσιν

159 2474 205 2527 τοῦ
225 2473 272 2541 ζῆν
303 2469 433 2539 δεδιότες·
461 2472 521 2530 ἀλλ’
543 2474 705 2542 ἀποστάντες
727 2468 800 2546 αύθις
829 2479 941 2541 idatios

161 2555 251 2637 ἀθρόοι
263 2556 309 2617 καί
327 2555 413 2625 ξύλοις
428 2561 474 2619 καὶ
489 2561 569 2629 λίθοις
585 2563 631 2623 καί
641 2562 695 2643 &up
709 2566 783 2648 ἀλλῳ
797 2570 939 2650 ἐντύχοιεν.

101 2670 129 2709 as
156 2651 213 2713 Kal
231 2653 401 2721 τελιυτιῗιντες
414 2653 603 2733 ἐγκατέχωσαν
616 2656 710 2723 αύτούς
725 2660 763 2734 τῷ
775 2656 870 2730 πλήθει
884 2662 936 2719 τῶν

157 2741 254 2818 βελῶν.
297 2741 501 2823 Διαφθείραντες
516 2743 543 2802 δὲ
557 2743 617 2812 τοὺς
636 2745 731 2824 ἄνδρας
751 2745 823 2805 ἔθεον
845 2746 890 2805 έπί
900 2747 937 2807 τὸ

156 2828 294 2909 φρούριον,
311 2828 415 2911 ἔχοντες
429 2830 476 2898 alr<
497 2834 551 2891 τῶν
565 2833 782 2914 ἐπιφανεστάτων
796 2837 935 2915 κεφαλάς,

154 2921 190 2986 ὡς
209 2917 236 2987 ἐξ
257 2918 351 3000 ἐφόδου
372 2919 432 2987 τοὺς
455 2921 511 2979 laci
531 2920 763 3003 παραληψόμενοι.
814 2925 856 2983 os
882 2924 936 3003 μὴν

154 3006 275 3088 έχύιρησέ
298 3030 329 3084 γε
345 3008 433 3075 αὐτοῖς
451 3007 521 3068 κετδι
534 3005 584 3082 τὴν
600 3009 697 3068 stulte
717 3008 749 3068 τδ
769 3012 855 3091 ἔργον.
898 3015 934 3074 Οί

100 3120 129 3161 aa
154 3100 206 3176 γὰρ
221 3096 440 3177 καταλειφθέντες
459 3098 486 3154 έν
502 3097 592 3178 αὐτῷ,
612 3099 778 3169 ζηλώσαντες
791 3099 822 3158 τδ
835 3101 936 3177 εὐγενές

153 3190 200 3242 τοῦ
214 3184 327 3244 θανάτου
337 3189 389 3244 τῶν
402 3209 431 3244 τε
448 3185 560 3265 ἑταίρων
573 3185 620 3247 καὶ
632 3190 684 3246 τῶν
695 3191 843 3267 συγγενῶν,
859 3188 935 3263 ἐξῆλ-

155 3279 198 3333 θον
213 3274 298 3353 ὀλίγοι
313 3275 483 3334 παντάπασιν
498 3273 584 3351 ὄντες,
606 3275 653 3336 καὶ
666 3276 748 3338 πολὺν
766 3279 933 3358 ἀγωνισάμε·

152 3385 192 3422 νοι
206 3365 300 3443 χρόνον
316 3362 361 3422 τδν
376 3362 454 3422 αθτδν
472 3363 569 3443 τρόπον
581 3364 678 3443 ἑτέροις
697 3366 811 3435 άπαντες
825 3370 933 3447 διεφθά-

52 3456 56 3463 ’
155 3473 253 3531 ρησαν·
273 3451 304 3511 τὸ
322 3449 350 3510 δέ
364 3452 461 3532 χωρίον
475 3450 575 3534 ἔρημον
588 3457 611 3512 ol
627 3456 759 3536 Τυρρηνοὶ
770 3455 932 3537 παρέλαθεν.

98 3560 126 3602 aa
153 3536 234 3614 Ἐμοί
259 3537 306 3617 μίν
340 3540 372 3612 δὴ
396 3544 411 3599 θ
433 3540 510 3620 λόγος
534 3532 609 3606 οὗτος
634 3543 787 3622 πιστότερος
813 3544 934 3627 ίφαίνετο

153 3624 220 3685 πολὺ
234 3631 280 3686 τοῦ
301 3626 439 3710 προτέρου.
492 3628 625 3709 Φέρονται
644 3631 667 3687 δ’
691 3632 718 3689 έν
734 3635 849 3713 γραφαῖς
864 3631 933 3694 Ῥω-

153 3716 240 3791 μαίων
255 3715 398 3795 ἀξιοχρέοις
418 3717 572 3798 ἀμφότεροι.

193 3807 289 3867 xxii.
313 3806 353 3866 Τθ
377 3804 405 3865 δέ
420 3806 617 3884 συναπτόμενον
642 3805 743 3874 τούτοις
765 3808 817 3868 ὑπό
835 3832 930 3885 τινων,

995 1430 1106 1485 titudine
1120 1435 1249 1488 vulnerum
1266 1438 1396 1491 dissolutis
1413 1443 1519 1504 starent,
1539 1445 1652 1505 Etrusci,
1668 1444 1699 1494 iis
1715 1459 1775 1496 con·

995 1526 1093 1588 lamiis,
1112 1541 1200 1582 manns
1225 1545 1283 1582 cum
1302 1532 1362 1597 ipsis
1385 1541 1571 1588 conseruerunt.
1606 1539 1638 1586 At
1663 1539 1774 1601 Romani,

996 1616 1102 1672 ferarum
1122 1624 1172 1675 ritu
1192 1631 1348 1689 proruentes,
1368 1642 1455 1680 eorum
1473 1629 1558 1681 basias
1577 1630 1774 1694 prebendebanl,

995 1723 1087 1775 easque
1098 1713 1293 1781 perfringebant,
1309 1719 1453 1787 gladiosque
1463 1735 1509 1786 per
1517 1722 1583 1787 ipsas
1592 1723 1658 1773 acies
1669 1723 1776 1788 prehen-

994 1801 1082 1855 dautes
1096 1805 1147 1857 illis
1160 1811 1340 1875 extorquebant
1355 1831 1361 1863 :
1378 1813 1480 1878 quidam
1496 1814 1617 1866 etiamen
1631 1815 1684 1880 ipsa
1693 1818 1775 1880 strage

994 1903 1123 1962 surgentes
1142 1915 1196 1953 sese
1214 1903 1263 1954 illis
1283 1904 1472 1967 immiscebant,
1494 1907 1584 1958 animis
1604 1909 1682 1972 magis
1699 1924 1773 1974 quam

994 1992 1090 2044 viribus
1114 2001 1264 2061 pugnantem
1286 2000 1321 2050 ita
1347 2005 1376 2052 ul
1398 2002 1483 2053 hostes
1510 2017 1568 2053 curn
1593 2003 1642 2055 iliis
1669 2005 1775 2069 amplius

992 2095 1110 2159 congredi
1123 2111 1173 2147 non
1194 2097 1332 2158 auderent,
1345 2103 1401 2150 tum
1416 2114 1504 2151 eorum
1524 2099 1664 2166 pervicacia
1679 2103 1772 2164 territi,

992 2191 1047 2238 lum
1062 2189 1139 2240 eliam
1151 2189 1352 2254 desperationem
1366 2191 1438 2253 silea,
1454 2191 1480 2242 in
1496 2206 1572 2256 ηυιιιυ
1585 2193 1622 2242 ilii
1634 2199 1773 2260 venerant,

993 2278 1171 2343 tonnidantes3
1196 2282 1242 2332 scd
1262 2281 1354 2333 iterum
1375 2284 1475 2334 eminus
1491 2298 1579 2335 omnes
1601 2286 1726 2346 conserti,
1747 2292 1773 2339 et

991 2369 1100 2421 fustibus
1114 2375 1140 2421 et
1156 2371 1281 2436 lapidibus
1293 2372 1399 2437 aliisque
1411 2374 1484 2432 telis,
1498 2388 1655 2440 quacunque
1667 2391 1694 2427 se
1711 2378 1773 2441 ipsis

990 2461 1156 2524 obtulissent,
1172 2478 1216 2515 eos
1233 2467 1355 2528 peterent.
1389 2469 1472 2525 Quare
1489 2467 1591 2517 taudem
1603 2482 1647 2518 eos
1662 2469 1772 2519 telorum

990 2555 1154 2607 mullitudine
1169 2555 1317 2608 obruerunt.
1351 2556 1449 2616 Quibus
1464 2558 1552 2619 cesis,
1571 2572 1647 2609 cursu
1663 2560 1696 2610 ad
1715 2574 1770 2610 eas·

991 2648 1081 2699 tellum
1093 2648 1294 2712 contenderunt,
1316 2648 1547 2701 illustrissimorum
1561 2650 1675 2701 virorum
1689 2652 1771 2715 capitu

990 2742 1169 2805 preferentes,
1182 2745 1211 2791 ul
1226 2742 1309 2804 primo
1324 2741 1422 2807 impetn
1439 2741 1608 2806 presidianos
1620 2742 1651 2792 ad
1664 2742 1772 2793 deditio·

991 2850 1049 2887 uem
1064 2835 1227 2901 compulsuri.
1260 2836 1334 2888 iiaud
1349 2840 1433 2887 lernau
1457 2850 1497 2887 res
1516 2836 1567 2887 iilis
1588 2837 1723 2899 successit,
1743 2842 1771 2888 ut

990 2931 1130 2994 sperarant.
1162 2930 1224 2979 llam
1234 2967 1240 2989 ,
1250 2929 1294 2992 qui
1310 2928 1335 2977 in
1348 2942 1378 2979 ao
1392 2929 1492 2978 lucrant
1502 2926 1771 2990 relicti,amulatione

989 3021 1080 3072 morlia
1101 3033 1228 3086 generose
1249 3019 1374 3069 sociorum
1399 3032 1551 3084 suorumque
1576 3019 1708 3081 gentilium
1728 3035 1771 3071 ac-

989 3112 1070 3171 censi,
1082 3111 1210 3177 perexigui
1229 3125 1336 3162 numero
1353 3111 1515 3175 prodierunt;
1541 3113 1568 3161 et
1588 3115 1646 3175 post
1668 3111 1769 3175 longum

989 3208 1126 3264 certamen,
1138 3204 1227 3255 eodem
1236 3203 1312 3254 modo
1323 3216 1374 3267 quo
1383 3203 1484 3266 reliqui,
1498 3216 1585 3253 omues
1597 3203 1768 3257 interierunt:

989 3296 1122 3347 castellum
1135 3295 1332 3346 verodeserlurn
1345 3296 1446 3345 Etrusci
1459 3298 1589 3358 oeperunt.
1622 3298 1682 3345 Hac
1696 3296 1771 3359 igitur

988 3388 1074 3452 opinio
1089 3387 1152 3438 mihi
1172 3387 1254 3437 multo
1272 3386 1441 3451 probabilior,
1457 3399 1533 3450 quam
1555 3386 1637 3449 prior,
1658 3387 1767 3438 videtur.

988 3488 1126 3550 Utramque
1144 3489 1228 3535 lamen
1244 3484 1337 3549 scripta
1349 3486 1519 3534 Romanorum
1532 3482 1581 3533 nde
1592 3483 1668 3548 digna
1678 3497 1770 3534 memo-

988 3582 1034 3631 ria
1052 3580 1226 3645 prodiderunt.
1300 3592 1302 3595 ·

1019 3817 1095 3866 xiiii.
1113 3815 1187 3875 Quod
1203 3829 1264 3864 vero
1278 3813 1393 3866 nonnulli
1409 3814 1449 3864 his
1462 3814 1574 3874 addunt,
1594 3815 1710 3879 quamvis
1723 3829 1769 3867 nec

118 3914 124 3927 ·
152 3894 210 3955 οὔτε
226 3895 319 3968 ἀληθές
340 3894 370 3955 δν
384 3893 444 3955 οὔτε
464 3897 588 3970 πιθανόν,
611 3899 642 3956 ἐκ
658 3895 881 3978 παρακούσματος
903 3901 931 3959 δέ
987 3919 1091 3964 verum,
1116 3919 1162 3955 nec
1183 3903 1333 3963 verisimile,
1349 3902 1395 3954 sed
1413 3901 1563 3969 quibusdam
1589 3903 1768 3955 rumoribusa

96 4006 126 4047 so
151 4006 220 4051 τινος
233 3984 420 4061 πεπλασμένον
435 3984 488 4043 ύπδ
502 3988 548 4043 τοῦ
561 3984 692 4058 πλήθους,
707 3984 778 4054 άξιον
793 3987 831 4066 μὴ
844 4011 932 4070 παρα·
987 3993 1093 4043 veritate
1105 3991 1195 4042 alienis
1207 3991 1240 4041 sit
1255 3993 1355 4053 lictum,
1368 3995 1454 4043 mmeu
1472 4004 1556 4056 operas
1569 3990 1678 4056 pretium
1695 3992 1769 4043 tuerit

153 4068 241 4123 λῑπέῖν
263 4066 445 4135 ἀνεξέταστον.
491 4068 605 4147 Λέγουσι
621 4070 671 4150 γάρ
689 4073 721 4144 δή
744 4097 820 4148 τινες,
839 4079 891 4135 τῶν
910 4077 938 4147 l}
986 4081 1036 4132 boc
1053 4081 1193 4141 discutere,
1208 4080 1514 4146 necsllcnlioprralerira.
1557 4080 1679 4131 Nonnulli
1697 4083 1768 4133 enirn
1821 4084 1823 4088 '

154 4156 200 4215 καὶ
223 4155 383 4233 τριακοσίων
401 4156 515 4217 basias
540 4160 724 4235 ἀπολομένων,
746 4162 787 4222 ύτι
807 4163 835 4223 lu
859 4165 937 4242 μόνον
986 4172 1089 4231 dicunt,
1104 4185 1174 4223 enarr
1192 4170 1277 4222 Fabiis
1294 4170 1379 4230 caesis,
1393 4185 1425 4221 ex
1440 4173 1494 4220 tola
1509 4173 1581 4233 gente
1592 4168 1695 4219 unicum
1707 4184 1768 4235 pue-

153 4243 259 4325 ίθῑίθθθ
269 4251 314 4304 τοῦ
325 4244 415 4324 γένους
426 4243 543 4322 παιδίον,
555 4256 666 4327 πρᾶγμα
678 4251 707 4310 οὐ
721 4251 800 4327 μόνον
812 4252 938 4316 ἀπίθανον
986 4276 1043 4311 rum
1059 4261 1190 4312 relictum:
1208 4274 1261 4310 rena
1274 4274 1325 4310 non
1335 4259 1417 4310 solutu
1428 4258 1619 4320 incredibilem,
1633 4259 1677 4310 sed
1691 4261 1766 4311 etiam

106 4404 113 4417 ι
154 4334 223 4392 ἀλλά
233 4335 279 4394 καί
289 4337 418 4397 ἀδύνατον
429 4335 587 4413 εἰσάγοντες.
633 4337 703 4399 Ούτε
714 4340 767 4422 γδιρ
775 4341 899 4410 ἀτέκνους
908 4369 937 4403 τε
985 4365 1043 4415 quea
1057 4351 1110 4400 deri
1134 4365 1184 4401 nou
1203 4350 1300 4414 potuit,
1322 4348 1520 4399 introducentes.
1558 4351 1609 4399 Nec
1627 4349 1695 4399 euim
1713 4349 1767 4399 tieri

95 4442 126 4479 ss
152 4422 199 4481 καλ
214 4424 333 4501 ἀγάμους
349 4423 469 4492 ἅπαντας
490 4414 558 4484 εἶναι
575 4427 682 4486 δυνατὸν
703 4419 736 4501 ἦν
750 4430 809 4498 τούς
824 4431 938 4501 ἀξιλθόν-
986 4443 1101 4505 poterat,
1122 4442 1151 4488 ut
1166 4452 1252 4489 ornnes
1269 4436 1352 4497 Fabii,
1369 4438 1413 4502 qui
1434 4438 1461 4488 in
1480 4436 1543 4487 illud
1562 4437 1695 4489 rastellum
1713 4437 1768 4487 ire·

154 4519 250 4580 τατίίι
267 4512 437 4596 τδφρούριον
455 4514 587 4581 caelone.
635 4515 669 4577 Ὁ
686 4517 736 4597 γδρ
758 4520 868 4601 ἀρχαῖος
884 4524 934 4581 αὖ·
985 4532 1059 4587 rant,
1076 4527 1228 4579 essentsine
1247 4526 1333 4576 liberis
1349 4529 1376 4577 et
1395 4526 1502 4577 caunas.
1538 4530 1601 4578 Nam
1621 4526 1703 4592 prisea
1719 4527 1767 4576 Ro-

155 4603 207 4658 τδνν
222 4601 301 4676 νόμος
314 4606 410 4681 γαμεῖν
424 4604 450 4661 τ’
465 4605 600 4681 ἠνάγκαζε
616 4604 676 4674 τοὺς
686 4609 713 4665 έν
726 4610 829 4692 ἡλικίη,
845 4612 891 4671 καί
902 4611 936 4671 τὰ
984 4630 1115 4667 manorum
1136 4616 1176 4666 len
1196 4615 1298 4679 cogebat
1321 4628 1378 4678 eos,
1401 4615 1447 4679 qui
1468 4629 1513 4679 per
1538 4619 1640 4666 atatem
1663 4615 1767 4678 possent

155 4688 306 4765 γεννώμενα
317 4686 426 4753 ’ἅπαντα
437 4692 584 4768 ίπαναγκες
592 4693 838 4779 τρέφειν·ονούκάν
848 4699 933 4771 δήπου
985 4718 1077 4754 uxores
1087 4703 1192 4763 ducere,
1204 4705 1231 4753 et
1246 4704 1275 4751 ul
1285 4715 1371 4751 ornnes
1382 4701 1475 4753 liberos
1490 4706 1620 4767 susceptos
1630 4701 1765 4753 cdumreut

147 4782 296 4843 κατέλυσαν
312 4785 336 4842 ol
355 4780 459 4843 Φάόιοι
479 4781 554 4859 μόνοι
577 4785 780 4861 πεφυλαγμένον
805 4785 869 4863 ιίχρι
883 4790 930 4855 τῆς
984 4807 1083 4844 necesse
1096 4797 1152 4843 erat
1165 4810 1171 4841 ι
1182 4804 1259 4857 quam
1277 4791 1356 4855 legem
1369 4791 1503 4855 diligenter
1516 4804 1597 4856 usque
1615 4791 1647 4841 ad
1663 4795 1764 4844 atatem

89 4896 121 4935 uo
148 4875 248 4932 ίαυτῶν
272 4873 379 4943 ἡλικίας
401 4869 453 4930 ὑπὸ
476 4874 528 4929 τῶν
546 4869 680 4949 πατέρων.
724 4873 757 4931 Εἰ
778 4871 809 4929 δέ
831 4873 863 4943 δὴ
883 4875 930 4934 καί
983 4895 1055 4932 εοεαε
1074 4881 1243 4932 εειιείοτίθιεε
1258 4884 1402 4940 servatam,
1420 4880 1614 4946 haudquaquam
1633 4880 1680 4930 soli
1694 4882 1764 4932 Fabii

146 4966 225 5021 τοῦτο
240 4962 297 5033 θείη
310 4986 366 5032 τις,
381 4961 441 5019 ἀλλ’
462 4960 548 5019 ίιιιῖνό
563 4983 593 5038 γε
609 4963 658 5020 οὐκ
682 4959 714 5018 ἀν
728 4959 768 5019 έτι
784 4961 930 5041 συγχωρη·
983 4968 1184 5020 contemsissem.
1209 4967 1287 5019 Sedsi
1302 4968 1359 5032 quis
1374 4967 1423 5018 boc
1435 4981 1536 5032 quoque
1548 4968 1683 5031 concedat,
1698 4968 1763 5021 illud

147 5072 220 5125 σειε,
235 5049 265 5107 τὸ
281 5051 347 5126 μηδὲ
365 5049 492 5130 ἀδελφούς
510 5051 598 5109 αὐτῶν
621 5039 691 5109 εἷναί
710 5072 794 5122 τισιν,
821 5045 928 5121 ἠλικίαν
982 5060 1137 5108 tamennon
1160 5056 1236 5108 etiam
1256 5056 1390 5117 concedet,
1416 5071 1447 5107 ne
1466 5057 1557 5107 tratres
1576 5056 1677 5121 quidem
1699 5059 1762 5111 ullos

147 5137 187 5199 έτι
212 5139 315 5197 παίδων
340 5139 463 5218 ἔχοντας·
482 5138 573 5214 μύθοις
594 5134 646 5219 γάρ
676 5135 708 5210 δὴ
727 5138 812 5197 ταῦτά
827 5162 858 5218 γε
881 5140 927 5199 καί
982 5145 1161 5198 αιῑαῑίεαθλευο
1178 5146 1277 5198 tenellae
1292 5145 1343 5197 iliis
1358 5146 1443 5197 luisse.
1476 5149 1537 5197 Hac
1553 5146 1721 5199 euimiabulis
1736 5153 1761 5200 el

147 5226 305 5303 πλάσμασιν
319 5225 388 5288 ἔοικε
399 5231 553 5305 θεατρικοῖς.
605 5228 641 5288 Οί
655 5225 683 5285 tl
694 5225 804 5307 πατέρες
819 5230 924 5308 αὐτῶν,
982 5236 1107 5302 tigmentis
1125 5236 1255 5289 theatricis
1273 5235 1444 5288 suntsirnilia.
1478 5236 1566 5289 Patres
1579 5251 1639 5290 reru
1657 5251 1759 5302 eorum,
