4048 5924
666 394 964 471 ANTIQUITATUM
984 394 1134 459 ROMAN.
1156 398 1231 459 Lib.
1254 399 1322 463 vii.
1722 404 1782 464 iob

167 557 181 585 ε
196 529 359 613 ἐφιεμένους·
387 527 467 611 χάριν
498 528 600 597 εἰδότας
632 535 686 596 τοῖς
715 533 799 601 θεοῖς,
832 525 874 588 ότι
902 528 950 587 aba
1001 551 1019 579 u
1032 534 1098 600 quod
1118 550 1168 587 non
1185 539 1251 601 pessi
1269 530 1361 591 tuerint
1376 530 1420 591 eos
1439 532 1557 593 rumorem
1569 541 1785 593 auctoritatemac

168 645 182 673 ι
198 618 290 679 εἴασαν
306 616 400 686 abacia
423 616 457 678 τδι
480 621 574 697 πρῶτα
597 616 842 688 πλεονεκτήσαντας
861 619 897 683 τίς
915 614 949 675 τίι
1005 642 1018 667 «
1032 624 1205 687 potentianam
1223 625 1348 690 republica
1360 626 1477 692 adeptos,
1498 626 1523 678 in
1537 629 1628 679 ceteris
1642 625 1717 678 rebus
1729 639 1785 678 mo·

165 709 276 777 aloarii
302 714 461 789 σωφρονεῖν,
485 704 555 766 ἀλλά
581 704 679 778 ταύτην
706 705 831 765 ένίόαλον
861 705 950 770 αὐτοῖς
1005 731 1017 754 ι
1032 710 1252 777 destesegerere3
1265 713 1310 766 sed
1324 714 1373 766 iilis
1391 714 1519 780 iniecerint
1531 716 1596 768 banc
1607 715 1784 781 impudentiam

169 823 183 851 ε
196 794 244 868 τήν
259 797 448 879 ἀναισχυντίαν
464 818 493 854 τε
510 793 557 853 καί
568 793 846 873 πολυπραγμοσύνην,
862 791 905 875 ὑφ’
920 784 951 864 ἧς
1006 820 1018 843 κ
1033 803 1061 851 et
1083 800 1228 852 elircnaiam
1249 815 1334 853 rernm
1359 803 1536 868 cupiditatem,
1560 819 1605 870 por
1633 818 1708 870 quam
1740 817 1786 854 ros
1854 848 1859 855 ,

126 905 141 944 ι
169 911 183 938 ι
199 888 274 963 ὑμεῖς
299 882 506 965 ἀναγκασθέντες
531 881 565 941 τά
592 885 617 940 τ’
641 881 800 942 ἀπολωλότα
823 885 950 962 πειρᾶσθε
1006 905 1019 930 ι
1035 889 1115 940 coacti
1127 894 1154 940 et
1167 889 1318 942 resamlssas
1327 904 1474 955 recuperare
1490 892 1623 954 conamini,
1636 895 1663 944 et
1679 890 1786 955 reliquas

169 1000 183 1027 ι
197 972 357 1048 ἀναλαόιῖν,
379 972 425 1033 καί
444 970 478 1032 τδι
492 971 572 1033 λοιπδι
588 972 621 1031 δι’
645 963 677 1045 ἧς
697 976 815 1052 προσῆκε
831 971 950 1053 φυλακῆς
1006 991 1018 1017 ν
1035 971 1172 1038 diligenter,
1185 980 1213 1027 ut
1229 976 1314 1038 decet,
1331 976 1464 1029 custodire.

170 1061 299 1123 «λαθεῖν.

207 1151 312 1213 XXIV.
336 1177 350 1204 α
372 1147 471 1231 Karpia
493 1149 522 1210 ei
549 1153 563 1209 δ
586 1145 679 1229 παρὼν
699 1138 751 1216 οἶος
776 1150 827 1229 οὔχ
845 1145 947 1227 lupos,
1036 1169 1123 1219 xxiv.
1142 1186 1155 1212 a
1172 1170 1222 1219 ilee
1243 1169 1291 1219 alia
1317 1168 1403 1221 melior
1423 1169 1521 1221 occasio
1544 1182 1620 1234 quam
1642 1169 1691 1221 ista
1715 1167 1787 1220 robis

165 1258 184 1293 a
199 1237 273 1314 είπερ
290 1261 320 1318 γε
336 1236 463 1319 ἄρχεσθαι
483 1236 594 1315 μέλλετε
611 1244 767 1319 σωφρονεῖν,
786 1239 812 1295 ἐν
834 1225 949 1318 pata&-
1006 1266 1088 1305 «sese
1106 1255 1196 1306 oiieret
1220 1255 1259 1319 (si
1271 1254 1346 1305 modo
1358 1270 1424 1306 ruric
1439 1255 1539 1306 tandem
1560 1268 1648 1319 sapere
1660 1254 1786 1320 incipitis)

116 1342 143 1385 ¹0
170 1349 282 1387 “tami
307 1328 393 1387 αὖτῶν
411 1326 441 1387 τὸ
461 1328 586 1387 πλεῖστον
609 1324 688 1407 μέρος
710 1325 761 1385 ὖπδ
780 1330 826 1384 τοῦ
852 1326 947 1401 λιμοῦ,
1006 1361 1018 1384 ι
1036 1340 1135 1405 quando
1155 1341 1262 1392 maxima
1280 1353 1365 1393 eorum
1386 1355 1444 1407 pars
1469 1342 1534 1394 lame
1551 1345 1591 1393 est
1610 1341 1734 1402 conlecta,
1755 1343 1784 1392 et

170 1415 243 1476 ικαῖ
260 1415 291 1475 τό
310 1414 401 1475 λοιπόν
418 1418 466 1475 οθκ
484 1413 517 1475 δν
533 1413 571 1475 ίτι
588 1413 694 1475 δύναιτο
714 1411 797 1473 πολδν
816 1416 949 1494 ἀντισχεῖν
1005 1447 1019 1472 ι
1034 1427 1128 1490 reliqua
1148 1426 1181 1478 ob
1196 1427 1306 1492 inopiam
1324 1427 1419 1478 diutius
1435 1426 1549 1478 resistere
1570 1441 1620 1478 non
1636 1426 1742 1492 poterit,
1763 1428 1786 1478 si

165 1529 184 1573 ,ν
196 1502 291 1584 χρόνον
307 1503 351 1562 ὑπ’
370 1502 558 1585 ἀχρηματίαν,
573 1503 598 1562 εἰ
618 1499 743 1571 σπανίους
755 1524 785 1561 τε
799 1500 846 1561 καὶ
860 1500 950 1577 τιμίαν
1006 1528 1126 1580 «mucce
1141 1518 1167 1566 ει
1184 1529 1256 1568 cros
1272 1515 1389 1567 ιιιυειιι
1404 1519 1559 1567 commutas
1579 1515 1642 1580 :qut
1654 1515 1720 1567 euim
1737 1516 1785 1566 im·

169 1593 255 1676 αάχοι
270 1594 317 1660 τδις
330 1594 442 1673 ἀγοράς·
463 1593 710 1670 ἀναγκασθήσονται
721 1590 748 1650 δῖ
759 1593 783 1651 ci
798 1590 847 1669 μίν
859 1589 949 1651 κάκισ·
1006 1620 1018 1646 ι
1032 1602 1173 1666 probissimi
1193 1606 1269 1664 sunt,
1292 1606 1317 1653 et
1335 1615 1462 1665 nunquam
1484 1601 1633 1667 optimatum
1657 1601 1786 1654 dominatu

169 1707 183 1738 ε
199 1705 239 1742 τοι
259 1679 305 1741 καὶ
329 1680 452 1740 οῖδέποτε
471 1683 505 1763 τῇ
530 1680 721 1761 ἀριστοκρατίᾳ
741 1678 878 1760 χαίροντες
901 1678 947 1736 lx·
1005 1692 1155 1752 rimantur,
1170 1691 1206 1742 iili
1218 1691 1307 1741 urbem
1324 1690 1514 1757 dese1·ere,qui
1531 1703 1592 1743 vero
1609 1693 1670 1742 sunt
1686 1689 1788 1742 εκσεθεε·

115 1790 141 1832 ιε
169 1770 283 1829 «λιπεῖν
302 1766 351 1842 τήν
370 1767 462 1841 πολιν,
482 1769 507 1828 oi
525 1769 548 1827 δ’
559 1767 749 1848 ἀπιιιιιέστεροι
765 1766 948 1827 πολιτεόεσθαι
1006 1781 1131 1843 stiores,
1143 1777 1178 1829 iili
1197 1792 1225 1830 se
1243 1778 1371 1830 moderate
1389 1792 1488 1843 gerere.
1501 1780 1527 1829 et
1544 1778 1637 1829 nuliam
1649 1778 1786 1830 molestiam

168 1881 184 1911 ε
198 1854 315 1933 κοσμίως
335 1854 417 1933 μηθέν
432 1854 472 1915 ίτι
490 1857 656 1938 ἐνοχλοῦντες
676 1859 749 1933 ὑμῖν.
793 1853 850 1923 Τάς
865 1878 893 1915 τε
904 1844 947 1913 οὖν
1005 1886 1019 1911 ι
1032 1863 1103 1917 robis
1124 1864 1231 1930 amplius
1257 1865 1375 1917 exhibere
1397 1870 1524 1931 cogentur.
1569 1871 1697 1918 Annonam
1713 1866 1788 1931 igitur

168 1968 184 1998 ε
198 1941 296 2024 ἀγοράς
326 1940 369 2002 διά
389 1942 508 2026 φυλακῆς
533 1947 624 2024 ίχετε,
644 1945 698 2025 [aui
721 1948 769 2016 τῆς
793 1946 872 2021 τιμῆς
895 1946 947 2001 τῶν
1007 1952 1162 2017 «diligenter
1178 1953 1288 2014 semote,
1301 1955 1328 2003 et
1344 1951 1405 2003 nllaii
1419 1953 1548 2005 deremm
1565 1953 1690 2005 renalium
1709 1952 1788 2018 pretio

168 2030 285 2089 «ὠνίων
305 2029 500 2108 μηθδνάνίετε,
519 2033 579 2091 ἀλλ’
600 2030 662 2093 όοου
683 2033 808 2092 πλείστου
831 2052 897 2090 ποτε
915 2020 947 2103 ήν
1006 2060 1019 2085 ε
1033 2038 1228 2099 κοιλήναντα
1249 2042 1344 2103 quanto
1364 2042 1474 2092 maximo
1491 2042 1573 2106 pretio
1596 2054 1709 2106 unquam
1728 2041 1786 2092 ante

169 2145 184 2174 e
196 2118 229 2179 τδ
243 2117 324 2193 ὥνια,
336 2118 461 2179 τοσούτου
471 2118 518 2178 καί
529 2124 575 2179 νῦν
592 2119 660 2181 αὐτόν
672 2122 770 2180 πωλεῖν
783 2118 944 2201 ψηφίσασθε,
1006 2146 1019 2173 ι
1034 2127 1140 2178 venditu
1155 2128 1263 2189 luerunt,
1278 2128 1340 2180 tanti
1354 2142 1419 2180 nnnc
1430 2142 1531 2194 quoque
1540 2143 1585 2181 eas
1600 2130 1674 2181 rendi
1686 2128 1785 2190 iubete,

113 2230 144 2273 ,ο
170 2206 301 2274 εδυιαίτς
320 2204 441 2287 ἀφορμάς
463 2207 568 2289 ἔχοντες
590 2207 635 2268 καί
657 2209 801 2289 προφάσεις
819 2204 947 2287 εὐλόγους
1006 2238 1019 2262 ι
1032 2217 1111 2268 iustas
1121 2215 1242 2269 babentes
1252 2230 1354 2269 caumas
1365 2222 1393 2269 et
1404 2217 1676 2285 railoncsprobabiies3
1697 2231 1787 2284 nempe
1805 2244 1807 2247 ·

169 2296 246 2370 «τήν
269 2320 297 2356 τε
318 2296 462 2378 ἀχάριστον
488 2303 535 2358 τοῦ
559 2298 647 2376 δήμου
670 2297 821 2371 καταόοήν,
844 2300 879 2365 ὡς
902 2299 945 2377 ὑφ’
1005 2325 1018 2350 α
1031 2306 1134 2369 ingratae
1148 2306 1229 2370 piebis
1245 2308 1442 2367 accusationem,
1458 2307 1532 2371 quasi
1551 2308 1605 2359 tuec
1623 2321 1729 2359 εοοουιο
1743 2320 1787 2358 ca·

170 2387 271 2462 εθμῶν
296 2384 554 2459 κατασκευασθείσης
573 2392 621 2459 τῆς
639 2386 785 2459 σιτοδείας,
801 2385 820 2459 il
836 2381 879 2443 διδ
897 2383 947 2456 τήν
1004 2414 1018 2440 ι
1035 2394 1096 2444 ritas
1111 2396 1137 2444 et
1150 2394 1259 2457 inopiae
1276 2394 1347 2444 robis
1361 2394 1387 2444 in
1398 2393 1486 2446 urbem
1504 2396 1580 2446 tuerit
1591 2394 1709 2457 inducta,
1729 2409 1787 2460 qua

168 2499 183 2530 ι
198 2475 344 2535 ἀπόστασιν
365 2470 412 2547 τήν
425 2476 530 2535 ίκεῖνων
546 2472 670 2552 ἐγένετο,
684 2476 730 2535 καί
744 2474 793 2547 τήν
812 2477 946 2552 καταφθο·
1006 2505 1019 2531 ι
1032 2485 1065 2536 ob
1085 2484 1184 2534 iilomrn
1204 2482 1372 2537 scuesdoncm
1394 2478 1497 2544 accidit,
1522 2485 1550 2533 et
1577 2482 1611 2533 ob
1631 2483 1683 2548 agri
1703 2487 1787 2536 vasta·

170 2588 184 2617 e
198 2563 246 2645 ρδιν
264 2562 298 2636 ήν
313 2562 472 2637 ἐποιήσαντο
486 2568 534 2638 τῆς
548 2570 607 2645 γῆς,
622 2563 729 2644 άγονττς
743 2561 825 2635 αὐτήν
841 2562 887 2622 καί
902 2560 947 2643 φί-
1005 2594 1018 2619 ι
1031 2572 1133 2633 tionem,
1149 2584 1226 2636 quern
1237 2574 1356 2634 tanquam
1371 2571 1488 2624 hostilem
1503 2572 1614 2638 populati
1632 2576 1702 2636 anni,
1717 2577 1744 2624 et
1753 2572 1786 2624 ob

113 2679 142 2723 ‚a
171 2677 185 2706 ι
201 2674 287 2733 ροντις
308 2650 398 2732 ὥσπερ
423 2652 568 2729 πολεμίαν,
589 2653 634 2711 καὶ
655 2651 702 2721 τάς
721 2650 895 2733 ίξαιρεθείσας
917 2653 946 2709 ἐκ
1007 2659 1148 2724 «pecuum
1168 2672 1200 2709 ex
1223 2658 1311 2709 aerario
1326 2658 1468 2724 depromtae
1488 2658 1610 2723 datasque
1633 2659 1673 2721 iis,
1695 2659 1740 2723 qul
1754 2660 1786 2710 ad

170 2768 184 2796 ι
197 2745 245 2800 τοῦ
263 2740 389 2818 δημοσίω
411 2741 529 2808 δαπάνας
549 2743 585 2809 εῖς
606 2740 665 2809 τοῖς
683 2739 881 2806 ἀποσταλέντας
903 2739 947 2798 ἐπὶ
1005 2767 1018 2793 ε
1034 2749 1186 2799 immeritum
1198 2745 1360 2797 coemendum
1375 2746 1446 2798 missi
1467 2750 1541 2809 sunt,
1562 2750 1589 2797 et
1609 2747 1703 2798 multas
1723 2746 1785 2798 alias

170 2856 184 2884 α
198 2828 247 2903 τήν
267 2827 389 2889 σιτωνίαν
405 2827 517 2908 ἄνδρας,
533 2828 579 2889 καί
593 2828 663 2888 ἀλλα
676 2826 775 2908 πολλά,
790 2827 946 2901 δήδίκησθε
1005 2857 1018 2882 ι
1031 2833 1230 2888 iniuriasabillis
1246 2838 1374 2900 acceptam
1385 2833 1451 2885 unde
1469 2848 1535 2887 nunc
1548 2835 1649 2887 undem
1664 2835 1787 2901 inteiliga-

170 2945 183 2973 ι
201 2921 247 2978 ὑπ’
268 2920 373 2979 αὐτῶν·
395 2914 440 2976 ίνα
463 2916 510 2976 καὶ
526 2921 630 2999 γνῶμεν
654 2917 722 2991 ήδη,
746 2916 773 2976 τί
792 2915 852 2976 ποτ’
874 2913 951 2976 ἐστίν
1005 2938 1105 2986 amus,
1117 2923 1242 2988 quodnam
1259 2922 1293 2973 sit
1306 2922 1401 2975 malurn
1414 2922 1489 2986 iilud,
1508 2936 1558 2987 quo
1573 2936 1620 2975 nos
1631 2927 1691 2975 sunt
1707 2924 1787 2976 nilec-

163 3034 183 3063 α
197 3010 281 3070 έκεῖνο
293 3006 325 3066 τὸ
340 3004 440 3081 δεινδν,
451 3005 466 3066 δ
478 3004 646 3078 διαθήσουσιν
661 3011 748 3083 ἡμᾶς,
761 3004 792 3063 δν
802 3004 840 3083 μή
855 3007 945 3064 ποιῶ-
1006 3012 1092 3073 nturi,
1109 3011 1156 3062 nisi
1179 3002 1262 3063 omnia
1287 3010 1320 3062 ad
1340 3010 1421 3078 plebis
1440 3011 1594 3064 voluntatem
1613 3015 1639 3064 et
1658 3012 1786 3065 libidinem

114 3127 145 3169 ω
171 3121 185 3149 ι
199 3119 248 3174 μιν
261 3094 367 3155 ἅπαντα
383 3095 422 3174 τῷ
436 3089 513 3174 δήμῳ
526 3093 560 3154 riu
573 3093 635 3154 καθ’
650 3092 757 3167 ἡδονάς,
772 3095 808 3160 ὡς
821 3097 846 3154 oi
860 3093 947 3170 δημα·
1005 3121 1018 3146 ε
1034 3100 1180 3161 lecerirnns,
1203 3100 1270 3151 sicut
1293 3099 1336 3151 isti
1360 3100 1548 3153 concionatores
1574 3113 1621 3152 noe
1644 3102 1786 3153 territantes

170 3210 184 3237 ι
198 3184 278 3263 γωγοί
297 3184 383 3242 αὐτῶν
401 3179 576 3256 δεδιττόμενοι
594 3180 694 3261 ίλεγον.
738 3182 773 3242 Et
789 3178 817 3240 δέ
831 3178 946 3261 ἀφήσετε
1003 3188 1154 3239 «dixerunt.
1187 3187 1372 3254 Quodsipassi
1385 3188 1479 3242 lueritis
1491 3188 1665 3255 huncquoque
1678 3190 1787 3243 occasio·

170 3298 184 3326 α
197 3271 244 3332 καί
258 3277 348 3332 τοῦτον
363 3273 393 3330 ia
409 3270 462 3328 τῶν
476 3273 573 3352 χειρῶν
587 3268 632 3328 τδν
646 3269 749 3351 καιρόν,
761 3269 889 3337 πολλάκις
903 3266 946 3328 ιό-
1004 3295 1019 3325 υ
1032 3290 1089 3329 nem
1102 3290 1135 3329 er
1149 3277 1239 3328 restris
1257 3278 1370 3334 menibus
1390 3277 1469 3338 elabi,
1496 3290 1563 3344 saepe
1584 3277 1659 3329 eiiam
1680 3278 1786 3331 sinriism

170 3361 269 3431 «ίεοθι
284 3358 401 3422 τοιοιίτου
419 3369 508 3441 τυχεῖν
522 3357 623 3441 ἑτάρου.
667 3356 723 3418 Καὶ
745 3359 769 3417 εί
781 3357 854 3439 γνοίη
869 3362 946 3417 τοῦτο
1005 3384 1017 3408 ι
1030 3364 1279 3429 nanciscioptabitis.
1298 3365 1342 3427 ut,
1360 3365 1525 3430 siplebsboc
1542 3367 1686 3425 resciverit,
1706 3368 1785 3418 rosia

170 3453 212 3509 ιθ
233 3452 333 3528 δῆμος,
357 3448 397 3508 ότι
429 3447 600 3529 βουληθέντες
624 3446 764 3521 καταλύειν
789 3449 869 3507 αὐτοῦ
896 3446 946 3519 τήν
1004 3473 1018 3499 ι
1032 3454 1115 3505 animo
1127 3453 1242 3504 lanbuisse
1255 3467 1326 3504 snam
1335 3456 1486 3517 potestatem
1495 3456 1616 3514 ενετιετε,
1631 3453 1786 3519 sedaccepto

115 3553 144 3594 as
172 3565 185 3591 ι
199 3539 276 3619 ἰσχὺν
293 3536 488 3618 ἀπετράπεσθε,
503 3534 571 3597 πολθ
592 3538 693 3615 μᾶλλον
716 3534 779 3613 ὑμῖν
802 3532 883 3615 βαρὺς
901 3536 947 3614 έγ-
1005 3560 1018 3583 κ
1034 3540 1173 3601 destitisse,
1187 3542 1267 3591 multo
1283 3540 1383 3603 gravius
1398 3540 1471 3592 vobis
1484 3539 1603 3592 instabit:
1619 3539 1781 3603 quiaroiuu·

172 3651 186 3679 a
201 3626 332 3696 xrisma,
350 3624 475 3702 πολέμιον
491 3624 540 3698 μίν
557 3625 586 3685 τό
601 3624 759 3704 βουλόμενον
775 3626 848 3701 θμῶν
866 3626 946 3705 ήγοό-
1006 3648 1019 3672 ι
1031 3632 1110 3678 tatem
1123 3632 1232 3678 vestram
1248 3642 1293 3692 pro
1308 3628 1391 3680 hostili
1408 3628 1521 3690 hebebit,
1545 3627 1705 3680 timiditatem
1725 3641 1785 3680 vero

171 3738 186 3768 ε
201 3736 292 3791 μενος.
312 3712 396 3772 δειλόν
410 3712 438 3772 δδ
451 3712 482 3773 τδ
500 3711 538 3789 μὴ
557 3712 709 3789 δυνάμενον.
726 3738 739 3764 ν
1006 3737 1020 3763 ι
1031 3716 1124 3767 virium
1137 3716 1331 3768 imbecillitatem
1345 3717 1471 3769 iudicabit.
1490 3738 1503 3762 s

211 3804 301 3865 XXV.
323 3804 441 3863 Τοιαῦτα
457 3801 574 3868 εἰπόντος
585 3805 630 3860 τοῦ
645 3799 788 3879 Μαρκίου,
805 3796 947 3874 διέστησαν
1035 3808 1110 3857 xliv.
1128 3808 1181 3858 liae
1205 3806 1324 3858 concione
1348 3821 1363 3858 a
1382 3806 1475 3859 biarcio
1491 3804 1590 3868 habita,
1612 3805 1677 3856 inter
1697 3807 1780 3869 patrea

170 3892 199 3951 σί
213 3894 317 3970 γνῶμαι
328 3893 381 3950 τῶν
396 3889 540 3971 συνέδρων,
556 3888 602 3949 καί
618 3888 724 3970 θόρυόος
740 3890 768 3948 ίν
783 3892 870 3958 αὐτοῖς
890 3890 944 3967 ipt-
1006 3895 1133 3947 scnteotiis
1149 3894 1273 3946 variatum
1285 3899 1334 3959 est,
1347 3899 1373 3948 et
1386 3896 1473 3961 iugens
1484 3894 1609 3947 tumuitus
1622 3894 1685 3946 inter
1695 3899 1787 3948 eosest

119 3992 148 4030 θ’·
171 4001 229 4039 νετο
242 3978 332 4045 πολός.
380 3981 417 4040 Ol
432 3977 480 4057 μέν
496 3975 585 4058 γάρίξ
599 3978 683 4058 ἀρχῆς
698 3975 809 4037 ίναντίοι
826 3982 879 4046 τοῖς
897 3981 947 4053 δή·
1005 3989 1114 4039 exortus.
1147 3989 1209 4038 iiam
1232 3985 1276 4052 qui
1298 3985 1330 4037 ab
1360 3982 1431 4034 initio
1451 3981 1517 4048 plebi
1540 3981 1736 4034 adversabantur
1761 3985 1787 4034 et

173 4074 289 4145 μοτινιοῑς
309 4065 355 4124 καί
374 4066 421 4134 τάς
442 4064 588 4147 διαλλαγδς
609 4065 683 4146 παρά
704 4064 813 4144 γνώμην
834 4066 945 4144 θπομεί-
1004 4086 1090 4137 pacem
1111 4076 1183 4128 inriti
1208 4076 1334 4134 lederent,
1348 4072 1373 4122 iu
1394 4084 1446 4135 quo
1464 4084 1569 4122 numero
1590 4070 1707 4122 iuventus
1723 4084 1788 4136 pene

173 4177 277 4225 ναντες,
293 4156 319 4212 έν
337 4145 406 4227 οίςή
427 4179 456 4215 τε
471 4155 562 4226 νεότης
577 4155 667 4233 θλίγου
688 4154 741 4212 δεῖν
762 4162 836 4214 redsa
850 4144 883 4226 ἦν
902 4154 948 4214 καί
1006 4165 1059 4215 tota
1076 4168 1150 4225 erat,
1166 4165 1192 4215 et
1210 4176 1226 4215 e
1248 4160 1389 4212 senioribus
1405 4157 1523 4209 ditissimi
1544 4162 1570 4210 et
1591 4156 1787 4211 ambitiosissiml

172 4243 225 4301 τιῖνν
239 4240 426 4322 πρεσόυτέρων
447 4247 472 4303 oi
492 4240 686 4304 πλουσιώτατοί
699 4263 728 4300 τε
749 4240 795 4301 καί
811 4242 948 4322 φιλοτιμό·
1005 4253 1108 4304 moleste
1119 4253 1227 4304 ferentes
1236 4250 1279 4301 aiii
1290 4248 1349 4299 aria
1360 4246 1434 4299 alieni
1443 4246 1563 4308 iacturas,
1577 4244 1619 4296 aiii
1628 4244 1654 4295 in
1665 4246 1787 4302 bonorum

172 4351 267 4404 τατοι,
285 4329 387 4409 βαρίως
402 4331 522 4412 φέροντες
538 4333 562 4390 ol
575 4329 624 4407 μίν
634 4330 678 4389 ίπῖ
692 4338 750 4397 ταῖς
761 4329 823 4409 περί
836 4328 870 4388 τδι
882 4352 949 4408 συμ·
1004 4338 1121 4404 petitione
1143 4338 1268 4404 repulsas,
1285 4333 1420 4385 laudabant
1437 4332 1579 4395 homiuem,
1593 4335 1621 4384 ut
1640 4346 1785 4397 generosum

121 4443 149 4483 ιτ
173 4415 270 4479 δόλαια
286 4415 414 4497 βλάόαις,
429 4421 454 4477 oi
470 4418 495 4477 δ’
515 4419 559 4479 iat
574 4423 617 4499 τῇ
628 4416 690 4500 περὶ
708 4415 756 4487 τίς
775 4416 855 4498 τιμδις
869 4419 948 4479 ίλττ-
1005 4431 1032 4478 et
1044 4428 1132 4491 patriae
1149 4430 1288 4485 amantem,
1299 4426 1326 4476 et
1339 4423 1432 4488 optima
1445 4421 1590 4487 reipublice
1608 4421 1711 4474 consilia
1721 4423 1784 4475 dan·

173 4506 270 4584 τέισει,
293 4507 405 4588 ίπήνουν
424 4507 469 4568 τόν
496 4510 597 4591 ἀνδρα,
619 4512 655 4576 ὡς
675 4508 792 4587 γενναῖον
810 4506 856 4568 καί
871 4507 947 4590 φιλό·
1006 4522 1081 4569 tem:
1098 4519 1243 4582 atquorum
1263 4513 1340 4565 enimi
1357 4511 1528 4578 propensiores
1546 4515 1618 4564 erant
1631 4512 1657 4561 iu
1673 4509 1784 4574 piebem.

172 4598 250 4657 πολιν
269 4599 316 4656 καί
330 4595 364 4655 τά
378 4596 508 4677 κράτιστα
524 4601 564 4680 τῷ
581 4601 659 4678 κοινῷ
673 4596 800 4677 λέγοντα·
821 4601 846 4658 oi
861 4598 889 4657 δδ
904 4598 950 4671 δη·
1005 4611 1031 4658 et
1045 4607 1088 4672 qui
1104 4605 1204 4658 divitias
1214 4605 1282 4657 baud
1298 4603 1374 4663 ultra,
1390 4616 1466 4666 quam
1480 4615 1526 4667 par
1539 4604 1596 4663 est,
1612 4598 1785 4662 εονιῖιινεθοιιι,

174 4685 284 4766 μοπκδς
299 4686 403 4765 ἔχοντες
416 4685 463 4754 τάς
477 4686 643 4768 προαιρέσεις
654 4688 707 4745 τῶν
722 4685 827 4767 τρόπων
838 4685 885 4746 καί
905 4685 949 4746 τὸν
1006 4695 1097 4759 quique
1118 4692 1180 4745 nibil
1200 4691 1279 4757 ειιεεθε
1297 4690 1479 4751 necesarium,
1493 4700 1570 4751 ‘1¹¹⁸m
1591 4699 1692 4751 imm·
1708 4685 1785 4738 Μ·

173 4774 285 4835 πλοῦτον
300 4775 330 4833 οό
353 4774 422 4854 πέρα
437 4779 484 4834 τοῦ
501 4773 602 4841 δέοντος
623 4771 836 4850 ίιιτιτιμηκότις,
855 4777 903 4845 τῆς
921 4795 951 4831 τε
1006 4782 1080 4841 bant,
1093 4780 1308 4834 iiiiusoratiooem
1322 4771 1786 4839 molestelerebaut,nequeeiusaen·

122 4886 151 4928 εν
173 4862 278 4947 εἰρήνης
305 4860 381 4923 οὐδέν
410 4862 614 4943 ἀναγκαιότερον
639 4860 881 4937 θπολαμόάνοντες,
901 4859 952 4941 ήχ-
1006 4866 1274 4933 tentiamprobabant:
1295 4861 1466 4916 eicensebant
1480 4873 1530 4912 non
1548 4861 1586 4922 ri,
1606 4857 1651 4911 sed
1668 4871 1786 4911 mansue·

173 4959 249 5018 θοντο
271 4962 326 5023 τοῖς
344 4950 495 5033 λεγομένοις
515 4951 559 5010 ὑπ’
585 4952 684 5028 αάτοῖι,
706 4949 753 5009 καί
771 4948 819 5022 τήν
842 4947 951 5027 γνώμην
1005 4960 1092 5013 tudine
1110 4959 1250 5011 humilioris
1269 4959 1376 5010 iortanoe
1400 4956 1514 5007 homines
1534 4951 1681 5016 rncmdos,
1706 4964 1787 5017 neque

172 5042 205 5106 ad
222 5040 378 5125 προσίεντο·
398 5040 488 5115 ἠξίουν
504 5062 533 5099 τε
556 5042 595 5117 μή
617 5046 670 5104 τοῖς
692 5035 801 5116 βιαίοις,
816 5036 884 5096 ἀλλά
898 5042 952 5108 τοῖς
1005 5049 1161 5111 indecoram,
1180 5049 1224 5100 sed
1240 5047 1407 5100 necandam
1421 5043 1612 5097 eristimndam
1626 5055 1682 5096 esse
1698 5042 1787 5093 mede-

172 5132 321 5213 εδγνόμοσι
329 5134 460 5215 περαῖνον
469 5132 522 5189 τῶν
533 5126 734 5208 ταπεινοτέρων,
744 5123 813 5204 peti
825 5127 952 5208 duperia,
1007 5137 1143 5199 rationem,
1156 5136 1294 5201 prasertim
1306 5136 1329 5187 si
1341 5131 1514 5186 benevolentia
1523 5133 1624 5184 utamur
1635 5143 1693 5197 erga
1703 5130 1785 5194 eires,

172 5222 235 5284 aii·
249 5222 395 5302 ἀναγκαῖον
416 5224 539 5302 ήγεῑσθσι
558 5214 588 5277 τδ
605 5211 735 5292 δπιεικίς,
752 5214 840 5285 άλλως
858 5235 888 5275 τι
905 5215 952 5278 καί
1007 5227 1053 5295 συὶ
1063 5226 1193 5281 nobiscnm
1209 5226 1314 5287 νὶνυαις
1326 5224 1431 5290 eiusque
1443 5221 1574 5276 comitum
1585 5221 1721 5289 insaniam,
1737 5232 1784 5273 noo
