4070 5926
276 390 339 451 sto

276 523 334 584 ὅσοι
348 521 444 588 παῖδας
459 517 498 578 lu
511 526 595 578 ποιεῖν
612 505 684 598 ε’ίχον
706 515 829 589 ἡλικίαν,
850 517 981 588 τοσαύτης
1004 538 1057 575 κο-

276 608 427 691 τασχούοης
440 607 472 666 τδ
485 603 560 684 γένος
581 603 708 688 ἐρημίας,
728 606 777 663 οὐκ
794 603 825 662 δν
842 603 946 671 ἑκόντες
966 601 1058 662 τεκαὶ

278 699 385 764 ἀκοντες
407 696 512 776 έτέρους
534 694 632 761 παῖδας
650 690 826 766 ἐποιήσαντο,
847 691 892 751 ίνα
917 690 985 769 μήτε
999 688 1059 770 ἱερά

277 788 399 866 δκλειφθῆ
424 785 554 863 πατρῷα,
575 781 643 860 μήτε
663 779 725 849 δόξα
750 778 899 854 τηλικαύτη
923 781 1056 858 διαφθαρῇ

238 905 251 943 ς
277 873 423 956 γίνουςςΕἰ
433 874 471 949 μὴ
485 870 536 952 ἄρα
547 868 606 930 olel
615 867 729 950 πατέρες
738 870 824 929 αθτῶν
835 891 904 929 τισιν
915 867 1059 939 ἐλείποντο,

278 962 348 1023 ἀλλά
364 984 452 1021 παντα
467 964 504 1028 εἰς
519 956 602 1018 ταύτθ
616 958 744 1028 συνῆλθον
757 957 802 1016 ἐπί
815 959 868 1015 τῶν
881 954 909 1025 δέ
924 957 969 1016 καί
981 977 1060 1035 τρια-

278 1051 375 1112 κοσίων
398 1050 500 1129 ἀνδρῶν
515 1046 621 1107 ἐκείνων
644 1044 679 1106 τδ
695 1046 826 1106 ἀδύνατα·
848 1046 886 1121 μῆ
901 1046 999 1111 παῖδας
1013 1045 1059 1102 αύ-

278 1148 332 1207 τοῐς
352 1141 561 1216 καταλειφθῆναι
582 1133 706 1207 νηπίους,
727 1132 765 1212 μὴ
786 1141 913 1214 γυναῖκας
934 1133 1058 1212 ἐγκύους,

279 1228 317 1307 μὴ
332 1225 458 1305 ἀδελφούς
472 1223 599 1297 ἀνῆόους,
619 1224 657 1300 μῆ
673 1222 792 1301 πατέρος
807 1224 834 1281 ἐν
850 1224 936 1303 ἀκμῇ.
964 1222 1061 1290 Ἰἀύτη

227 1340 252 1381 ro
279 1317 326 1395 μέν
342 1316 374 1389 δὴ
391 1316 435 1375 τὸν
445 1314 523 1392 λόγον
534 1313 660 1383 ἐξετάζων
675 1313 724 1370 ούκ
738 1312 825 1384 ἀληθῆ
839 1310 978 1387 νενόμικα·
992 1312 1061 1368 ἐκεῖ·

278 1431 321 1467 νον
336 1406 364 1465 δέ
379 1408 473 1478 ἀληθῆ·
487 1405 540 1461 τῶν
562 1403 641 1483 τριῶν
660 1401 781 1481 ἀδελφῶν
804 1397 941 1467 Καίσωνός
964 1423 992 1458 τε
1013 1398 1059 1457 καὶ

282 1494 393 1563 Kalliroe
417 1492 462 1550 καὶ
490 1490 602 1570 Μάρκου
625 1491 678 1549 τῶν
706 1487 913 1548 ὑπατευσάντων
935 1487 983 1555 τάς
1009 1510 1060 1547 συ·

279 1592 364 1664 νεχεῑς
402 1582 470 1640 ἑπτά
508 1578 636 1646 ὑπατείας
661 1578 903 1659 ἐγκαταλειφθῆναι
933 1576 1059 1654 πείθομαι

280 1673 384 1751 Μάρκῳ
399 1668 515 1739 παιδίον,
531 1666 578 1727 καλ
592 1671 670 1726 τοῦτο
685 1655 752 1725 εέναι
768 1665 798 1725 τδ
815 1666 956 1741 λεγόμενον
969 1668 1000 1725 ἐκ
1012 1669 1059 1724 τοῦ

227 1781 252 1820 ιε
280 1759 394 1822 bodies
405 1758 478 1817 οίκου
486 1755 585 1815 λοιπόν.
602 1755 687 1818 Οὐδέν
700 1754 728 1813 δέ
738 1754 835 1814 κωλύει
846 1758 884 1833 τῷ
895 1752 992 1831 μηκέτι
1006 1758 1058 1814 τῶν

280 1847 367 1907 ἀλλων
383 1848 499 1925 ἀπιφανῆ
514 1866 573 1902 τινα
587 1843 633 1901 καί
645 1842 769 1924 λαμπρδν
784 1841 834 1912 ίξω
847 1847 894 1901 τοῦ
911 1843 968 1910 ἐνὸς
982 1844 1058 1902 τοῦδε

280 1933 454 2013 ἀνδρωθέντος
469 1929 589 2010 γενέσθαι
610 1930 710 2003 ταύτην
725 1936 897 2011 παραστῆναι
918 1939 972 1998 τοῖς
991 1934 1058 1992 πολ-

279 2025 335 2090 λοῖς
346 2022 395 2095 τὴν
411 2019 506 2093 δόξαν,
522 2018 563 2078 ότι
585 2018 662 2097 μόνος
675 2019 771 2087 ἐκεῖνος
785 2021 815 2078 ἐκ
828 2024 875 2078 τοῦ
887 2018 1001 2078 medios
1017 2020 1059 2098 γε’-

279 2136 337 2181 νους
354 2110 410 2171 ἐστὶ
428 2110 532 2176 λοιπός·
547 2111 598 2189 οὐχ
610 2112 645 2175 ὡς
665 2107 774 2185 μηδενὸς
789 2103 870 2169 ἀλλον
884 2108 970 2181 ὄντος,
987 2108 1058 2168 ἀλλά

225 2223 254 2263 ao
279 2204 315 2269 ὣς
330 2200 441 2280 μηδενὸς
455 2198 562 2265 ἐκείνοις
584 2196 675 2274 ὁμοίου
696 2199 777 2278 ἀρετῇ
799 2196 1017 2278 τεκμαιρομένοις
1030 2196 1060 2257 τδ

280 2290 419 2370 συγγενές,
443 2289 473 2346 οὐ
493 2287 580 2368 φύσει.
624 2285 678 2347 Καὶ
691 2286 752 2367 περί
777 2285 824 2365 μέν
848 2290 948 2345 τούτων
973 2292 1058 2346 ταῦτα

279 2377 369 2438 ίκανά.

319 2465 426 2527 ΧΧΙΜ.
450 2463 485 2525 Οἱ
499 2466 561 2541 γοῦν
573 2460 706 2542 Τυρρηνοὶ
717 2462 777 2527 τούς
789 2483 819 2520 τε
831 2461 927 2544 ἀνδρας
942 2461 1059 2544 διαφθεί·

281 2577 391 2637 ραντες,
407 2551 453 2612 καλ
473 2549 504 2610 τὸ
520 2553 547 2609 έν
561 2553 595 2630 τῇ
612 2551 738 2634 Κρεμέρφ
752 2549 873 2632 φρούριον
888 2550 1058 2632 παραλαόόν·

225 2662 251 2701 σε
277 2669 336 2724 τες,
352 2643 397 2704 ἐπί
409 2642 458 2714 τῆν
468 2641 553 2711 ἀλλην
566 2639 693 2719 στρατιάν
706 2643 759 2698 τῶν
779 2637 922 2716 Ῥωμαίων
937 2633 1001 2718 ῆγον
1012 2637 1059 2706 τάς

278 2734 409 2809 δυνάμεις.
450 2727 553 2808 Ἔτυχε
562 2728 591 2788 δὲ
602 2730 632 2786 ού
646 2727 751 2809 μακράν
761 2726 1058 2807 κατεστρατοπεδευκὼς

279 2821 370 2900 ἀτερος
384 2821 438 2877 τῶν
452 2814 560 2875 ὑπάτων
583 2815 729 2889 Μενήνιος,
747 2819 795 2877 ούκ
819 2817 845 2875 ἐν
865 2818 978 2899 ἀσφαλεῖ
998 2840 1058 2897 χω-

279 2909 343 2991 ρίιρ·
359 2906 406 2966 καί
419 2906 494 2976 ότεῆ
513 2903 627 2966 <licitos
647 2904 786 2984 συγγένεια
808 2905 854 2964 καί
869 2907 899 2965 τὸ
916 2906 1058 2966 πελατικὸν

278 3000 364 3057 αὐτῶν
383 2993 558 3067 ἀπώλλυντο,
577 2992 719 3072 τριάκοντά
734 3015 785 3052 που
804 2993 925 3062 σταδίους
948 2997 1057 3074 ἀπεῖχεν

224 3099 251 3141 st
278 3076 367 3166 ἀφόῦ
386 3082 513 3148 τὸπάθος
531 3078 634 3160 ἐγένετο
653 3080 750 3140 τόπου·
763 3080 839 3151 δόξαν
854 3106 884 3142 τε
898 3085 946 3142 οὐκ
960 3083 1057 3162 όλέγοις

277 3173 427 3254 παρέσχεν,
443 3168 519 3250 γνοὺς
530 3171 557 3228 έν
571 3167 634 3235 οίοις
648 3170 740 3238 κακοῖς
753 3161 823 3242 ἦσαν
838 3173 863 3229 αἱ
877 3170 989 3243 Φάύιοι,
1003 3195 1058 3249 μη-

280 3262 371 3338 δεμίαν
384 3262 471 3319 αὐτῶν
483 3257 643 3330 ποιῆσασθαι
654 3258 788 3339 φροντίδα,
800 3263 846 3331 τῆς
858 3282 887 3318 τε
900 3261 995 3340 ἀρετῆς
1009 3258 1056 3319 καί

279 3350 353 3424 δόξης
365 3361 419 3418 τοῖς
439 3346 550 3427 ἀνδράσι
571 3350 683 3430 φθονῶν.
726 3350 874 3429 Τοιγαροῦν
890 3347 958 3424 perd
970 3354 1056 3408 ταῦτα

278 3440 404 3520 ὑπαχθεὶς
426 3437 477 3497 ύπθ
497 3440 548 3496 τῶν
570 3435 717 3517 δημάρχων
739 3440 775 3505 εἷς
796 3435 890 3511 δίκην,
914 3437 958 3495 ἐπί
972 3436 1056 3514 ταύταςΙ

223 3541 251 3582 as
278 3528 395 3605 μάλιστα
409 3532 444 3606 τῇ
461 3525 535 3606 αίτέφ
557 3525 637 3585 ἑάλω.
681 3525 788 3606 Σφόδρα
802 3525 854 3606 γδρ
876 3525 1017 3598 ἐπένθησεν
1039 3531 1056 3597 ἡ

277 3615 420 3694 Ῥωμαίων
435 3615 510 3682 πόλις
522 3615 622 3694 ἀνδρῶν
633 3615 767 3677 τοσούτων
789 3614 835 3673 καί
850 3615 973 3676 τοιούτων
994 3617 1055 3695 ἀρε-

275 3704 324 3774 τάς
342 3703 559 3783 ἀποκειραμένη,
582 3703 628 3763 καὶ
643 3702 708 3783 πρὸς
731 3704 802 3763 ἀπαν
825 3702 856 3762 τδ
876 3701 953 3773 δόξαν
967 3706 1055 3773 αὐτοῖς

276 3795 359 3856 αίτιον
381 3792 517 3872 γεγονέναι
530 3798 578 3865 τῆς
597 3793 722 3864 τοιαύτης
741 3801 879 3873 συμφορᾶς
896 3796 997 3871 πικρῶς
1011 3792 1057 3853 καὶ

277 3881 465 3964 ἀπαραιτήτως
479 3871 565 3962 εἶχεν·
579 3879 626 3952 τῆν
647 3881 669 3938 δ’
684 3880 786 3959 ῆμέραν
802 3880 925 3957 ἐκείνην,
942 3884 968 3939 έν
989 3873 1008 3959 ᾗ
1027 3883 1058 3940 τὸ

223 3990 250 4030 tn
276 3972 358 4038 πάθος
371 3969 486 4048 ἐγένετο,
508 3968 636 4046 μέλαινάν
657 3969 750 4028 τεκαὶ
777 3967 921 4048 ἀποφράδα
940 3968 1055 4044 τίθεται,

276 4060 322 4118 καί
336 4058 437 4124 ούδενὸς
450 4057 483 4116 ἀν
498 4056 576 4138 ἐργου
588 4060 615 4116 έν
635 4057 720 4133 ταύτῃ
734 4062 853 4136 χρηστοῦ
866 4056 993 4136 ἄρξαιτο,
1007 4058 1055 4128 τῆν

276 4146 335 4206 τότε
348 4145 489 4222 συμόᾶσσν
500 4147 567 4224 αὐτῇ
577 4145 661 4226 τύχην
673 4145 842 4222 ὀττευομένη.
888 4144 937 4214 Ὧς
948 4147 975 4206 δὲ
988 4148 1057 4219 πλη-

277 4233 333 4294 σίον
348 4234 466 4312 ἐγένοντο
480 4239 533 4294 τῶν
547 4233 691 4311 Ῥωμαίων
704 4239 729 4294 οἱ
744 4236 770 4294 Τ
770 4234 894 4314 υρρηνολ,
911 4234 1057 4303 συνιδόντες

277 4326 363 4384 αὐτῶν
385 4323 416 4382 τὸ
432 4322 619 4399 στρατόπεδον·
642 4314 674 4394 ῆν
699 4322 727 4382 δέ
749 4325 800 4383 ὑπὸ
819 4323 911 4402 λαγόνι
936 4323 1056 4400 κείμενον

223 4428 250 4469 ts
276 4414 364 4494 όρους·
375 4418 422 4486 τῆς
436 4434 465 4470 τε
480 4411 602 4489 ἀπειρίας
621 4417 668 4472 τοῦ
689 4417 837 4493 στρατηγοῦ
857 4413 1055 4493 κατεφρόνησαν

275 4502 359 4563 καὶτὸ
373 4500 445 4562 δοθὲν
458 4499 509 4560 ὑπὸ
520 4506 567 4574 τῆς
578 4500 662 4582 τύχης
676 4502 898 4581 [πλεονέκτημα]
912 4506 1056 4580 ἀγαπητῶς

276 4591 382 4652 ε’λαύον.
424 4590 479 4651 Καὶ
495 4590 590 4650 αὐτίκα
603 4589 664 4659 τοὺς
677 4592 767 4659 ἱππεῖς
780 4589 968 4663 ἀναλαύόντες,
984 4590 1054 4649 κατά

276 4681 324 4754 τὴν
348 4682 439 4761 ἑτέραν
460 4678 576 4760 πλευράν
600 4687 646 4740 τοῦ
669 4678 749 4761 λόφου
777 4679 879 4746 ούθενδς
910 4677 1055 4748 κωλύοντος

277 4769 409 4843 ἀνέδησαν
431 4770 475 4828 ἐπὶ
490 4766 538 4841 τῆν
553 4766 682 4849 κορυφῆν.
727 4766 950 4846 Καταλαύόμενοι
967 4766 994 4826 δέ
1010 4768 1054 4827 τὸν

223 4872 250 4911 ⁸⁰
276 4857 342 4939 θπίρ
358 4856 436 4940 [τῆς]
449 4861 566 4939 κεφαλῆς
578 4859 632 4916 τῶν
646 4855 793 4934 Ῥωμαίων
808 4854 953 4935 κόρυμόον,
967 4859 1054 4919 ἔθεντο

276 4953 301 5009 έν
318 4949 403 5028 τούτῳ
417 4948 451 5007 τδε
464 4946 550 5019 ὅπλα,
565 4947 611 5007 καί
624 4945 673 5019 τὴν
694 4947 776 5019 ἀλλην
792 4947 903 5023 δύναμιν
928 4949 1054 5028 ἀσφαλῶς

275 5037 486 5106 ἀναόιθάσαντες
500 5040 593 5119 ὑψηλῷ
605 5036 706 5117 χάρακι
722 5036 768 5097 καί
787 5037 880 5117 βαθεέφι
895 5036 988 5118 τάφρῳ
1003 5036 1051 5111 τῆν

275 5124 449 5203 παρεμῦολῆν
472 5126 661 5206 όιχυρόισαντο.
713 5128 745 5186 El
764 5125 812 5197 μέν
838 5118 882 5185 οῦν
902 5125 1013 5187 συνιδὼν
1037 5129 1052 5184 ὁ

275 5210 418 5284 Μενήνιος,
435 5205 488 5274 οἷον
509 5216 591 5276 ἔδωκε
607 5215 792 5293 πλεονέκτημα
815 5223 869 5283 τοῖς
892 5214 1045 5295 πολεμίοις,

800 382 970 446 DIONYSll
993 370 1373 446 nnllcnttrm'sssttsts

1113 523 1157 588 qui
1173 538 1219 588 per
1239 528 1341 574 natatem
1353 523 1436 574 adbuc
1455 522 1548 574 liberos
1567 535 1698 586 procreare
1720 522 1856 585 poterant,
1872 519 1900 570 in

1113 615 1185 664 unta
1209 626 1262 664 sue
1283 612 1365 677 gentis
1390 609 1516 674 orbitate,
1536 624 1621 662 nonne
1637 612 1693 661 sive
1716 609 1831 660 volentes
1846 608 1902 659 sire

1114 702 1194 753 coacti
1212 701 1269 752 allis
1281 700 1367 752 liberis
1386 699 1549 766 procreandis
1562 713 1663 765 operam
1682 698 1827 758 dedissent,
1841 701 1903 747 turn

1114 805 1146 841 ne
1159 804 1231 841 sacra
1238 789 1360 855 gentilitia
1370 788 1517 850 interirent,
1529 787 1670 838 tumetium
1681 800 1714 837 ne
1728 785 1808 850 gentis
1820 784 1905 835 buius

1113 881 1185 929 tanta
1206 879 1287 944 gloria
1307 879 1422 944 periret?
1441 878 1496 929 Nisi
1517 877 1582 928 torte
1600 876 1660 927 ullis
1684 874 1784 940 quidem
1806 888 1905 925 eorum

1114 971 1198 1032 patres
1209 967 1299 1031 reliqui
1310 971 1392 1029 erant,
1402 966 1447 1018 sed
1455 965 1541 1017 omnia
1552 964 1711 1016 incredibilia
1720 963 1749 1014 in
1764 963 1815 1013 illis
1824 976 1904 1013 τοττι

1113 1054 1197 1105 Fabiis
1209 1054 1284 1106 slmul
1297 1054 1432 1121 contigisse
1447 1053 1610 1105 statuendum
1622 1056 1677 1115 est,
1692 1065 1774 1116 neque
1788 1051 1906 1101 infantes

1113 1142 1145 1193 ub
1159 1141 1189 1192 iis
1201 1143 1303 1194 relictos
1311 1157 1374 1202 esse,
1390 1158 1435 1194 nec
1448 1155 1540 1193 uxores
1551 1142 1679 1209 gravidas,
1690 1154 1737 1191 nec
1751 1139 1844 1190 fraires
1854 1139 1906 1190 im-

1114 1220 1236 1296 puberes,
1254 1246 1299 1282 nec
1311 1236 1396 1298 patres
1409 1231 1494 1283 relatis
1509 1233 1624 1296 integrm.
1658 1233 1712 1280 lloc
1731 1230 1809 1293 igitur
1822 1229 1905 1279 modo

1113 1317 1178 1368 banc
1191 1318 1334 1383 opinionem
1346 1320 1503 1381 examinans,
1517 1333 1573 1371 eum
1587 1320 1690 1369 minime
1704 1331 1790 1368 reram
1802 1317 1883 1368 credo
1896 1335 1904 1366 ι

1115 1406 1160 1457 sed
1173 1406 1242 1458 illam
1255 1421 1341 1458 veram
1361 1422 1417 1459 esse
1438 1411 1515 1473 puto,
1531 1409 1558 1460 in
1573 1408 1651 1459 trium
1671 1407 1779 1458 fratrum
1792 1406 1908 1472 (ceso-

1108 1496 1169 1555 ,nis,
1181 1496 1273 1559 Marci,
1292 1501 1318 1547 et
1336 1497 1440 1561 Quinti)
1460 1497 1553 1561 domo,
1565 1497 1592 1547 in
1604 1511 1656 1562 qua
1673 1510 1719 1562 per
1740 1497 1906 1560 septennium

1113 1584 1260 1636 consulatus
1281 1585 1357 1636 luerit
1375 1586 1718 1648 continuatus,soli1llarco
1733 1584 1841 1636 tiliolum
1855 1601 1909 1637 su·

1113 1672 1242 1737 perstitem
1262 1673 1339 1725 luisse
1354 1678 1430 1740 atque
1451 1674 1522 1725 bunc
1545 1688 1604 1725 esse
1627 1674 1713 1736 illum,
1730 1674 1776 1739 qui
1799 1674 1873 1726 solus
1888 1690 1907 1726 e

1113 1760 1190 1812 Fabia
1208 1765 1281 1826 gente
1292 1760 1406 1827 reliquus
1423 1762 1501 1813 luisse
1515 1761 1617 1813 dicitur.
1649 1760 1718 1813 llihii
1733 1766 1818 1813 autem
1850 1777 1902 1814 re·

1114 1854 1164 1911 tat,
1178 1850 1239 1915 quin
1253 1849 1341 1901 nullus
1355 1849 1421 1901 alius
1435 1849 1544 1915 amplius
1562 1850 1669 1915 insignis
1683 1853 1709 1902 et
1723 1850 1833 1901 sslustris
1845 1852 1910 1903 lue·

1114 1939 1147 1989 rit
1168 1943 1260 2003 preter
1282 1938 1349 1989 hunc
1369 1954 1447 1990 unum
1462 1941 1513 1991 iam
1528 1938 1660 2001 adultum,
1678 1940 1737 1990 hinc
1757 1940 1906 1992 multorum

1113 2027 1256 2092 opinionem
1269 2031 1356 2078 natam
1369 2042 1443 2090 esse,
1454 2028 1538 2080 solum
1551 2028 1624 2080 illum
1642 2043 1674 2079 ex
1691 2032 1746 2078 tota
1762 2032 1839 2093 gente
1850 2031 1905 2080 Fe·

1114 2116 1155 2166 bia
1174 2115 1301 2180 reliquum
1314 2115 1400 2175 titisse,
1418 2131 1469 2167 nou
1486 2117 1555 2183 quod
1577 2116 1665 2167 nullus
1680 2116 1748 2167 alius
1762 2117 1840 2167 luerit
1858 2132 1907 2168 re·

1113 2201 1203 2265 lictus,
1222 2204 1345 2268 sedquod
1366 2204 1452 2255 nuilus
1466 2204 1519 2255 illis
1537 2208 1629 2269 posteo
1642 2204 1723 2256 simile
1738 2206 1827 2267 luerit,
1840 2219 1907 2271 cog-

1114 2292 1225 2343 nationis
1249 2294 1418 2344 conlecturam
1437 2308 1488 2345 non
1506 2308 1538 2343 ex
1559 2298 1668 2353 natura,
1690 2293 1735 2345 sed
1753 2308 1786 2344 cx
1801 2294 1905 2347 virtute

1113 2381 1271 2447 capientium.
1305 2386 1388 2446 Atque
1400 2381 1431 2433 de
1443 2382 1484 2434 bis
1493 2383 1547 2433 θωο
1562 2382 1660 2434 dixisse
1675 2383 1710 2433 sit
1723 2384 1796 2434 satis.

1144 2473 1234 2522 ilitlll.
1252 2471 1351 2522 Etrusci
1366 2470 1458 2535 igitur,
1480 2470 1565 2522 Fabiis
1588 2471 1662 2523 cusis
1684 2476 1711 2523 et
1736 2477 1810 2537 capto
1837 2474 1908 2525 Gre-

1112 2573 1189 2611 merce
1200 2558 1322 2620 castello,
1337 2559 1422 2625 copias
1433 2559 1466 2610 ad
1478 2560 1556 2611 alium
1570 2563 1741 2611 Romanorum
1759 2562 1905 2613 exercitum

1112 2648 1248 2699 duxerunt.
1282 2646 1353 2698 Alter
1367 2651 1452 2699 autem
1475 2647 1563 2699 consul
1589 2649 1720 2700 Menenius
1740 2664 1792 2700 non
1807 2650 1904 2715 procul

1112 2740 1196 2788 castra
1214 2736 1335 2798 iubebat,
1345 2736 1372 2787 in
1388 2736 1444 2787 loco
1459 2749 1547 2801 parum
1557 2740 1614 2788 tuto
1631 2752 1637 2785 :
1654 2741 1696 2798 et,
1710 2751 1762 2801 quo
1782 2741 1901 2804 tempore

1112 2825 1187 2876 Fabia
1207 2839 1266 2890 gens
1282 2840 1338 2877 cum
1356 2825 1411 2876 suls
1430 2824 1553 2877 clientelis
1573 2827 1661 2891 periit,
1672 2828 1774 2879 circiter
1792 2830 1903 2893 triginta

1113 2914 1194 2965 stadia
1216 2914 1303 2966 aberat
1321 2914 1352 2965 ab
1371 2929 1401 2966 eo
1417 2914 1489 2978 loco,
1502 2915 1546 2967 ubi
1559 2914 1645 2966 clades
1667 2930 1697 2967 ea
1716 2921 1758 2967 est
1779 2923 1902 2982 accepta,

1113 3004 1246 3069 etiecitque
1272 3008 1301 3054 ut
1321 3002 1395 3054 multi
1420 3003 1551 3055 crederent
1576 3018 1649 3065 eum,
1678 3005 1780 3070 cognito
1801 3007 1902 3072 ingenti

1113 3092 1246 3143 Fabiorum
1262 3090 1388 3157 periculo,
1401 3095 1485 3144 tamen
1503 3092 1530 3143 id
1545 3091 1704 3157 neglexisse,
1724 3094 1793 3159 quod
1808 3096 1903 3149 virtuti

1112 3182 1139 3229 et
1151 3179 1239 3244 glorie
1252 3193 1342 3231 eorum
1366 3179 1497 3232 invideret.
1530 3183 1691 3246 Quapropter
1710 3187 1800 3247 postea
1822 3198 1838 3233 a
1854 3186 1904 3237 tri·

1112 3268 1189 3319 bunis
1200 3268 1226 3318 in
1247 3269 1288 3319 ius
1301 3274 1415 3329 vocatus,
1431 3270 1479 3321 bac
1492 3270 1657 3335 potissimum
1676 3270 1708 3321 de
1720 3285 1813 3322 caussa
1827 3273 1902 3325 dam·

1113 3360 1187 3407 natus
1212 3360 1258 3407 est.
1292 3357 1460 3409 Vehementer
1482 3358 1548 3409 enim
1571 3357 1680 3422 populus
1700 3361 1830 3411 Romanus
1858 3366 1903 3415 tot

1111 3443 1249 3508 taliumque
1265 3446 1376 3496 virorum
1392 3447 1487 3497 eximiis
1503 3446 1642 3498 virtutibus
1659 3447 1826 3513 praeditorum
1848 3451 1902 3502 iac·

1111 3536 1195 3584 turem
1219 3534 1298 3594 lurit;
1314 3539 1339 3584 et
1349 3535 1473 3598 quidquid
1487 3538 1565 3586 tante
1578 3549 1667 3586 eorum
1683 3535 1763 3587 cladis
1777 3552 1900 3590 caussam

1111 3622 1250 3687 prebuisse
1258 3622 1402 3685 ridebatur,
1414 3623 1440 3674 id
1450 3623 1601 3688 implacabili
1611 3624 1671 3675 odio
1681 3629 1721 3676 est
1736 3633 1897 3690 persecutus.

1113 3709 1187 3761 lllum
1209 3714 1294 3762 sutem
1314 3710 1397 3772 diem,
1420 3726 1471 3777 quo
1488 3712 1574 3763 clades
1595 3725 1625 3763 ea
1639 3717 1742 3779 accepta
1762 3719 1812 3777 cst,
1829 3717 1902 3769 inter

1111 3803 1180 3851 atros
1193 3803 1219 3850 et
1236 3801 1348 3851 nctastos
1358 3799 1461 3862 retulit,
1481 3801 1619 3857 necullum
1631 3817 1697 3867 opus
1712 3805 1820 3873 bonnm,
1834 3806 1900 3857 reli-

1110 3892 1184 3955 gione
1200 3892 1281 3943 cladis
1297 3896 1360 3942 tnnc
1380 3897 1489 3958 acceptus
1509 3896 1611 3957 motus,
1629 3894 1678 3945 hoc
1689 3895 1733 3946 dle
1748 3897 1898 3961 auspicare-

1111 3982 1162 4029 tur.
1196 3981 1295 4031 Etrusci
1306 3994 1380 4043 rero,
1400 3981 1442 4031 ubi
1452 3982 1485 4032 ad
1496 3984 1620 4034 Romanos
1630 3990 1804 4046 accesserunt,
1821 4000 1898 4038 cons·

1110 4069 1190 4132 pectis
1203 4083 1291 4120 eorum
1307 4071 1400 4122 castris
1424 4071 1515 4134 (erent
1533 4072 1600 4123 enim
1616 4072 1664 4123 sub
1685 4075 1779 4126 montis
1799 4074 1895 4142 latere)

1111 4155 1183 4207 ducis
1198 4156 1347 4222 imperitiam
1363 4160 1570 4222 contemserunt,
1591 4160 1728 4227 oblatoque
1747 4163 1822 4215 sibla
1840 4167 1894 4216 ior·

1111 4249 1173 4296 tuna
1187 4245 1307 4297 beneficio
1324 4246 1431 4299 libenter
1446 4251 1506 4300 sunt
1515 4250 1562 4300 usi.
1596 4253 1628 4301 Et
1639 4265 1698 4301 mox
1710 4265 1769 4303 cum
1778 4255 1896 4319 equitatu

1110 4334 1143 4383 ab
1154 4333 1235 4384 altero
1255 4334 1327 4385 collis
1342 4334 1421 4386 latere
1440 4337 1538 4388 nemine
1560 4338 1712 4402 probibente
1732 4341 1758 4390 in
1772 4342 1894 4394 verticem

1110 4421 1293 4483 escenderunt,
1313 4427 1487 4489 occupatoque
1509 4424 1586 4489 ospiti
1614 4428 1783 4478 Romanorum
1806 4428 1896 4480 immi-

1110 4513 1184 4561 nente
1203 4509 1277 4561 collis
1295 4513 1436 4571 cacumine,
1455 4512 1482 4563 in
1501 4528 1532 4564 eo
1545 4518 1630 4566 castra
1643 4519 1782 4581 posuerunt
1796 4519 1893 4582 alque,

1110 4598 1214 4661 reliquls
1230 4598 1308 4662 copiis
1321 4603 1378 4650 tuto
1394 4600 1527 4662 adductis,
1540 4605 1622 4653 castra
1635 4602 1704 4654 rullo
1722 4603 1774 4655 alto
1792 4608 1819 4656 et
1831 4619 1894 4670 pro·

1109 4686 1188 4738 lunda
1208 4688 1276 4752 iussa
1297 4689 1451 4741 munierunt.
1485 4690 1512 4742 Si
1526 4691 1602 4755 igitur
1623 4694 1755 4744 Menenius
1780 4694 1893 4747 ammed-

1109 4780 1229 4832 rcrtisset
1239 4794 1285 4832 sna
1295 4780 1369 4846 culpa
1383 4780 1498 4832 bostium
1515 4781 1687 4835 conditionem
1704 4785 1786 4838 multo
1799 4786 1891 4837 melio·

1109 4883 1162 4919 rem
1180 4883 1238 4921 esse
1259 4868 1368 4931 iactam,
1386 4870 1475 4935 suique
1488 4870 1582 4921 erroris
1596 4872 1746 4935 peonitentia
1767 4877 1850 4925 motus
1862 4875 1889 4926 ln

1108 4956 1191 5008 locum
1215 4958 1336 5009 tutiorem
1357 4959 1442 5024 copias
1469 4959 1640 5023 traduxisset,
1665 4962 1766 5025 sapiens
1789 4961 1888 5015 inisset.

1108 5047 1160 5096 lem
1173 5060 1248 5109 vero,
1273 5048 1333 5113 quia
1352 5047 1496 5112 pudendum
1508 5048 1617 5100 ducebat
1630 5048 1712 5101 rideri
1726 5065 1843 5116 pecasse,
1862 5054 1889 5103 et

1106 5133 1165 5200 quin
1179 5136 1305 5200 arroganti
1317 5136 1432 5200 superbis
1442 5150 1500 5201 erga
1512 5151 1570 5197 eos,
1588 5137 1631 5200 qui
1649 5136 1724 5189 aliter
1734 5139 1889 5203 monebmt,

1106 5224 1234 5289 utebatur,
1245 5226 1272 5277 in
1284 5225 1381 5278 cladem
1397 5241 1455 5279 rere
1463 5225 1604 5292 pudendam
1616 5227 1711 5280 incidit
1733 5231 1796 5282 llam
1808 5243 1889 5296 quum
