<?xml version="1.0" encoding="UTF-8"?>
<!DOCTYPE html PUBLIC "-//W3C//DTD XHTML 1.0 Transitional//EN"
    "http://www.w3.org/TR/xhtml1/DTD/xhtml1-transitional.dtd">
<html xmlns="http://www.w3.org/1999/xhtml" xml:lang="en" lang="en">
 <head>
  <title>
</title>
<meta http-equiv="Content-Type" content="text/html;charset=utf-8" />
  <meta name='ocr-system' content='tesseract 3.04.00' />
  <meta name='ocr-capabilities' content='ocr_page ocr_carea ocr_par ocr_line ocrx_word'/>
</head>
<body>
  <div class='ocr_page' id='page_1' title='image "./dionysiihalicar01prougoog/dionysiihalicar01prougoog_0029.png"; bbox 0 0 4034 5922; ppageno 0'>
   <div class='ocr_carea' id='block_1_1' title="bbox 55 8 444 114">
    <p class='ocr_par' dir='ltr' id='par_1_1' title="bbox 55 8 444 114">
     <span class='ocr_line' id='line_1_1' title="bbox 55 8 444 114; baseline -0.003 -4"><span class='ocrx_word' id='word_1_1' title='bbox 55 8 444 114; x_wconf 53' lang='lat' dir='ltr'>2‚22.r„ulml&#39;w&#39;l·</span> 
     </span>
    </p>
   </div>
   <div class='ocr_carea' id='block_1_2' title="bbox 266 405 1367 471">
    <p class='ocr_par' dir='ltr' id='par_1_2' title="bbox 266 405 1367 471">
     <span class='ocr_line' id='line_1_2' title="bbox 266 405 1367 471; baseline 0.005 -7"><span class='ocrx_word' id='word_1_2' title='bbox 266 405 305 465; x_wconf 85' lang='lat' dir='ltr'>lo</span> <span class='ocrx_word' id='word_1_3' title='bbox 782 408 953 469; x_wconf 84' lang='lat' dir='ltr'><strong>lJlONYSll</strong></span> <span class='ocrx_word' id='word_1_4' title='bbox 977 408 1367 471; x_wconf 80' lang='lat' dir='ltr'><strong>HALICARNASSENSIS</strong></span> 
     </span>
    </p>
   </div>
   <div class='ocr_carea' id='block_1_3' title="bbox 212 536 1045 2833">
    <p class='ocr_par' dir='ltr' id='par_1_3' title="bbox 212 536 1045 2833">
     <span class='ocr_line' id='line_1_3' title="bbox 264 536 1035 612; baseline 0.006 -19"><span class='ocrx_word' id='word_1_5' title='bbox 264 536 353 610; x_wconf 87' lang='grc' dir='ltr'>νότια,</span> <span class='ocrx_word' id='word_1_6' title='bbox 368 536 414 597; x_wconf 84' lang='grc' dir='ltr'>καὶ</span> <span class='ocrx_word' id='word_1_7' title='bbox 429 537 599 605; x_wconf 78' lang='grc' dir='ltr'>διεξελθόντες</span> <span class='ocrx_word' id='word_1_8' title='bbox 620 537 728 599; x_wconf 82' lang='grc' dir='ltr'>άπασαν</span> <span class='ocrx_word' id='word_1_9' title='bbox 748 540 871 600; x_wconf 81' lang='grc' dir='ltr'>Ἰταλίαν</span> <span class='ocrx_word' id='word_1_10' title='bbox 885 541 933 612; x_wconf 75' lang='grc' dir='ltr'>τὴν</span> <span class='ocrx_word' id='word_1_11' title='bbox 947 542 1035 608; x_wconf 89' lang='grc' dir='ltr'>κάτω,</span> 
     </span>
     <span class='ocr_line' id='line_1_4' title="bbox 266 627 1041 711; baseline 0.001 -26"><span class='ocrx_word' id='word_1_12' title='bbox 266 627 357 699; x_wconf 75' lang='grc' dir='ltr'>ίπειδὴ</span> <span class='ocrx_word' id='word_1_13' title='bbox 374 629 539 708; x_wconf 75' lang='grc' dir='ltr'>πανταχόθεν</span> <span class='ocrx_word' id='word_1_14' title='bbox 563 629 765 701; x_wconf 78' lang='grc' dir='ltr'>ἀπηλαύνοντο,</span> <span class='ocrx_word' id='word_1_15' title='bbox 788 629 835 688; x_wconf 84' lang='grc' dir='ltr'>σθν</span> <span class='ocrx_word' id='word_1_16' title='bbox 852 631 940 711; x_wconf 76' lang='grc' dir='ltr'>χρόνῳ</span> <span class='ocrx_word' id='word_1_17' title='bbox 956 653 1041 689; x_wconf 80' lang='grc' dir='ltr'>κατα·</span> 
     </span>
     <span class='ocr_line' id='line_1_5' title="bbox 267 715 1037 799; baseline 0 -24"><span class='ocrx_word' id='word_1_18' title='bbox 267 716 460 793; x_wconf 86' lang='grc' dir='ltr'>σκευασάμενοι</span> <span class='ocrx_word' id='word_1_19' title='bbox 483 715 590 794; x_wconf 70' lang='grc' dir='ltr'>σχεδίας</span> <span class='ocrx_word' id='word_1_20' title='bbox 605 715 650 775; x_wconf 73' lang='grc' dir='ltr'>ἐπί</span> <span class='ocrx_word' id='word_1_21' title='bbox 664 718 703 797; x_wconf 81' lang='grc' dir='ltr'>τῷ</span> <span class='ocrx_word' id='word_1_22' title='bbox 716 721 829 799; x_wconf 80' lang='grc' dir='ltr'>πορθμῷ</span> <span class='ocrx_word' id='word_1_23' title='bbox 841 721 886 777; x_wconf 87' lang='grc' dir='ltr'>καὶ</span> <span class='ocrx_word' id='word_1_24' title='bbox 901 718 1037 792; x_wconf 77' lang='grc' dir='ltr'>φυλάξαν-</span> 
     </span>
     <span class='ocr_line' id='line_1_6' title="bbox 266 802 1039 883; baseline -0.004 -20"><span class='ocrx_word' id='word_1_25' title='bbox 266 826 308 871; x_wconf 88' lang='grc' dir='ltr'>τες</span> <span class='ocrx_word' id='word_1_26' title='bbox 327 802 452 864; x_wconf 78' lang='grc' dir='ltr'>κατιόντα</span> <span class='ocrx_word' id='word_1_27' title='bbox 479 804 523 863; x_wconf 80' lang='grc' dir='ltr'>τὸν</span> <span class='ocrx_word' id='word_1_28' title='bbox 540 807 599 883; x_wconf 81' lang='grc' dir='ltr'>ῥοῦν</span> <span class='ocrx_word' id='word_1_29' title='bbox 619 803 674 862; x_wconf 79' lang='grc' dir='ltr'>ἀπὸ</span> <span class='ocrx_word' id='word_1_30' title='bbox 694 808 743 876; x_wconf 76' lang='grc' dir='ltr'>τῆς</span> <span class='ocrx_word' id='word_1_31' title='bbox 763 804 880 873; x_wconf 88' lang='grc' dir='ltr'>Ἰταλίας</span> <span class='ocrx_word' id='word_1_32' title='bbox 909 806 1039 877; x_wconf 82' lang='grc' dir='ltr'>διέύησαν</span> 
     </span>
     <span class='ocr_line' id='line_1_7' title="bbox 225 889 1038 972; baseline 0 -22"><span class='ocrx_word' id='word_1_33' title='bbox 225 919 239 955; x_wconf 78' lang='grc' dir='ltr'>ε</span> <span class='ocrx_word' id='word_1_34' title='bbox 267 889 310 950; x_wconf 74' lang='grc' dir='ltr'>ἐπί</span> <span class='ocrx_word' id='word_1_35' title='bbox 322 890 370 963; x_wconf 79' lang='grc' dir='ltr'>τὴν</span> <span class='ocrx_word' id='word_1_36' title='bbox 385 890 496 971; x_wconf 74' lang='grc' dir='ltr'>ἔγγιστα</span> <span class='ocrx_word' id='word_1_37' title='bbox 510 895 601 962; x_wconf 79' lang='grc' dir='ltr'>νῆσον.</span> <span class='ocrx_word' id='word_1_38' title='bbox 646 895 781 972; x_wconf 82' lang='grc' dir='ltr'>Κατεῖχον</span> <span class='ocrx_word' id='word_1_39' title='bbox 805 894 829 952; x_wconf 87' lang='grc' dir='ltr'>δ’</span> <span class='ocrx_word' id='word_1_40' title='bbox 843 893 927 964; x_wconf 71' lang='grc' dir='ltr'>αὐτὴν</span> <span class='ocrx_word' id='word_1_41' title='bbox 951 896 1038 954; x_wconf 86' lang='grc' dir='ltr'>Σικα-</span> 
     </span>
     <span class='ocr_line' id='line_1_8' title="bbox 266 978 1038 1061; baseline 0.005 -26"><span class='ocrx_word' id='word_1_42' title='bbox 266 978 322 1056; x_wconf 81' lang='grc' dir='ltr'>νοί,</span> <span class='ocrx_word' id='word_1_43' title='bbox 338 979 410 1060; x_wconf 90' lang='grc' dir='ltr'>γένος</span> <span class='ocrx_word' id='word_1_44' title='bbox 424 980 573 1058; x_wconf 80' lang='grc' dir='ltr'>Ἰὐηρικὸν,</span> <span class='ocrx_word' id='word_1_45' title='bbox 592 983 622 1040; x_wconf 90' lang='grc' dir='ltr'>οὐ</span> <span class='ocrx_word' id='word_1_46' title='bbox 642 983 734 1061; x_wconf 80' lang='grc' dir='ltr'>πολλῷ</span> <span class='ocrx_word' id='word_1_47' title='bbox 752 981 877 1061; x_wconf 89' lang='grc' dir='ltr'>πρότερον</span> <span class='ocrx_word' id='word_1_48' title='bbox 900 982 1038 1041; x_wconf 82' lang='grc' dir='ltr'>ἐνοικισά-</span> 
     </span>
     <span class='ocr_line' id='line_1_9' title="bbox 268 1070 1042 1152; baseline 0.004 -25"><span class='ocrx_word' id='word_1_49' title='bbox 268 1093 342 1148; x_wconf 88' lang='grc' dir='ltr'>μενοι</span> <span class='ocrx_word' id='word_1_50' title='bbox 360 1071 460 1149; x_wconf 87' lang='grc' dir='ltr'>Λίγυας</span> <span class='ocrx_word' id='word_1_51' title='bbox 474 1071 629 1152; x_wconf 71' lang='grc' dir='ltr'>φεύγοντες,</span> <span class='ocrx_word' id='word_1_52' title='bbox 641 1070 688 1130; x_wconf 83' lang='grc' dir='ltr'>καί</span> <span class='ocrx_word' id='word_1_53' title='bbox 703 1073 908 1150; x_wconf 82' lang='grc' dir='ltr'>παρεσκεύασαν</span> <span class='ocrx_word' id='word_1_54' title='bbox 920 1073 963 1149; x_wconf 75' lang='grc' dir='ltr'>ἀρ’</span> <span class='ocrx_word' id='word_1_55' title='bbox 981 1075 1042 1130; x_wconf 80' lang='grc' dir='ltr'>έαυ·</span> 
     </span>
     <span class='ocr_line' id='line_1_10' title="bbox 267 1158 1042 1241; baseline 0 -23"><span class='ocrx_word' id='word_1_56' title='bbox 267 1163 320 1218; x_wconf 87' lang='grc' dir='ltr'>τῶν</span> <span class='ocrx_word' id='word_1_57' title='bbox 337 1159 467 1221; x_wconf 76' lang='grc' dir='ltr'>Σικανίαν</span> <span class='ocrx_word' id='word_1_58' title='bbox 481 1162 613 1231; x_wconf 78' lang='grc' dir='ltr'>κληθῆναι</span> <span class='ocrx_word' id='word_1_59' title='bbox 628 1158 677 1231; x_wconf 79' lang='grc' dir='ltr'>τλν</span> <span class='ocrx_word' id='word_1_60' title='bbox 689 1163 783 1233; x_wconf 83' lang='grc' dir='ltr'>νῆσον,</span> <span class='ocrx_word' id='word_1_61' title='bbox 799 1160 964 1241; x_wconf 82' lang='grc' dir='ltr'>Τρινακρίαν</span> <span class='ocrx_word' id='word_1_62' title='bbox 978 1161 1042 1238; x_wconf 84' lang='grc' dir='ltr'>πρό·</span> 
     </span>
     <span class='ocr_line' id='line_1_11' title="bbox 266 1247 1040 1327; baseline -0.001 -21"><span class='ocrx_word' id='word_1_63' title='bbox 266 1270 340 1327; x_wconf 81' lang='grc' dir='ltr'>τερον</span> <span class='ocrx_word' id='word_1_64' title='bbox 364 1247 563 1325; x_wconf 79' lang='grc' dir='ltr'>ὀνομαζομένην</span> <span class='ocrx_word' id='word_1_65' title='bbox 589 1247 633 1305; x_wconf 70' lang='lat' dir='ltr'><strong>lul</strong></span> <span class='ocrx_word' id='word_1_66' title='bbox 660 1255 706 1308; x_wconf 84' lang='grc' dir='ltr'>τού</span> <span class='ocrx_word' id='word_1_67' title='bbox 736 1250 864 1325; x_wconf 80' lang='grc' dir='ltr'>τριγώνου</span> <span class='ocrx_word' id='word_1_68' title='bbox 890 1248 1040 1327; x_wconf 71' lang='grc' dir='ltr'>σχήματος.</span> 
     </span>
     <span class='ocr_line' id='line_1_12' title="bbox 213 1328 1041 1416; baseline 0.002 -22"><span class='ocrx_word' id='word_1_69' title='bbox 213 1354 239 1394; x_wconf 83' lang='lat' dir='ltr'>lo</span> <span class='ocrx_word' id='word_1_70' title='bbox 267 1328 357 1399; x_wconf 84' lang='grc' dir='ltr'>Ἦσαν</span> <span class='ocrx_word' id='word_1_71' title='bbox 371 1337 396 1395; x_wconf 89' lang='grc' dir='ltr'>δ’</span> <span class='ocrx_word' id='word_1_72' title='bbox 410 1338 440 1398; x_wconf 92' lang='grc' dir='ltr'>ὀὐ</span> <span class='ocrx_word' id='word_1_73' title='bbox 456 1339 549 1395; x_wconf 87' lang='grc' dir='ltr'>πολλοὶ</span> <span class='ocrx_word' id='word_1_74' title='bbox 562 1340 589 1395; x_wconf 81' lang='grc' dir='ltr'>ἐν</span> <span class='ocrx_word' id='word_1_75' title='bbox 601 1335 706 1413; x_wconf 78' lang='grc' dir='ltr'>μεγάλῃ</span> <span class='ocrx_word' id='word_1_76' title='bbox 723 1337 791 1415; x_wconf 64' lang='grc' dir='ltr'>αὐτίκ’Ι</span> <span class='ocrx_word' id='word_1_77' title='bbox 803 1335 957 1416; x_wconf 73' lang='grc' dir='ltr'>οἰκήτορες,</span> <span class='ocrx_word' id='word_1_78' title='bbox 981 1336 1041 1396; x_wconf 83' lang='grc' dir='ltr'>ἀλλ’</span> 
     </span>
     <span class='ocr_line' id='line_1_13' title="bbox 266 1414 1045 1506; baseline 0 -21"><span class='ocrx_word' id='word_1_79' title='bbox 266 1425 402 1497; x_wconf 73' lang='grc' dir='ltr'>ἡπλείων</span> <span class='ocrx_word' id='word_1_80' title='bbox 421 1430 469 1497; x_wconf 83' lang='grc' dir='ltr'>τῆς</span> <span class='ocrx_word' id='word_1_81' title='bbox 490 1423 580 1504; x_wconf 81' lang='grc' dir='ltr'>χώρας</span> <span class='ocrx_word' id='word_1_82' title='bbox 599 1422 637 1482; x_wconf 85' lang='grc' dir='ltr'>ἔτ’</span> <span class='ocrx_word' id='word_1_83' title='bbox 658 1414 691 1495; x_wconf 72' lang='grc' dir='ltr'>ἦν</span> <span class='ocrx_word' id='word_1_84' title='bbox 708 1423 815 1503; x_wconf 80' lang='grc' dir='ltr'>ἔρημος.</span> <span class='ocrx_word' id='word_1_85' title='bbox 862 1426 1045 1506; x_wconf 76' lang='grc' dir='ltr'>Καταχθίντες</span> 
     </span>
     <span class='ocr_line' id='line_1_14' title="bbox 267 1506 1042 1592; baseline -0.001 -17"><span class='ocrx_word' id='word_1_86' title='bbox 267 1506 312 1575; x_wconf 71' lang='grc' dir='ltr'>οὐν</span> <span class='ocrx_word' id='word_1_87' title='bbox 335 1516 372 1583; x_wconf 78' lang='grc' dir='ltr'>είς</span> <span class='ocrx_word' id='word_1_88' title='bbox 390 1514 471 1585; x_wconf 72' lang='grc' dir='ltr'>αὐτὴν</span> <span class='ocrx_word' id='word_1_89' title='bbox 494 1517 518 1572; x_wconf 89' lang='grc' dir='ltr'>οί</span> <span class='ocrx_word' id='word_1_90' title='bbox 531 1511 637 1572; x_wconf 85' lang='grc' dir='ltr'>Σικελοὶ</span> <span class='ocrx_word' id='word_1_91' title='bbox 652 1511 683 1570; x_wconf 87' lang='grc' dir='ltr'>τδ</span> <span class='ocrx_word' id='word_1_92' title='bbox 700 1511 748 1588; x_wconf 74' lang='grc' dir='ltr'>μέν</span> <span class='ocrx_word' id='word_1_93' title='bbox 769 1517 874 1592; x_wconf 87' lang='grc' dir='ltr'>πρῶτον</span> <span class='ocrx_word' id='word_1_94' title='bbox 898 1517 924 1574; x_wconf 74' lang='grc' dir='ltr'>ἐν</span> <span class='ocrx_word' id='word_1_95' title='bbox 947 1525 1000 1583; x_wconf 86' lang='grc' dir='ltr'>τοῖς</span> <span class='ocrx_word' id='word_1_96' title='bbox 1018 1519 1042 1574; x_wconf 87' lang='grc' dir='ltr'>έ-</span> 
     </span>
     <span class='ocr_line' id='line_1_15' title="bbox 267 1598 1039 1684; baseline -0.004 -20"><span class='ocrx_word' id='word_1_97' title='bbox 267 1603 385 1684; x_wconf 84' lang='grc' dir='ltr'>σπερίοις</span> <span class='ocrx_word' id='word_1_98' title='bbox 400 1602 504 1682; x_wconf 87' lang='grc' dir='ltr'>μέρεσιν</span> <span class='ocrx_word' id='word_1_99' title='bbox 516 1598 642 1682; x_wconf 80' lang='grc' dir='ltr'>ᾤκησαν,</span> <span class='ocrx_word' id='word_1_100' title='bbox 657 1598 750 1659; x_wconf 70' lang='grc' dir='ltr'>ἔπειτα</span> <span class='ocrx_word' id='word_1_101' title='bbox 763 1600 808 1660; x_wconf 85' lang='grc' dir='ltr'>καὶ</span> <span class='ocrx_word' id='word_1_102' title='bbox 820 1601 887 1662; x_wconf 74' lang='grc' dir='ltr'>ἄλλα</span> <span class='ocrx_word' id='word_1_103' title='bbox 904 1604 1039 1682; x_wconf 76' lang='grc' dir='ltr'>πολλαχῇ,</span> 
     </span>
     <span class='ocr_line' id='line_1_16' title="bbox 267 1687 1042 1769; baseline -0.006 -17"><span class='ocrx_word' id='word_1_104' title='bbox 267 1691 314 1752; x_wconf 84' lang='grc' dir='ltr'>καί</span> <span class='ocrx_word' id='word_1_105' title='bbox 327 1688 442 1768; x_wconf 89' lang='grc' dir='ltr'>τούνομα</span> <span class='ocrx_word' id='word_1_106' title='bbox 459 1693 475 1760; x_wconf 85' lang='grc' dir='ltr'>ἡ</span> <span class='ocrx_word' id='word_1_107' title='bbox 490 1692 568 1760; x_wconf 79' lang='grc' dir='ltr'>νῆσος</span> <span class='ocrx_word' id='word_1_108' title='bbox 583 1687 628 1747; x_wconf 68' lang='lat' dir='ltr'>iul</span> <span class='ocrx_word' id='word_1_109' title='bbox 642 1687 742 1747; x_wconf 85' lang='grc' dir='ltr'>τούτων</span> <span class='ocrx_word' id='word_1_110' title='bbox 754 1688 855 1769; x_wconf 78' lang='grc' dir='ltr'>ἤρξατο</span> <span class='ocrx_word' id='word_1_111' title='bbox 869 1690 980 1749; x_wconf 82' lang='grc' dir='ltr'>Σικελία</span> <span class='ocrx_word' id='word_1_112' title='bbox 996 1714 1042 1748; x_wconf 89' lang='grc' dir='ltr'>κα-</span> 
     </span>
     <span class='ocr_line' id='line_1_17' title="bbox 213 1775 1042 1856; baseline -0.006 -16"><span class='ocrx_word' id='word_1_113' title='bbox 213 1801 238 1840; x_wconf 75' lang='grc' dir='ltr'>τε</span> <span class='ocrx_word' id='word_1_114' title='bbox 267 1783 381 1841; x_wconf 86' lang='grc' dir='ltr'>λεῖσθαι.</span> <span class='ocrx_word' id='word_1_115' title='bbox 424 1781 449 1839; x_wconf 83' lang='grc' dir='ltr'><strong>Τ</strong></span> <span class='ocrx_word' id='word_1_116' title='bbox 451 1777 465 1836; x_wconf 81' lang='grc' dir='ltr'>ὸ</span> <span class='ocrx_word' id='word_1_117' title='bbox 481 1776 528 1856; x_wconf 77' lang='grc' dir='ltr'>μὲν</span> <span class='ocrx_word' id='word_1_118' title='bbox 542 1778 573 1848; x_wconf 77' lang='grc' dir='ltr'>δὴ</span> <span class='ocrx_word' id='word_1_119' title='bbox 590 1775 730 1837; x_wconf 79' lang='grc' dir='ltr'>Σικελικὸν</span> <span class='ocrx_word' id='word_1_120' title='bbox 744 1777 817 1854; x_wconf 93' lang='grc' dir='ltr'>γένος</span> <span class='ocrx_word' id='word_1_121' title='bbox 832 1776 914 1845; x_wconf 73' lang='grc' dir='ltr'>οὕτως</span> <span class='ocrx_word' id='word_1_122' title='bbox 924 1776 1042 1845; x_wconf 80' lang='grc' dir='ltr'>ἐξέλιπεν</span> 
     </span>
     <span class='ocr_line' id='line_1_18' title="bbox 267 1865 1043 1948; baseline -0.004 -18"><span class='ocrx_word' id='word_1_123' title='bbox 267 1870 396 1943; x_wconf 86' lang='grc' dir='ltr'>Ἰταλίαν,</span> <span class='ocrx_word' id='word_1_124' title='bbox 416 1871 452 1934; x_wconf 80' lang='grc' dir='ltr'>ὡς</span> <span class='ocrx_word' id='word_1_125' title='bbox 468 1866 515 1943; x_wconf 78' lang='grc' dir='ltr'>μὲν</span> <span class='ocrx_word' id='word_1_126' title='bbox 533 1865 718 1932; x_wconf 80' lang='grc' dir='ltr'>Ἑλλάνικοςό</span> <span class='ocrx_word' id='word_1_127' title='bbox 740 1865 854 1934; x_wconf 83' lang='grc' dir='ltr'>Λέσύεός</span> <span class='ocrx_word' id='word_1_128' title='bbox 873 1889 952 1948; x_wconf 81' lang='grc' dir='ltr'>ρησι,</span> <span class='ocrx_word' id='word_1_129' title='bbox 967 1869 1043 1948; x_wconf 81' lang='grc' dir='ltr'>τρίτη</span> 
     </span>
     <span class='ocr_line' id='line_1_19' title="bbox 266 1955 1041 2040; baseline -0.005 -21"><span class='ocrx_word' id='word_1_130' title='bbox 266 1968 344 2040; x_wconf 74' lang='grc' dir='ltr'>γενεᾷ</span> <span class='ocrx_word' id='word_1_131' title='bbox 362 1957 489 2038; x_wconf 91' lang='grc' dir='ltr'>πρότερον</span> <span class='ocrx_word' id='word_1_132' title='bbox 501 1961 554 2016; x_wconf 89' lang='grc' dir='ltr'>τῶν</span> <span class='ocrx_word' id='word_1_133' title='bbox 567 1958 715 2035; x_wconf 84' lang='grc' dir='ltr'>Τρωῖκῶν,</span> <span class='ocrx_word' id='word_1_134' title='bbox 733 1955 876 2030; x_wconf 81' lang='grc' dir='ltr'>Ἀλκυόνης</span> <span class='ocrx_word' id='word_1_135' title='bbox 895 1956 1041 2037; x_wconf 77' lang='grc' dir='ltr'>ἱερωμένης</span> 
     </span>
     <span class='ocr_line' id='line_1_20' title="bbox 267 2042 1044 2130; baseline -0.005 -21"><span class='ocrx_word' id='word_1_136' title='bbox 267 2053 294 2110; x_wconf 79' lang='grc' dir='ltr'>ἐν</span> <span class='ocrx_word' id='word_1_137' title='bbox 309 2049 401 2130; x_wconf 80' lang='grc' dir='ltr'>Ἀργει</span> <span class='ocrx_word' id='word_1_138' title='bbox 415 2045 486 2106; x_wconf 85' lang='grc' dir='ltr'>κατδι</span> <span class='ocrx_word' id='word_1_139' title='bbox 510 2045 541 2104; x_wconf 82' lang='grc' dir='ltr'>τὸ</span> <span class='ocrx_word' id='word_1_140' title='bbox 565 2045 642 2105; x_wconf 76' lang='grc' dir='ltr'>ἕκτον</span> <span class='ocrx_word' id='word_1_141' title='bbox 657 2042 702 2103; x_wconf 82' lang='grc' dir='ltr'>καί</span> <span class='ocrx_word' id='word_1_142' title='bbox 717 2045 834 2106; x_wconf 80' lang='grc' dir='ltr'>εἰκοστὸν</span> <span class='ocrx_word' id='word_1_143' title='bbox 850 2045 915 2112; x_wconf 81' lang='grc' dir='ltr'>ἔτος.</span> <span class='ocrx_word' id='word_1_144' title='bbox 946 2046 1000 2107; x_wconf 88' lang='grc' dir='ltr'>Δύο</span> <span class='ocrx_word' id='word_1_145' title='bbox 1016 2046 1044 2105; x_wconf 81' lang='grc' dir='ltr'>δὲ</span> 
     </span>
     <span class='ocr_line' id='line_1_21' title="bbox 266 2132 1043 2202; baseline -0.005 -4"><span class='ocrx_word' id='word_1_146' title='bbox 266 2138 338 2199; x_wconf 81' lang='grc' dir='ltr'>ποιεῖ</span> <span class='ocrx_word' id='word_1_147' title='bbox 350 2136 459 2202; x_wconf 78' lang='grc' dir='ltr'>στολους</span> <span class='ocrx_word' id='word_1_148' title='bbox 473 2132 622 2199; x_wconf 80' lang='grc' dir='ltr'>Ἰταλικοὺς</span> <span class='ocrx_word' id='word_1_149' title='bbox 637 2132 780 2200; x_wconf 83' lang='grc' dir='ltr'>διαόάντας</span> <span class='ocrx_word' id='word_1_150' title='bbox 797 2135 834 2202; x_wconf 84' lang='grc' dir='ltr'>είς</span> <span class='ocrx_word' id='word_1_151' title='bbox 850 2134 988 2197; x_wconf 83' lang='grc' dir='ltr'>Σικελίαν·</span> <span class='ocrx_word' id='word_1_152' title='bbox 1000 2134 1043 2194; x_wconf 85' lang='grc' dir='ltr'>τδν</span> 
     </span>
     <span class='ocr_line' id='line_1_22' title="bbox 212 2221 1044 2305; baseline 0.001 -23"><span class='ocrx_word' id='word_1_153' title='bbox 212 2244 239 2282; x_wconf 73' lang='lat' dir='ltr'>so</span> <span class='ocrx_word' id='word_1_154' title='bbox 269 2225 316 2304; x_wconf 73' lang='grc' dir='ltr'>μὲν</span> <span class='ocrx_word' id='word_1_155' title='bbox 344 2226 472 2305; x_wconf 90' lang='grc' dir='ltr'>πρότερον</span> <span class='ocrx_word' id='word_1_156' title='bbox 499 2221 645 2299; x_wconf 89' lang='grc' dir='ltr'>Ἐλύμων,</span> <span class='ocrx_word' id='word_1_157' title='bbox 673 2221 716 2289; x_wconf 84' lang='grc' dir='ltr'>οὐς</span> <span class='ocrx_word' id='word_1_158' title='bbox 735 2245 817 2303; x_wconf 83' lang='grc' dir='ltr'>ρησιν</span> <span class='ocrx_word' id='word_1_159' title='bbox 841 2222 885 2281; x_wconf 83' lang='grc' dir='ltr'>ὑπ’</span> <span class='ocrx_word' id='word_1_160' title='bbox 900 2223 1044 2304; x_wconf 80' lang='grc' dir='ltr'>Οἰνώτρων</span> 
     </span>
     <span class='ocr_line' id='line_1_23' title="bbox 269 2310 1044 2395; baseline -0.004 -21"><span class='ocrx_word' id='word_1_161' title='bbox 269 2315 457 2385; x_wconf 79' lang='grc' dir='ltr'>ἐξαναστῆναι,</span> <span class='ocrx_word' id='word_1_162' title='bbox 473 2310 517 2370; x_wconf 79' lang='grc' dir='ltr'>τὸν</span> <span class='ocrx_word' id='word_1_163' title='bbox 535 2311 562 2370; x_wconf 75' lang='grc' dir='ltr'>δὲ</span> <span class='ocrx_word' id='word_1_164' title='bbox 579 2312 646 2386; x_wconf 78' lang='grc' dir='ltr'>μετὰ</span> <span class='ocrx_word' id='word_1_165' title='bbox 662 2316 753 2370; x_wconf 79' lang='grc' dir='ltr'>τοῦτον</span> <span class='ocrx_word' id='word_1_166' title='bbox 775 2311 827 2371; x_wconf 83' lang='grc' dir='ltr'>ίτει</span> <span class='ocrx_word' id='word_1_167' title='bbox 840 2312 956 2395; x_wconf 85' lang='grc' dir='ltr'>πέμπτῳ</span> <span class='ocrx_word' id='word_1_168' title='bbox 968 2312 1044 2390; x_wconf 85' lang='grc' dir='ltr'>γενά-</span> 
     </span>
     <span class='ocr_line' id='line_1_24' title="bbox 269 2398 1043 2484; baseline -0.004 -20"><span class='ocrx_word' id='word_1_169' title='bbox 269 2426 347 2484; x_wconf 90' lang='grc' dir='ltr'>μενον</span> <span class='ocrx_word' id='word_1_170' title='bbox 371 2399 501 2467; x_wconf 79' lang='grc' dir='ltr'>Αὐσόνων</span> <span class='ocrx_word' id='word_1_171' title='bbox 536 2399 664 2477; x_wconf 76' lang='grc' dir='ltr'>Ἰάπυγας</span> <span class='ocrx_word' id='word_1_172' title='bbox 688 2398 848 2480; x_wconf 74' lang='grc' dir='ltr'>φευγόντων·</span> <span class='ocrx_word' id='word_1_173' title='bbox 875 2402 989 2479; x_wconf 79' lang='grc' dir='ltr'>βασιλέα</span> <span class='ocrx_word' id='word_1_174' title='bbox 1016 2402 1043 2461; x_wconf 81' lang='grc' dir='ltr'>δέ</span> 
     </span>
     <span class='ocr_line' id='line_1_25' title="bbox 267 2481 1044 2570; baseline -0.003 -19"><span class='ocrx_word' id='word_1_175' title='bbox 267 2492 365 2554; x_wconf 88' lang='grc' dir='ltr'>τούτων</span> <span class='ocrx_word' id='word_1_176' title='bbox 382 2488 522 2570; x_wconf 79' lang='grc' dir='ltr'>άποραίνει</span> <span class='ocrx_word' id='word_1_177' title='bbox 542 2488 671 2560; x_wconf 83' lang='grc' dir='ltr'>Σικελὸν,</span> <span class='ocrx_word' id='word_1_178' title='bbox 699 2490 745 2570; x_wconf 75' lang='grc' dir='ltr'>ἀρ’</span> <span class='ocrx_word' id='word_1_179' title='bbox 760 2481 791 2548; x_wconf 83' lang='grc' dir='ltr'>οὐ</span> <span class='ocrx_word' id='word_1_180' title='bbox 810 2488 928 2564; x_wconf 82' lang='grc' dir='ltr'>τοῦνομα</span> <span class='ocrx_word' id='word_1_181' title='bbox 943 2493 999 2557; x_wconf 87' lang='grc' dir='ltr'>τοῖς</span> <span class='ocrx_word' id='word_1_182' title='bbox 1020 2490 1044 2549; x_wconf 89' lang='grc' dir='ltr'>τ’</span> 
     </span>
     <span class='ocr_line' id='line_1_26' title="bbox 268 2572 1045 2660; baseline -0.001 -21"><span class='ocrx_word' id='word_1_183' title='bbox 268 2577 414 2660; x_wconf 80' lang='grc' dir='ltr'>ἀνθρώποις</span> <span class='ocrx_word' id='word_1_184' title='bbox 428 2572 475 2635; x_wconf 86' lang='grc' dir='ltr'>καί</span> <span class='ocrx_word' id='word_1_185' title='bbox 488 2579 522 2655; x_wconf 80' lang='grc' dir='ltr'>τῇ</span> <span class='ocrx_word' id='word_1_186' title='bbox 547 2574 621 2657; x_wconf 75' lang='grc' dir='ltr'>νήσῳ</span> <span class='ocrx_word' id='word_1_187' title='bbox 640 2579 761 2647; x_wconf 75' lang='grc' dir='ltr'>τεθῆναι.</span> <span class='ocrx_word' id='word_1_188' title='bbox 801 2573 848 2643; x_wconf 84' lang='grc' dir='ltr'>Ὡς</span> <span class='ocrx_word' id='word_1_189' title='bbox 864 2575 891 2636; x_wconf 73' lang='grc' dir='ltr'>δὲ</span> <span class='ocrx_word' id='word_1_190' title='bbox 914 2579 1045 2645; x_wconf 83' lang='grc' dir='ltr'>Φίλιστος</span> 
     </span>
     <span class='ocr_line' id='line_1_27' title="bbox 212 2661 1044 2747; baseline 0.002 -25"><span class='ocrx_word' id='word_1_191' title='bbox 212 2682 239 2722; x_wconf 72' lang='grc' dir='ltr'>τε</span> <span class='ocrx_word' id='word_1_192' title='bbox 266 2672 281 2729; x_wconf 84' lang='grc' dir='ltr'>ὁ</span> <span class='ocrx_word' id='word_1_193' title='bbox 303 2664 481 2747; x_wconf 85' lang='grc' dir='ltr'>Συρακούσιος</span> <span class='ocrx_word' id='word_1_194' title='bbox 504 2665 618 2745; x_wconf 78' lang='grc' dir='ltr'>γράγιει,</span> <span class='ocrx_word' id='word_1_195' title='bbox 638 2662 734 2743; x_wconf 83' lang='grc' dir='ltr'>χρόνος</span> <span class='ocrx_word' id='word_1_196' title='bbox 757 2661 805 2739; x_wconf 82' lang='grc' dir='ltr'>μὲν</span> <span class='ocrx_word' id='word_1_197' title='bbox 828 2668 875 2735; x_wconf 77' lang='grc' dir='ltr'>τῆς</span> <span class='ocrx_word' id='word_1_198' title='bbox 898 2666 1044 2735; x_wconf 81' lang='grc' dir='ltr'>διαδάσεως</span> 
     </span>
     <span class='ocr_line' id='line_1_28' title="bbox 266 2747 1042 2833; baseline 0.001 -19"><span class='ocrx_word' id='word_1_199' title='bbox 266 2747 299 2827; x_wconf 66' lang='grc' dir='ltr'>ἦν</span> <span class='ocrx_word' id='word_1_200' title='bbox 323 2753 380 2821; x_wconf 78' lang='grc' dir='ltr'>ίτος</span> <span class='ocrx_word' id='word_1_201' title='bbox 401 2753 576 2830; x_wconf 79' lang='grc' dir='ltr'>ὀγδοηκοστὸν</span> <span class='ocrx_word' id='word_1_202' title='bbox 598 2751 651 2830; x_wconf 84' lang='grc' dir='ltr'>πρὸ</span> <span class='ocrx_word' id='word_1_203' title='bbox 683 2759 728 2811; x_wconf 81' lang='grc' dir='ltr'>τοῦ</span> <span class='ocrx_word' id='word_1_204' title='bbox 755 2752 882 2833; x_wconf 71' lang='grc' dir='ltr'>Τρωϊκοῦ</span> <span class='ocrx_word' id='word_1_205' title='bbox 906 2755 1042 2833; x_wconf 86' lang='grc' dir='ltr'>πολέμου,</span> 
     </span>
    </p>
   </div>
   <div class='ocr_carea' id='block_1_4' title="bbox 97 2839 1041 2919">
    <p class='ocr_par' dir='ltr' id='par_1_4' title="bbox 97 2839 1041 2919">
     <span class='ocr_line' id='line_1_29' title="bbox 97 2839 1041 2919; baseline -0.005 -13"><span class='ocrx_word' id='word_1_206' title='bbox 97 2882 99 2890; x_wconf 68' lang='lat'>=</span> <span class='ocrx_word' id='word_1_207' title='bbox 182 2912 185 2919; x_wconf 33' lang='grc'>1</span> <span class='ocrx_word' id='word_1_208' title='bbox 268 2845 340 2912; x_wconf 79' lang='grc' dir='ltr'>ίθνος</span> <span class='ocrx_word' id='word_1_209' title='bbox 366 2842 395 2902; x_wconf 67' lang='grc' dir='ltr'>δέ</span> <span class='ocrx_word' id='word_1_210' title='bbox 418 2842 448 2901; x_wconf 84' lang='grc' dir='ltr'>τδ</span> <span class='ocrx_word' id='word_1_211' title='bbox 463 2841 633 2917; x_wconf 80' lang='grc' dir='ltr'>διακομισθίν</span> <span class='ocrx_word' id='word_1_212' title='bbox 660 2839 687 2911; x_wconf 62' lang='lat' dir='ltr'>l}</span> <span class='ocrx_word' id='word_1_213' title='bbox 710 2841 827 2910; x_wconf 89' lang='grc' dir='ltr'>Ἰταλίας</span> <span class='ocrx_word' id='word_1_214' title='bbox 847 2842 901 2902; x_wconf 82' lang='grc' dir='ltr'>οὔτ’</span> <span class='ocrx_word' id='word_1_215' title='bbox 917 2844 1041 2904; x_wconf 84' lang='grc' dir='ltr'>Αὐσόνων</span> 
     </span>
    </p>
   </div>
   <div class='ocr_carea' id='block_1_5' title="bbox 214 2931 1051 5317">
    <p class='ocr_par' dir='ltr' id='par_1_5' title="bbox 214 2931 1051 5317">
     <span class='ocr_line' id='line_1_30' title="bbox 223 2931 1045 3017; baseline -0.001 -23"><span class='ocrx_word' id='word_1_216' title='bbox 223 3000 231 3017; x_wconf 44' lang='grc' dir='ltr'><strong><em>Ι</em></strong></span> <span class='ocrx_word' id='word_1_217' title='bbox 268 2933 323 2994; x_wconf 83' lang='grc' dir='ltr'>οὔτ’</span> <span class='ocrx_word' id='word_1_218' title='bbox 337 2931 482 3009; x_wconf 86' lang='grc' dir='ltr'>Ἐλύμων,</span> <span class='ocrx_word' id='word_1_219' title='bbox 507 2931 577 2990; x_wconf 73' lang='grc' dir='ltr'>ἀλλὰ</span> <span class='ocrx_word' id='word_1_220' title='bbox 596 2931 718 3008; x_wconf 87' lang='grc' dir='ltr'>Λιγύων,</span> <span class='ocrx_word' id='word_1_221' title='bbox 740 2932 847 3011; x_wconf 84' lang='grc' dir='ltr'>άγοντος</span> <span class='ocrx_word' id='word_1_222' title='bbox 878 2933 973 3000; x_wconf 86' lang='grc' dir='ltr'>αὐτούς</span> <span class='ocrx_word' id='word_1_223' title='bbox 997 2935 1045 2993; x_wconf 89' lang='grc' dir='ltr'>Σι·</span> 
     </span>
     <span class='ocr_line' id='line_1_31' title="bbox 267 3008 1045 3097; baseline -0.006 -15"><span class='ocrx_word' id='word_1_224' title='bbox 267 3025 355 3082; x_wconf 66' lang='lat' dir='ltr'><strong>arlob—</strong></span> <span class='ocrx_word' id='word_1_225' title='bbox 374 3024 464 3078; x_wconf 77' lang='grc' dir='ltr'>τοῦτον</span> <span class='ocrx_word' id='word_1_226' title='bbox 480 3019 502 3077; x_wconf 86' lang='grc' dir='ltr'>δ’</span> <span class='ocrx_word' id='word_1_227' title='bbox 517 3008 587 3076; x_wconf 76' lang='grc' dir='ltr'>εἷναί</span> <span class='ocrx_word' id='word_1_228' title='bbox 613 3039 692 3097; x_wconf 75' lang='grc' dir='ltr'>φησιν</span> <span class='ocrx_word' id='word_1_229' title='bbox 708 3020 763 3077; x_wconf 86' lang='grc' dir='ltr'>υίδν</span> <span class='ocrx_word' id='word_1_230' title='bbox 779 3018 906 3094; x_wconf 80' lang='grc' dir='ltr'>Ἰταλοῦ,</span> <span class='ocrx_word' id='word_1_231' title='bbox 924 3016 971 3077; x_wconf 83' lang='grc' dir='ltr'>καί</span> <span class='ocrx_word' id='word_1_232' title='bbox 985 3018 1045 3086; x_wconf 84' lang='grc' dir='ltr'>τούς</span> 
     </span>
     <span class='ocr_line' id='line_1_32' title="bbox 214 3106 1043 3188; baseline -0.008 -17"><span class='ocrx_word' id='word_1_233' title='bbox 214 3128 242 3171; x_wconf 75' lang='lat'>20</span> <span class='ocrx_word' id='word_1_234' title='bbox 268 3108 418 3188; x_wconf 77' lang='grc' dir='ltr'>ἀνθρώπους</span> <span class='ocrx_word' id='word_1_235' title='bbox 452 3106 496 3166; x_wconf 73' lang='grc' dir='ltr'>ἐπὶ</span> <span class='ocrx_word' id='word_1_236' title='bbox 530 3106 624 3166; x_wconf 83' lang='grc' dir='ltr'>τούτου</span> <span class='ocrx_word' id='word_1_237' title='bbox 658 3107 859 3176; x_wconf 80' lang='grc' dir='ltr'>δυναστεύοντος</span> <span class='ocrx_word' id='word_1_238' title='bbox 895 3129 1043 3183; x_wconf 82' lang='grc' dir='ltr'>μετονομα·</span> 
     </span>
     <span class='ocr_line' id='line_1_33' title="bbox 269 3195 1044 3268; baseline -0.005 -10"><span class='ocrx_word' id='word_1_239' title='bbox 269 3204 363 3268; x_wconf 77' lang='grc' dir='ltr'>σθῆναι</span> <span class='ocrx_word' id='word_1_240' title='bbox 376 3197 512 3262; x_wconf 85' lang='grc' dir='ltr'>Σικελούς·</span> <span class='ocrx_word' id='word_1_241' title='bbox 524 3195 701 3267; x_wconf 67' lang='grc' dir='ltr'>ἐξαναστῆναι</span> <span class='ocrx_word' id='word_1_242' title='bbox 718 3197 742 3254; x_wconf 84' lang='grc' dir='ltr'>δ’</span> <span class='ocrx_word' id='word_1_243' title='bbox 762 3199 792 3255; x_wconf 82' lang='grc' dir='ltr'>ἐκ</span> <span class='ocrx_word' id='word_1_244' title='bbox 805 3201 852 3267; x_wconf 78' lang='grc' dir='ltr'>τῆς</span> <span class='ocrx_word' id='word_1_245' title='bbox 867 3200 968 3256; x_wconf 79' lang='grc' dir='ltr'>ἑαυτῶν</span> <span class='ocrx_word' id='word_1_246' title='bbox 984 3196 1044 3263; x_wconf 86' lang='grc' dir='ltr'>τούς</span> 
     </span>
     <span class='ocr_line' id='line_1_34' title="bbox 270 3283 1042 3366; baseline 0 -21"><span class='ocrx_word' id='word_1_247' title='bbox 270 3287 370 3364; x_wconf 88' lang='grc' dir='ltr'>Λίγυας</span> <span class='ocrx_word' id='word_1_248' title='bbox 385 3284 436 3343; x_wconf 82' lang='grc' dir='ltr'>ύπό</span> <span class='ocrx_word' id='word_1_249' title='bbox 450 3289 476 3342; x_wconf 92' lang='grc' dir='ltr'>τ’</span> <span class='ocrx_word' id='word_1_250' title='bbox 492 3283 649 3363; x_wconf 81' lang='grc' dir='ltr'>Ὀμύρικῶν</span> <span class='ocrx_word' id='word_1_251' title='bbox 664 3284 711 3344; x_wconf 83' lang='grc' dir='ltr'>καὶ</span> <span class='ocrx_word' id='word_1_252' title='bbox 730 3286 889 3364; x_wconf 81' lang='grc' dir='ltr'>Πελασγῶν.</span> <span class='ocrx_word' id='word_1_253' title='bbox 908 3286 1042 3366; x_wconf 75' lang='grc' dir='ltr'>Ἀντίοχος</span> 
     </span>
     <span class='ocr_line' id='line_1_35' title="bbox 269 3373 1044 3453; baseline -0.004 -17"><span class='ocrx_word' id='word_1_254' title='bbox 269 3379 316 3436; x_wconf 75' lang='grc' dir='ltr'>δ’ὁ</span> <span class='ocrx_word' id='word_1_255' title='bbox 332 3374 511 3453; x_wconf 81' lang='grc' dir='ltr'>Συρακούσιος</span> <span class='ocrx_word' id='word_1_256' title='bbox 527 3374 622 3453; x_wconf 83' lang='grc' dir='ltr'>χρόνον</span> <span class='ocrx_word' id='word_1_257' title='bbox 638 3373 686 3451; x_wconf 75' lang='grc' dir='ltr'>μίν</span> <span class='ocrx_word' id='word_1_258' title='bbox 701 3376 730 3432; x_wconf 92' lang='grc' dir='ltr'>οὐ</span> <span class='ocrx_word' id='word_1_259' title='bbox 742 3376 817 3446; x_wconf 85' lang='grc' dir='ltr'>δηλοῖ</span> <span class='ocrx_word' id='word_1_260' title='bbox 826 3379 874 3446; x_wconf 77' lang='grc' dir='ltr'>τῆς</span> <span class='ocrx_word' id='word_1_261' title='bbox 884 3374 1044 3448; x_wconf 81' lang='grc' dir='ltr'>διαόάσεως,</span> 
     </span>
     <span class='ocr_line' id='line_1_36' title="bbox 269 3460 1044 3543; baseline 0 -21"><span class='ocrx_word' id='word_1_262' title='bbox 269 3461 396 3526; x_wconf 78' lang='grc' dir='ltr'>Σικελούς</span> <span class='ocrx_word' id='word_1_263' title='bbox 425 3460 453 3519; x_wconf 83' lang='grc' dir='ltr'>δὲ</span> <span class='ocrx_word' id='word_1_264' title='bbox 475 3460 534 3529; x_wconf 87' lang='grc' dir='ltr'>τούς</span> <span class='ocrx_word' id='word_1_265' title='bbox 559 3460 773 3537; x_wconf 79' lang='grc' dir='ltr'>μεταναστάντας</span> <span class='ocrx_word' id='word_1_266' title='bbox 795 3461 957 3542; x_wconf 74' lang='grc' dir='ltr'>ἀποφαίνει,</span> <span class='ocrx_word' id='word_1_267' title='bbox 981 3468 1044 3543; x_wconf 90' lang='grc' dir='ltr'>βια-</span> 
     </span>
     <span class='ocr_line' id='line_1_37' title="bbox 216 3548 1045 3631; baseline -0.001 -21"><span class='ocrx_word' id='word_1_268' title='bbox 216 3568 242 3610; x_wconf 72' lang='grc' dir='ltr'>ιο</span> <span class='ocrx_word' id='word_1_269' title='bbox 270 3553 377 3617; x_wconf 83' lang='grc' dir='ltr'>σθέντας</span> <span class='ocrx_word' id='word_1_270' title='bbox 402 3548 454 3608; x_wconf 79' lang='grc' dir='ltr'>ὑπό</span> <span class='ocrx_word' id='word_1_271' title='bbox 476 3550 500 3609; x_wconf 83' lang='grc' dir='ltr'>τ’</span> <span class='ocrx_word' id='word_1_272' title='bbox 525 3549 669 3629; x_wconf 74' lang='grc' dir='ltr'>Οἰνώτρων</span> <span class='ocrx_word' id='word_1_273' title='bbox 693 3549 740 3610; x_wconf 88' lang='grc' dir='ltr'>καὶ</span> <span class='ocrx_word' id='word_1_274' title='bbox 757 3550 879 3611; x_wconf 83' lang='grc' dir='ltr'>Ὀπικῶν</span> <span class='ocrx_word' id='word_1_275' title='bbox 897 3552 1045 3631; x_wconf 77' lang='grc' dir='ltr'>Στράτωνα</span> 
     </span>
     <span class='ocr_line' id='line_1_38' title="bbox 270 3637 1045 3719; baseline -0.003 -20"><span class='ocrx_word' id='word_1_276' title='bbox 270 3638 388 3719; x_wconf 78' lang='grc' dir='ltr'>ἡγεμόνα</span> <span class='ocrx_word' id='word_1_277' title='bbox 402 3642 449 3708; x_wconf 75' lang='grc' dir='ltr'>τῆς</span> <span class='ocrx_word' id='word_1_278' title='bbox 473 3637 598 3705; x_wconf 82' lang='grc' dir='ltr'>ἀποικίας</span> <span class='ocrx_word' id='word_1_279' title='bbox 620 3638 827 3717; x_wconf 88' lang='grc' dir='ltr'>ποιησαμένους.</span> <span class='ocrx_word' id='word_1_280' title='bbox 877 3641 1045 3712; x_wconf 82' lang='grc' dir='ltr'>Θουκυδίδης</span> 
     </span>
     <span class='ocr_line' id='line_1_39' title="bbox 270 3717 1044 3810; baseline -0.005 -21"><span class='ocrx_word' id='word_1_281' title='bbox 270 3729 298 3789; x_wconf 79' lang='grc' dir='ltr'>δὲ</span> <span class='ocrx_word' id='word_1_282' title='bbox 312 3725 438 3793; x_wconf 78' lang='grc' dir='ltr'>Σικελοὺς</span> <span class='ocrx_word' id='word_1_283' title='bbox 453 3726 501 3805; x_wconf 85' lang='grc' dir='ltr'>μὲν</span> <span class='ocrx_word' id='word_1_284' title='bbox 523 3717 590 3786; x_wconf 79' lang='grc' dir='ltr'>εἶναι</span> <span class='ocrx_word' id='word_1_285' title='bbox 611 3726 707 3810; x_wconf 83' lang='grc' dir='ltr'>γράρει</span> <span class='ocrx_word' id='word_1_286' title='bbox 721 3726 781 3796; x_wconf 86' lang='grc' dir='ltr'>τούς</span> <span class='ocrx_word' id='word_1_287' title='bbox 804 3728 1044 3805; x_wconf 86' lang='grc' dir='ltr'>μεταναστάντας,</span> 
     </span>
     <span class='ocr_line' id='line_1_40' title="bbox 269 3815 1046 3899; baseline 0.001 -22"><span class='ocrx_word' id='word_1_288' title='bbox 269 3815 396 3883; x_wconf 80' lang='grc' dir='ltr'>Ὀπικοὺς</span> <span class='ocrx_word' id='word_1_289' title='bbox 420 3816 448 3878; x_wconf 77' lang='grc' dir='ltr'>δὲ</span> <span class='ocrx_word' id='word_1_290' title='bbox 466 3815 525 3885; x_wconf 87' lang='grc' dir='ltr'>τούς</span> <span class='ocrx_word' id='word_1_291' title='bbox 540 3815 720 3895; x_wconf 78' lang='grc' dir='ltr'>έκόαλόντας,</span> <span class='ocrx_word' id='word_1_292' title='bbox 735 3817 780 3877; x_wconf 91' lang='grc' dir='ltr'>τδν</span> <span class='ocrx_word' id='word_1_293' title='bbox 807 3818 834 3877; x_wconf 82' lang='grc' dir='ltr'>δὲ</span> <span class='ocrx_word' id='word_1_294' title='bbox 856 3819 951 3899; x_wconf 86' lang='grc' dir='ltr'>χρόνον</span> <span class='ocrx_word' id='word_1_295' title='bbox 982 3822 1046 3878; x_wconf 87' lang='grc' dir='ltr'>πολ·</span> 
     </span>
     <span class='ocr_line' id='line_1_41' title="bbox 270 3905 1047 3987; baseline 0.003 -21"><span class='ocrx_word' id='word_1_296' title='bbox 270 3909 323 3973; x_wconf 80' lang='grc' dir='ltr'>λοῖς</span> <span class='ocrx_word' id='word_1_297' title='bbox 338 3906 408 3964; x_wconf 71' lang='grc' dir='ltr'>ἔτεσι</span> <span class='ocrx_word' id='word_1_298' title='bbox 422 3908 473 3965; x_wconf 91' lang='grc' dir='ltr'>τῶν</span> <span class='ocrx_word' id='word_1_299' title='bbox 490 3908 620 3985; x_wconf 85' lang='grc' dir='ltr'>Τρωίκῶν</span> <span class='ocrx_word' id='word_1_300' title='bbox 637 3905 758 3986; x_wconf 77' lang='grc' dir='ltr'>ὕστερον.</span> <span class='ocrx_word' id='word_1_301' title='bbox 800 3908 844 3969; x_wconf 81' lang='lat' dir='ltr'>Tl</span> <span class='ocrx_word' id='word_1_302' title='bbox 865 3907 913 3983; x_wconf 84' lang='grc' dir='ltr'>μὲν</span> <span class='ocrx_word' id='word_1_303' title='bbox 930 3907 962 3980; x_wconf 74' lang='grc' dir='ltr'>δὴ</span> <span class='ocrx_word' id='word_1_304' title='bbox 985 3907 1047 3987; x_wconf 79' lang='grc' dir='ltr'>περὶ</span> 
     </span>
     <span class='ocr_line' id='line_1_42' title="bbox 224 3994 1046 4073; baseline 0.006 -22"><span class='ocrx_word' id='word_1_305' title='bbox 224 4011 252 4051; x_wconf 78' lang='grc' dir='ltr'>ιο</span> <span class='ocrx_word' id='word_1_306' title='bbox 272 3998 389 4058; x_wconf 88' lang='grc' dir='ltr'>Σικελῶν</span> <span class='ocrx_word' id='word_1_307' title='bbox 410 3994 543 4073; x_wconf 88' lang='grc' dir='ltr'>λεγόμενα</span> <span class='ocrx_word' id='word_1_308' title='bbox 564 3995 616 4053; x_wconf 91' lang='grc' dir='ltr'>τῶν</span> <span class='ocrx_word' id='word_1_309' title='bbox 632 3994 660 4063; x_wconf 76' lang='grc' dir='ltr'>ἐξ</span> <span class='ocrx_word' id='word_1_310' title='bbox 671 3995 787 4062; x_wconf 87' lang='grc' dir='ltr'>Ἰταλίας</span> <span class='ocrx_word' id='word_1_311' title='bbox 810 3998 1046 4073; x_wconf 78' lang='grc' dir='ltr'>μετενεγκαμένων</span> 
     </span>
     <span class='ocr_line' id='line_1_43' title="bbox 270 4082 1046 4163; baseline -0.012 -11"><span class='ocrx_word' id='word_1_312' title='bbox 270 4086 319 4156; x_wconf 70' lang='grc' dir='ltr'>τδν</span> <span class='ocrx_word' id='word_1_313' title='bbox 333 4083 437 4154; x_wconf 70' lang='grc' dir='ltr'>οίκησῑν</span> <span class='ocrx_word' id='word_1_314' title='bbox 451 4086 487 4152; x_wconf 64' lang='lat' dir='ltr'><strong>tls</strong></span> <span class='ocrx_word' id='word_1_315' title='bbox 500 4082 629 4145; x_wconf 89' lang='grc' dir='ltr'>Σικελίαν</span> <span class='ocrx_word' id='word_1_316' title='bbox 644 4085 696 4145; x_wconf 75' lang='grc' dir='ltr'>ὐπὸ</span> <span class='ocrx_word' id='word_1_317' title='bbox 709 4089 763 4144; x_wconf 93' lang='grc' dir='ltr'>τῶν</span> <span class='ocrx_word' id='word_1_318' title='bbox 778 4084 858 4163; x_wconf 90' lang='grc' dir='ltr'>λόγου</span> <span class='ocrx_word' id='word_1_319' title='bbox 870 4084 948 4153; x_wconf 77' lang='grc' dir='ltr'>ἀξίων</span> <span class='ocrx_word' id='word_1_320' title='bbox 962 4087 1046 4144; x_wconf 86' lang='grc' dir='ltr'>τοιάδ’</span> 
     </span>
     <span class='ocr_line' id='line_1_44' title="bbox 228 4173 351 4234; baseline 0 0"><span class='ocrx_word' id='word_1_321' title='bbox 228 4198 234 4227; x_wconf 71' lang='grc' dir='ltr'>τ</span> <span class='ocrx_word' id='word_1_322' title='bbox 272 4173 351 4234; x_wconf 65' lang='lat' dir='ltr'><strong>lorii.</strong></span> 
     </span>
     <span class='ocr_line' id='line_1_45' title="bbox 228 4259 1047 4343; baseline -0.006 -21"><span class='ocrx_word' id='word_1_323' title='bbox 228 4265 233 4275; x_wconf 83' lang='lat'>&#39;</span> <span class='ocrx_word' id='word_1_324' title='bbox 311 4261 416 4322; x_wconf 84' lang='lat' dir='ltr'><strong>XXlll.</strong></span> <span class='ocrx_word' id='word_1_325' title='bbox 427 4262 463 4320; x_wconf 86' lang='grc' dir='ltr'>Οί</span> <span class='ocrx_word' id='word_1_326' title='bbox 474 4259 502 4319; x_wconf 76' lang='grc' dir='ltr'>δὲ</span> <span class='ocrx_word' id='word_1_327' title='bbox 513 4261 649 4343; x_wconf 84' lang='grc' dir='ltr'>Πελασγοί</span> <span class='ocrx_word' id='word_1_328' title='bbox 659 4263 760 4334; x_wconf 79' lang='grc' dir='ltr'>πολλῆς</span> <span class='ocrx_word' id='word_1_329' title='bbox 774 4261 821 4320; x_wconf 80' lang='grc' dir='ltr'>καί</span> <span class='ocrx_word' id='word_1_330' title='bbox 835 4262 936 4338; x_wconf 79' lang='grc' dir='ltr'>άγαθῆς</span> <span class='ocrx_word' id='word_1_331' title='bbox 951 4259 1047 4339; x_wconf 77' lang='grc' dir='ltr'>χώρας</span> 
     </span>
     <span class='ocr_line' id='line_1_46' title="bbox 272 4348 1048 4430; baseline -0.006 -19"><span class='ocrx_word' id='word_1_332' title='bbox 272 4348 470 4430; x_wconf 79' lang='grc' dir='ltr'>κρατήσαντες,</span> <span class='ocrx_word' id='word_1_333' title='bbox 491 4352 579 4418; x_wconf 76' lang='grc' dir='ltr'>πόλεις</span> <span class='ocrx_word' id='word_1_334' title='bbox 601 4375 630 4411; x_wconf 91' lang='grc' dir='ltr'>τε</span> <span class='ocrx_word' id='word_1_335' title='bbox 646 4349 746 4417; x_wconf 87' lang='grc' dir='ltr'>πολλδις</span> <span class='ocrx_word' id='word_1_336' title='bbox 768 4348 816 4427; x_wconf 74' lang='grc' dir='ltr'>μὲν</span> <span class='ocrx_word' id='word_1_337' title='bbox 839 4349 1048 4430; x_wconf 80' lang='grc' dir='ltr'>παραλαόόντες,</span> 
     </span>
     <span class='ocr_line' id='line_1_47' title="bbox 217 4437 1048 4518; baseline -0.006 -17"><span class='ocrx_word' id='word_1_338' title='bbox 217 4462 244 4501; x_wconf 80' lang='grc' dir='ltr'>ιο</span> <span class='ocrx_word' id='word_1_339' title='bbox 273 4438 354 4506; x_wconf 88' lang='grc' dir='ltr'>άλλας</span> <span class='ocrx_word' id='word_1_340' title='bbox 368 4440 390 4498; x_wconf 85' lang='grc' dir='ltr'>δ’</span> <span class='ocrx_word' id='word_1_341' title='bbox 412 4438 487 4497; x_wconf 84' lang='grc' dir='ltr'>αὐτοί</span> <span class='ocrx_word' id='word_1_342' title='bbox 506 4440 769 4513; x_wconf 85' lang='grc' dir='ltr'>κατασκευάσαντες,</span> <span class='ocrx_word' id='word_1_343' title='bbox 785 4448 896 4518; x_wconf 76' lang='grc' dir='ltr'>ταχεῖαν</span> <span class='ocrx_word' id='word_1_344' title='bbox 908 4437 955 4498; x_wconf 83' lang='grc' dir='ltr'>καὶ</span> <span class='ocrx_word' id='word_1_345' title='bbox 967 4438 1048 4516; x_wconf 86' lang='grc' dir='ltr'>μεγά-</span> 
     </span>
     <span class='ocr_line' id='line_1_48' title="bbox 271 4525 1048 4608; baseline -0.001 -20"><span class='ocrx_word' id='word_1_346' title='bbox 271 4531 320 4600; x_wconf 87' lang='grc' dir='ltr'>λην</span> <span class='ocrx_word' id='word_1_347' title='bbox 341 4526 458 4588; x_wconf 74' lang='grc' dir='ltr'>ἐπίδοσιν</span> <span class='ocrx_word' id='word_1_348' title='bbox 478 4525 573 4587; x_wconf 81' lang='grc' dir='ltr'>ίλαόον</span> <span class='ocrx_word' id='word_1_349' title='bbox 587 4530 624 4595; x_wconf 84' lang='grc' dir='ltr'>είς</span> <span class='ocrx_word' id='word_1_350' title='bbox 645 4527 783 4608; x_wconf 81' lang='grc' dir='ltr'>εὐανδρίαν</span> <span class='ocrx_word' id='word_1_351' title='bbox 797 4525 844 4586; x_wconf 83' lang='grc' dir='ltr'>καί</span> <span class='ocrx_word' id='word_1_352' title='bbox 864 4531 978 4587; x_wconf 79' lang='grc' dir='ltr'>πλοῦτον</span> <span class='ocrx_word' id='word_1_353' title='bbox 1002 4526 1048 4587; x_wconf 85' lang='grc' dir='ltr'>καί</span> 
     </span>
     <span class='ocr_line' id='line_1_49' title="bbox 216 4607 1049 4697; baseline 0.004 -23"><span class='ocrx_word' id='word_1_354' title='bbox 216 4634 225 4649; x_wconf 87' lang='grc'><em>·</em></span> <span class='ocrx_word' id='word_1_355' title='bbox 271 4616 319 4687; x_wconf 78' lang='grc' dir='ltr'>τὴν</span> <span class='ocrx_word' id='word_1_356' title='bbox 331 4618 413 4687; x_wconf 83' lang='grc' dir='ltr'>άλλην</span> <span class='ocrx_word' id='word_1_357' title='bbox 428 4614 564 4695; x_wconf 77' lang='grc' dir='ltr'>εὐωχίαν,</span> <span class='ocrx_word' id='word_1_358' title='bbox 577 4607 609 4688; x_wconf 68' lang='grc' dir='ltr'>ἧς</span> <span class='ocrx_word' id='word_1_359' title='bbox 619 4619 648 4675; x_wconf 89' lang='grc' dir='ltr'>οὐ</span> <span class='ocrx_word' id='word_1_360' title='bbox 664 4616 746 4675; x_wconf 82' lang='grc' dir='ltr'>πολὺν</span> <span class='ocrx_word' id='word_1_361' title='bbox 756 4615 857 4677; x_wconf 83' lang='grc' dir='ltr'>ὤναντο</span> <span class='ocrx_word' id='word_1_362' title='bbox 869 4617 972 4697; x_wconf 88' lang='grc' dir='ltr'>χρόνον·</span> <span class='ocrx_word' id='word_1_363' title='bbox 989 4617 1049 4677; x_wconf 74' lang='grc' dir='ltr'>ἀλλ’</span> 
     </span>
     <span class='ocr_line' id='line_1_50' title="bbox 273 4703 1051 4781; baseline 0.004 -21"><span class='ocrx_word' id='word_1_364' title='bbox 273 4703 351 4776; x_wconf 80' lang='grc' dir='ltr'>ἡνίκα</span> <span class='ocrx_word' id='word_1_365' title='bbox 372 4704 488 4780; x_wconf 87' lang='grc' dir='ltr'>μάλιστα</span> <span class='ocrx_word' id='word_1_366' title='bbox 511 4707 565 4771; x_wconf 78' lang='grc' dir='ltr'>τοῖς</span> <span class='ocrx_word' id='word_1_367' title='bbox 587 4703 724 4781; x_wconf 89' lang='grc' dir='ltr'>σύμπασιν</span> <span class='ocrx_word' id='word_1_368' title='bbox 747 4707 833 4764; x_wconf 83' lang='grc' dir='ltr'>άνθείν</span> <span class='ocrx_word' id='word_1_369' title='bbox 849 4705 971 4780; x_wconf 72' lang='grc' dir='ltr'>ἐδόκουν,</span> <span class='ocrx_word' id='word_1_370' title='bbox 988 4707 1051 4763; x_wconf 87' lang='grc' dir='ltr'>δαι-</span> 
     </span>
     <span class='ocr_line' id='line_1_51' title="bbox 274 4791 1049 4873; baseline 0 -21"><span class='ocrx_word' id='word_1_371' title='bbox 274 4791 371 4870; x_wconf 90' lang='grc' dir='ltr'>μονίοις</span> <span class='ocrx_word' id='word_1_372' title='bbox 386 4792 441 4851; x_wconf 82' lang='grc' dir='ltr'>τισὶ</span> <span class='ocrx_word' id='word_1_373' title='bbox 464 4794 552 4873; x_wconf 79' lang='grc' dir='ltr'>χόλοις</span> <span class='ocrx_word' id='word_1_374' title='bbox 575 4793 794 4873; x_wconf 82' lang='grc' dir='ltr'>ίλαστρηθέντες,</span> <span class='ocrx_word' id='word_1_375' title='bbox 817 4796 840 4851; x_wconf 83' lang='lat' dir='ltr'>ol</span> <span class='ocrx_word' id='word_1_376' title='bbox 863 4793 911 4869; x_wconf 77' lang='grc' dir='ltr'>μέν</span> <span class='ocrx_word' id='word_1_377' title='bbox 931 4794 982 4852; x_wconf 83' lang='grc' dir='ltr'>ὑπὸ</span> <span class='ocrx_word' id='word_1_378' title='bbox 995 4797 1049 4853; x_wconf 91' lang='grc' dir='ltr'>τῶν</span> 
     </span>
     <span class='ocr_line' id='line_1_52' title="bbox 218 4881 1045 4961; baseline -0.001 -23"><span class='ocrx_word' id='word_1_379' title='bbox 218 4902 246 4939; x_wconf 79' lang='lat' dir='ltr'>so</span> <span class='ocrx_word' id='word_1_380' title='bbox 273 4882 348 4941; x_wconf 82' lang='grc' dir='ltr'>θείων</span> <span class='ocrx_word' id='word_1_381' title='bbox 372 4885 524 4961; x_wconf 84' lang='grc' dir='ltr'>συμρορῶν,</span> <span class='ocrx_word' id='word_1_382' title='bbox 538 4885 562 4941; x_wconf 83' lang='lat' dir='ltr'>ol</span> <span class='ocrx_word' id='word_1_383' title='bbox 578 4883 600 4940; x_wconf 87' lang='grc' dir='ltr'>δ’</span> <span class='ocrx_word' id='word_1_384' title='bbox 615 4882 667 4941; x_wconf 84' lang='grc' dir='ltr'>ὐπδ</span> <span class='ocrx_word' id='word_1_385' title='bbox 682 4886 736 4940; x_wconf 89' lang='grc' dir='ltr'>τῶν</span> <span class='ocrx_word' id='word_1_386' title='bbox 752 4881 964 4959; x_wconf 86' lang='grc' dir='ltr'>προσοικούντων</span> <span class='ocrx_word' id='word_1_387' title='bbox 979 4887 995 4959; x_wconf 86' lang='grc' dir='ltr'><strong>β</strong></span> <span class='ocrx_word' id='word_1_388' title='bbox 1017 4905 1045 4959; x_wconf 81' lang='grc' dir='ltr'>ρ·</span> 
     </span>
     <span class='ocr_line' id='line_1_53' title="bbox 274 4967 1050 5050; baseline 0.003 -23"><span class='ocrx_word' id='word_1_389' title='bbox 274 4967 362 5048; x_wconf 83' lang='grc' dir='ltr'>όάρων</span> <span class='ocrx_word' id='word_1_390' title='bbox 381 4967 570 5050; x_wconf 75' lang='grc' dir='ltr'>ίξερθάρησαν·</span> <span class='ocrx_word' id='word_1_391' title='bbox 585 4970 615 5031; x_wconf 78' lang='grc' dir='ltr'>τό</span> <span class='ocrx_word' id='word_1_392' title='bbox 630 4970 658 5030; x_wconf 81' lang='grc' dir='ltr'>δί</span> <span class='ocrx_word' id='word_1_393' title='bbox 674 4970 795 5028; x_wconf 82' lang='grc' dir='ltr'>πλεῖστον</span> <span class='ocrx_word' id='word_1_394' title='bbox 810 4971 897 5029; x_wconf 87' lang='grc' dir='ltr'>αὐτῶν</span> <span class='ocrx_word' id='word_1_395' title='bbox 914 4972 992 5049; x_wconf 83' lang='grc' dir='ltr'>μέρος</span> <span class='ocrx_word' id='word_1_396' title='bbox 1014 4973 1050 5038; x_wconf 86' lang='grc' dir='ltr'>είς</span> 
     </span>
     <span class='ocr_line' id='line_1_54' title="bbox 272 5048 1051 5139; baseline 0.004 -26"><span class='ocrx_word' id='word_1_397' title='bbox 272 5058 320 5129; x_wconf 74' lang='grc' dir='ltr'>τὴν</span> <span class='ocrx_word' id='word_1_398' title='bbox 342 5055 462 5117; x_wconf 82' lang='grc' dir='ltr'>Ἑλλάδα</span> <span class='ocrx_word' id='word_1_399' title='bbox 487 5056 534 5118; x_wconf 87' lang='grc' dir='ltr'>καί</span> <span class='ocrx_word' id='word_1_400' title='bbox 555 5058 603 5131; x_wconf 67' lang='grc' dir='ltr'>τὴν</span> <span class='ocrx_word' id='word_1_401' title='bbox 628 5058 764 5139; x_wconf 81' lang='grc' dir='ltr'>βάρόαρον</span> <span class='ocrx_word' id='word_1_402' title='bbox 787 5048 860 5124; x_wconf 82' lang='grc' dir='ltr'>αὐθις</span> <span class='ocrx_word' id='word_1_403' title='bbox 889 5059 1051 5131; x_wconf 74' lang='grc' dir='ltr'>ἐσκεδάσθη,</span> 
     </span>
     <span class='ocr_line' id='line_1_55' title="bbox 273 5137 1048 5226; baseline -0.004 -21"><span class='ocrx_word' id='word_1_404' title='bbox 273 5146 334 5224; x_wconf 85' lang='grc' dir='ltr'>περί</span> <span class='ocrx_word' id='word_1_405' title='bbox 360 5137 397 5205; x_wconf 80' lang='grc' dir='ltr'>ῶν</span> <span class='ocrx_word' id='word_1_406' title='bbox 422 5146 505 5214; x_wconf 84' lang='grc' dir='ltr'>πολύς</span> <span class='ocrx_word' id='word_1_407' title='bbox 538 5147 569 5207; x_wconf 78' lang='grc' dir='ltr'>ἂν</span> <span class='ocrx_word' id='word_1_408' title='bbox 597 5148 638 5221; x_wconf 86' lang='grc' dir='ltr'>εἴη</span> <span class='ocrx_word' id='word_1_409' title='bbox 666 5146 756 5226; x_wconf 90' lang='grc' dir='ltr'>λόγος,</span> <span class='ocrx_word' id='word_1_410' title='bbox 787 5147 810 5204; x_wconf 79' lang='grc' dir='ltr'>εί</span> <span class='ocrx_word' id='word_1_411' title='bbox 831 5145 975 5225; x_wconf 88' lang='grc' dir='ltr'>βουλοίμην</span> <span class='ocrx_word' id='word_1_412' title='bbox 1001 5150 1048 5217; x_wconf 72' lang='grc' dir='ltr'>τὴν</span> 
     </span>
     <span class='ocr_line' id='line_1_56' title="bbox 270 5232 1049 5317; baseline -0.005 -22"><span class='ocrx_word' id='word_1_413' title='bbox 270 5232 411 5314; x_wconf 83' lang='grc' dir='ltr'>άκρίόειεν</span> <span class='ocrx_word' id='word_1_414' title='bbox 432 5236 552 5316; x_wconf 75' lang='grc' dir='ltr'>γράγειν·</span> <span class='ocrx_word' id='word_1_415' title='bbox 576 5237 662 5316; x_wconf 83' lang='grc' dir='ltr'>ὀλίγον</span> <span class='ocrx_word' id='word_1_416' title='bbox 678 5235 706 5295; x_wconf 68' lang='grc' dir='ltr'>δὲ</span> <span class='ocrx_word' id='word_1_417' title='bbox 727 5233 881 5313; x_wconf 83' lang='grc' dir='ltr'>κατέμεινεν</span> <span class='ocrx_word' id='word_1_418' title='bbox 898 5235 925 5293; x_wconf 70' lang='lat' dir='ltr'><strong>lu</strong></span> <span class='ocrx_word' id='word_1_419' title='bbox 944 5232 1049 5317; x_wconf 74' lang='grc' dir='ltr'>Ἰταλίμ</span> 
     </span>
    </p>
   </div>
   <div class='ocr_carea' id='block_1_6' title="bbox 1096 550 1888 712">
    <p class='ocr_par' dir='ltr' id='par_1_6' title="bbox 1096 550 1888 712">
     <span class='ocr_line' id='line_1_57' title="bbox 1096 550 1888 616; baseline 0 -16"><span class='ocrx_word' id='word_1_420' title='bbox 1096 554 1196 615; x_wconf 69' lang='lat' dir='ltr'><strong>ugrum,</strong></span> <span class='ocrx_word' id='word_1_421' title='bbox 1209 564 1268 601; x_wconf 91' lang='lat' dir='ltr'><strong>cum</strong></span> <span class='ocrx_word' id='word_1_422' title='bbox 1289 551 1401 616; x_wconf 83' lang='lat' dir='ltr'><strong>nudique</strong></span> <span class='ocrx_word' id='word_1_423' title='bbox 1427 552 1588 616; x_wconf 78' lang='lat' dir='ltr'><strong>pelleremur,</strong></span> <span class='ocrx_word' id='word_1_424' title='bbox 1606 552 1702 603; x_wconf 73' lang='lat' dir='ltr'><strong>ratibus</strong></span> <span class='ocrx_word' id='word_1_425' title='bbox 1723 551 1824 602; x_wconf 80' lang='lat' dir='ltr'><strong>landem</strong></span> <span class='ocrx_word' id='word_1_426' title='bbox 1846 550 1888 601; x_wconf 78' lang='lat' dir='ltr'><strong>au</strong></span> 
     </span>
     <span class='ocr_line' id='line_1_58' title="bbox 1096 647 1888 712; baseline -0.005 -14"><span class='ocrx_word' id='word_1_427' title='bbox 1096 649 1184 698; x_wconf 78' lang='lat' dir='ltr'><strong>iculum</strong></span> <span class='ocrx_word' id='word_1_428' title='bbox 1197 648 1303 712; x_wconf 71' lang='lat' dir='ltr'><strong>perulis,</strong></span> <span class='ocrx_word' id='word_1_429' title='bbox 1319 653 1345 699; x_wconf 86' lang='lat' dir='ltr'>ot</span> <span class='ocrx_word' id='word_1_430' title='bbox 1366 648 1497 699; x_wconf 80' lang='lat' dir='ltr'><strong>obserrnlo</strong></span> <span class='ocrx_word' id='word_1_431' title='bbox 1516 647 1626 698; x_wconf 76' lang='lat' dir='ltr'><strong>secuuilo</strong></span> <span class='ocrx_word' id='word_1_432' title='bbox 1646 647 1733 697; x_wconf 76' lang='grc' dir='ltr'>ειεατίε</span> <span class='ocrx_word' id='word_1_433' title='bbox 1749 647 1832 707; x_wconf 79' lang='lat' dir='ltr'><strong>melu,</strong></span> <span class='ocrx_word' id='word_1_434' title='bbox 1847 657 1888 695; x_wconf 80' lang='lat' dir='ltr'>ex</span> 
     </span>
    </p>
   </div>
   <div class='ocr_carea' id='block_1_7' title="bbox 1096 747 1963 816">
    <p class='ocr_par' dir='ltr' id='par_1_7' title="bbox 1096 747 1963 816">
     <span class='ocr_line' id='line_1_59' title="bbox 1096 747 1963 816; baseline -0.006 -14"><span class='ocrx_word' id='word_1_435' title='bbox 1096 751 1165 802; x_wconf 73' lang='lat' dir='ltr'><strong>liniis</strong></span> <span class='ocrx_word' id='word_1_436' title='bbox 1181 750 1206 800; x_wconf 86' lang='lat' dir='ltr'><strong>lu</strong></span> <span class='ocrx_word' id='word_1_437' title='bbox 1225 751 1360 816; x_wconf 78' lang='lat' dir='ltr'><strong>proximum</strong></span> <span class='ocrx_word' id='word_1_438' title='bbox 1373 750 1478 802; x_wconf 81' lang='lat' dir='ltr'><strong>insulam</strong></span> <span class='ocrx_word' id='word_1_439' title='bbox 1498 753 1658 801; x_wconf 80' lang='lat' dir='ltr'><strong>traiecerunt.</strong></span> <span class='ocrx_word' id='word_1_440' title='bbox 1691 750 1824 799; x_wconf 81' lang='grc' dir='ltr'>Εοιεινεεο</span> <span class='ocrx_word' id='word_1_441' title='bbox 1839 747 1884 797; x_wconf 87' lang='lat' dir='ltr'>Si·</span> <span class='ocrx_word' id='word_1_442' title='bbox 1959 800 1963 806; x_wconf 64' lang='grc'>,</span> 
     </span>
    </p>
   </div>
   <div class='ocr_carea' id='block_1_8' title="bbox 1096 848 1888 4143">
    <p class='ocr_par' dir='ltr' id='par_1_8' title="bbox 1096 848 1888 4143">
     <span class='ocr_line' id='line_1_60' title="bbox 1097 848 1887 916; baseline -0.01 -11"><span class='ocrx_word' id='word_1_443' title='bbox 1097 852 1151 905; x_wconf 83' lang='lat' dir='ltr'><strong>cani</strong></span> <span class='ocrx_word' id='word_1_444' title='bbox 1164 866 1225 915; x_wconf 79' lang='lat' dir='ltr'><strong>gens</strong></span> <span class='ocrx_word' id='word_1_445' title='bbox 1240 852 1334 903; x_wconf 85' lang='lat' dir='ltr'><strong>lbcricu</strong></span> <span class='ocrx_word' id='word_1_446' title='bbox 1351 852 1484 911; x_wconf 74' lang='lat' dir='ltr'><strong>terrebunt,</strong></span> <span class='ocrx_word' id='word_1_447' title='bbox 1497 853 1541 916; x_wconf 87' lang='lat' dir='ltr'><strong>qui</strong></span> <span class='ocrx_word' id='word_1_448' title='bbox 1557 866 1571 900; x_wconf 86' lang='lat' dir='ltr'><strong>n</strong></span> <span class='ocrx_word' id='word_1_449' title='bbox 1593 849 1724 913; x_wconf 76' lang='lat' dir='ltr'><strong>Liguribus</strong></span> <span class='ocrx_word' id='word_1_450' title='bbox 1735 848 1813 912; x_wconf 79' lang='lat' dir='ltr'><strong>iuguli</strong></span> <span class='ocrx_word' id='word_1_451' title='bbox 1830 861 1887 897; x_wconf 90' lang='lat' dir='ltr'>non</span> 
     </span>
     <span class='ocr_line' id='line_1_61' title="bbox 1096 947 1887 1013; baseline -0.004 -14"><span class='ocrx_word' id='word_1_452' title='bbox 1096 950 1176 999; x_wconf 88' lang='lat' dir='ltr'><strong>mullo</strong></span> <span class='ocrx_word' id='word_1_453' title='bbox 1185 952 1242 999; x_wconf 86' lang='lat' dir='ltr'><strong>nnle</strong></span> <span class='ocrx_word' id='word_1_454' title='bbox 1253 948 1325 999; x_wconf 77' lang='lat' dir='ltr'><strong>seiles</strong></span> <span class='ocrx_word' id='word_1_455' title='bbox 1338 962 1396 999; x_wconf 83' lang='lat' dir='ltr'><strong>suas</strong></span> <span class='ocrx_word' id='word_1_456' title='bbox 1407 948 1441 999; x_wconf 86' lang='lat' dir='ltr'>ibi</span> <span class='ocrx_word' id='word_1_457' title='bbox 1454 953 1602 1013; x_wconf 75' lang='lat' dir='ltr'><strong>posuerant,</strong></span> <span class='ocrx_word' id='word_1_458' title='bbox 1615 952 1691 1011; x_wconf 84' lang='lat' dir='ltr'><strong>alque</strong></span> <span class='ocrx_word' id='word_1_459' title='bbox 1704 947 1837 996; x_wconf 78' lang='lat' dir='ltr'><strong>olfecerunt</strong></span> <span class='ocrx_word' id='word_1_460' title='bbox 1854 949 1887 996; x_wconf 89' lang='lat' dir='ltr'><strong>ut</strong></span> 
     </span>
     <span class='ocr_line' id='line_1_62' title="bbox 1096 1048 1887 1121; baseline 0 -21"><span class='ocrx_word' id='word_1_461' title='bbox 1096 1050 1128 1100; x_wconf 89' lang='lat' dir='ltr'>de</span> <span class='ocrx_word' id='word_1_462' title='bbox 1145 1064 1191 1100; x_wconf 92' lang='lat' dir='ltr'>suo</span> <span class='ocrx_word' id='word_1_463' title='bbox 1206 1050 1303 1101; x_wconf 86' lang='lat' dir='ltr'><strong>numine</strong></span> <span class='ocrx_word' id='word_1_464' title='bbox 1320 1050 1400 1100; x_wconf 82' lang='lat' dir='ltr'><strong>insule</strong></span> <span class='ocrx_word' id='word_1_465' title='bbox 1421 1049 1518 1101; x_wconf 81' lang='lat' dir='ltr'><strong>sicania</strong></span> <span class='ocrx_word' id='word_1_466' title='bbox 1535 1054 1683 1110; x_wconf 76' lang='lat' dir='ltr'><strong>vocaretur,</strong></span> <span class='ocrx_word' id='word_1_467' title='bbox 1704 1062 1760 1113; x_wconf 69' lang='grc' dir='ltr'>ηοω</span> <span class='ocrx_word' id='word_1_468' title='bbox 1780 1048 1851 1121; x_wconf 79' lang='lat' dir='ltr'><strong>prius</strong></span> <span class='ocrx_word' id='word_1_469' title='bbox 1869 1061 1887 1100; x_wconf 78' lang='grc' dir='ltr'>α</span> 
     </span>
     <span class='ocr_line' id='line_1_63' title="bbox 1097 1150 1884 1215; baseline -0.003 -14"><span class='ocrx_word' id='word_1_470' title='bbox 1097 1150 1624 1215; x_wconf 77' lang='lat' dir='ltr'><strong>lonnalrinngnlnTrinucrlnuominabclur.</strong></span> <span class='ocrx_word' id='word_1_471' title='bbox 1658 1151 1884 1213; x_wconf 80' lang='lat' dir='ltr'><strong>lnquaqunmvis</strong></span> 
     </span>
     <span class='ocr_line' id='line_1_64' title="bbox 1097 1246 1887 1315; baseline -0.003 -14"><span class='ocrx_word' id='word_1_472' title='bbox 1097 1251 1178 1315; x_wconf 75' lang='lat' dir='ltr'><strong>ampla</strong></span> <span class='ocrx_word' id='word_1_473' title='bbox 1189 1249 1257 1299; x_wconf 81' lang='lat' dir='ltr'><strong>houd</strong></span> <span class='ocrx_word' id='word_1_474' title='bbox 1269 1252 1350 1300; x_wconf 78' lang='lat' dir='ltr'><strong>tumen</strong></span> <span class='ocrx_word' id='word_1_475' title='bbox 1366 1249 1439 1299; x_wconf 82' lang='lat' dir='ltr'><strong>mulli</strong></span> <span class='ocrx_word' id='word_1_476' title='bbox 1453 1252 1524 1300; x_wconf 80' lang='lat' dir='ltr'><strong>erent</strong></span> <span class='ocrx_word' id='word_1_477' title='bbox 1535 1248 1630 1308; x_wconf 86' lang='lat' dir='ltr'><strong>incolae,</strong></span> <span class='ocrx_word' id='word_1_478' title='bbox 1644 1248 1689 1298; x_wconf 86' lang='lat' dir='ltr'>sed</span> <span class='ocrx_word' id='word_1_479' title='bbox 1705 1248 1811 1299; x_wconf 79' lang='lat' dir='ltr'><strong>murima</strong></span> <span class='ocrx_word' id='word_1_480' title='bbox 1826 1246 1887 1313; x_wconf 74' lang='lat' dir='ltr'><strong>agri</strong></span> 
     </span>
     <span class='ocr_line' id='line_1_65' title="bbox 1097 1347 1884 1414; baseline -0.004 -14"><span class='ocrx_word' id='word_1_481' title='bbox 1097 1363 1155 1414; x_wconf 80' lang='lat' dir='ltr'><strong>pars</strong></span> <span class='ocrx_word' id='word_1_482' title='bbox 1165 1350 1260 1400; x_wconf 75' lang='lat' dir='ltr'><strong>iacebat</strong></span> <span class='ocrx_word' id='word_1_483' title='bbox 1276 1349 1381 1400; x_wconf 75' lang='lat' dir='ltr'><strong>decenn.</strong></span> <span class='ocrx_word' id='word_1_484' title='bbox 1395 1349 1472 1399; x_wconf 85' lang='lat' dir='ltr'><strong>Siculi</strong></span> <span class='ocrx_word' id='word_1_485' title='bbox 1484 1348 1559 1413; x_wconf 73' lang='lat' dir='ltr'><strong>igilur</strong></span> <span class='ocrx_word' id='word_1_486' title='bbox 1571 1348 1596 1398; x_wconf 90' lang='lat' dir='ltr'>in</span> <span class='ocrx_word' id='word_1_487' title='bbox 1609 1347 1673 1397; x_wconf 77' lang='lat' dir='ltr'><strong>lunc</strong></span> <span class='ocrx_word' id='word_1_488' title='bbox 1682 1347 1787 1398; x_wconf 79' lang='lat' dir='ltr'><strong>insulam</strong></span> <span class='ocrx_word' id='word_1_489' title='bbox 1801 1347 1884 1397; x_wconf 77' lang='lat' dir='ltr'><strong>delati</strong></span> 
     </span>
     <span class='ocr_line' id='line_1_66' title="bbox 1097 1443 1887 1515; baseline -0.009 -16"><span class='ocrx_word' id='word_1_490' title='bbox 1097 1451 1205 1515; x_wconf 84' lang='lat' dir='ltr'><strong>primum</strong></span> <span class='ocrx_word' id='word_1_491' title='bbox 1216 1450 1316 1515; x_wconf 83' lang='lat' dir='ltr'><strong>quidem</strong></span> <span class='ocrx_word' id='word_1_492' title='bbox 1327 1450 1351 1498; x_wconf 90' lang='lat' dir='ltr'><strong>iu</strong></span> <span class='ocrx_word' id='word_1_493' title='bbox 1362 1449 1473 1500; x_wconf 78' lang='lat' dir='ltr'><strong>occiduis</strong></span> <span class='ocrx_word' id='word_1_494' title='bbox 1485 1448 1598 1513; x_wconf 74' lang='lat' dir='ltr'><strong>partibus</strong></span> <span class='ocrx_word' id='word_1_495' title='bbox 1615 1446 1769 1504; x_wconf 77' lang='lat' dir='ltr'><strong>habitarunt,</strong></span> <span class='ocrx_word' id='word_1_496' title='bbox 1789 1443 1887 1494; x_wconf 83' lang='lat' dir='ltr'><strong>deinde</strong></span> 
     </span>
     <span class='ocr_line' id='line_1_67' title="bbox 1097 1548 1886 1617; baseline -0.01 -12"><span class='ocrx_word' id='word_1_497' title='bbox 1097 1556 1172 1605; x_wconf 79' lang='lat' dir='ltr'><strong>elium</strong></span> <span class='ocrx_word' id='word_1_498' title='bbox 1182 1555 1206 1604; x_wconf 88' lang='lat' dir='ltr'><strong>iu</strong></span> <span class='ocrx_word' id='word_1_499' title='bbox 1219 1554 1305 1604; x_wconf 81' lang='lat' dir='ltr'><strong>mullis</strong></span> <span class='ocrx_word' id='word_1_500' title='bbox 1318 1554 1372 1604; x_wconf 79' lang='lat' dir='ltr'><strong>aliis</strong></span> <span class='ocrx_word' id='word_1_501' title='bbox 1381 1554 1457 1616; x_wconf 65' lang='lat' dir='ltr'><strong>locis,</strong></span> <span class='ocrx_word' id='word_1_502' title='bbox 1470 1557 1545 1617; x_wconf 81' lang='lat' dir='ltr'><strong>alque</strong></span> <span class='ocrx_word' id='word_1_503' title='bbox 1559 1551 1640 1603; x_wconf 80' lang='lat' dir='ltr'><strong>insula</strong></span> <span class='ocrx_word' id='word_1_504' title='bbox 1652 1551 1684 1601; x_wconf 85' lang='lat' dir='ltr'>cb</span> <span class='ocrx_word' id='word_1_505' title='bbox 1695 1550 1734 1600; x_wconf 86' lang='lat' dir='ltr'>bis</span> <span class='ocrx_word' id='word_1_506' title='bbox 1745 1548 1830 1600; x_wconf 81' lang='lat' dir='ltr'><strong>Sicilia</strong></span> <span class='ocrx_word' id='word_1_507' title='bbox 1838 1561 1886 1600; x_wconf 83' lang='lat' dir='ltr'>vo·</span> 
     </span>
     <span class='ocr_line' id='line_1_68' title="bbox 1098 1646 1886 1718; baseline -0.011 -12"><span class='ocrx_word' id='word_1_508' title='bbox 1098 1655 1149 1706; x_wconf 81' lang='lat' dir='ltr'><strong>euri</strong></span> <span class='ocrx_word' id='word_1_509' title='bbox 1160 1654 1244 1718; x_wconf 77' lang='lat' dir='ltr'><strong>erupit.</strong></span> <span class='ocrx_word' id='word_1_510' title='bbox 1256 1655 1339 1705; x_wconf 87' lang='lat' dir='ltr'><strong>Genus</strong></span> <span class='ocrx_word' id='word_1_511' title='bbox 1346 1653 1421 1718; x_wconf 81' lang='lat' dir='ltr'><strong>igilur</strong></span> <span class='ocrx_word' id='word_1_512' title='bbox 1430 1653 1541 1703; x_wconf 87' lang='lat' dir='ltr'><strong>Siculum</strong></span> <span class='ocrx_word' id='word_1_513' title='bbox 1555 1652 1652 1702; x_wconf 84' lang='lat' dir='ltr'><strong>ltulinm</strong></span> <span class='ocrx_word' id='word_1_514' title='bbox 1661 1651 1697 1701; x_wconf 90' lang='lat' dir='ltr'>sic</span> <span class='ocrx_word' id='word_1_515' title='bbox 1708 1648 1816 1712; x_wconf 84' lang='lat' dir='ltr'><strong>reliquil,</strong></span> <span class='ocrx_word' id='word_1_516' title='bbox 1832 1646 1843 1709; x_wconf 75' lang='lat' dir='ltr'><strong>l</strong></span> <span class='ocrx_word' id='word_1_517' title='bbox 1854 1650 1886 1697; x_wconf 84' lang='lat' dir='ltr'><strong>ut</strong></span> 
     </span>
     <span class='ocr_line' id='line_1_69' title="bbox 1097 1746 1885 1815; baseline -0.01 -12"><span class='ocrx_word' id='word_1_518' title='bbox 1097 1754 1174 1804; x_wconf 86' lang='lat' dir='ltr'><strong>relorl</strong></span> <span class='ocrx_word' id='word_1_519' title='bbox 1189 1752 1331 1803; x_wconf 79' lang='lat' dir='ltr'><strong>Hellanicus</strong></span> <span class='ocrx_word' id='word_1_520' title='bbox 1351 1751 1469 1815; x_wconf 80' lang='lat' dir='ltr'><strong>Lesbius)</strong></span> <span class='ocrx_word' id='word_1_521' title='bbox 1493 1751 1575 1801; x_wconf 83' lang='lat' dir='ltr'><strong>tribus</strong></span> <span class='ocrx_word' id='word_1_522' title='bbox 1589 1749 1704 1800; x_wconf 74' lang='lat' dir='ltr'><strong>elnlibus</strong></span> <span class='ocrx_word' id='word_1_523' title='bbox 1715 1752 1772 1798; x_wconf 83' lang='lat' dir='ltr'><strong>anie</strong></span> <span class='ocrx_word' id='word_1_524' title='bbox 1788 1746 1885 1796; x_wconf 84' lang='lat' dir='ltr'><strong>bellurn</strong></span> 
     </span>
     <span class='ocr_line' id='line_1_70' title="bbox 1098 1846 1885 1915; baseline -0.011 -10"><span class='ocrx_word' id='word_1_525' title='bbox 1098 1854 1243 1915; x_wconf 80' lang='lat' dir='ltr'><strong>Troianum,</strong></span> <span class='ocrx_word' id='word_1_526' title='bbox 1257 1866 1321 1904; x_wconf 79' lang='lat' dir='ltr'><strong>anno</strong></span> <span class='ocrx_word' id='word_1_527' title='bbox 1339 1867 1396 1903; x_wconf 76' lang='lat' dir='ltr'>xxvi</span> <span class='ocrx_word' id='word_1_528' title='bbox 1417 1851 1562 1910; x_wconf 76' lang='lat' dir='ltr'><strong>sacerdotii,</strong></span> <span class='ocrx_word' id='word_1_529' title='bbox 1586 1850 1653 1915; x_wconf 89' lang='lat' dir='ltr'><strong>quod</strong></span> <span class='ocrx_word' id='word_1_530' title='bbox 1670 1848 1793 1912; x_wconf 69' lang='lat' dir='ltr'><strong>llulcyoue</strong></span> <span class='ocrx_word' id='word_1_531' title='bbox 1810 1846 1885 1910; x_wconf 79' lang='lat' dir='ltr'><strong>Argis</strong></span> 
     </span>
     <span class='ocr_line' id='line_1_71' title="bbox 1099 1947 1885 2009; baseline -0.014 -1"><span class='ocrx_word' id='word_1_532' title='bbox 1099 1957 1238 2009; x_wconf 81' lang='lat' dir='ltr'><strong>exercebat.</strong></span> <span class='ocrx_word' id='word_1_533' title='bbox 1251 1959 1319 2006; x_wconf 85' lang='lat' dir='ltr'><strong>Dens</strong></span> <span class='ocrx_word' id='word_1_534' title='bbox 1332 1960 1416 2006; x_wconf 83' lang='lat' dir='ltr'><strong>aulem</strong></span> <span class='ocrx_word' id='word_1_535' title='bbox 1428 1955 1520 2005; x_wconf 69' lang='lat' dir='ltr'><strong>clames</strong></span> <span class='ocrx_word' id='word_1_536' title='bbox 1532 1954 1630 2003; x_wconf 77' lang='lat' dir='ltr'><strong>Italicus</strong></span> <span class='ocrx_word' id='word_1_537' title='bbox 1642 1952 1667 2001; x_wconf 91' lang='lat' dir='ltr'>in</span> <span class='ocrx_word' id='word_1_538' title='bbox 1678 1950 1786 2001; x_wconf 78' lang='lat' dir='ltr'><strong>Siciliam</strong></span> <span class='ocrx_word' id='word_1_539' title='bbox 1804 1947 1885 1998; x_wconf 80' lang='lat' dir='ltr'><strong>truie·</strong></span> 
     </span>
     <span class='ocr_line' id='line_1_72' title="bbox 1099 2049 1885 2124; baseline -0.019 -12"><span class='ocrx_word' id='word_1_540' title='bbox 1099 2060 1163 2112; x_wconf 82' lang='lat' dir='ltr'><strong>cisse</strong></span> <span class='ocrx_word' id='word_1_541' title='bbox 1172 2061 1265 2111; x_wconf 78' lang='lat' dir='ltr'><strong>trudit:</strong></span> <span class='ocrx_word' id='word_1_542' title='bbox 1280 2061 1386 2124; x_wconf 85' lang='lat' dir='ltr'><strong>priorem</strong></span> <span class='ocrx_word' id='word_1_543' title='bbox 1396 2060 1549 2122; x_wconf 78' lang='lat' dir='ltr'><strong>Elymcmm,</strong></span> <span class='ocrx_word' id='word_1_544' title='bbox 1562 2054 1665 2121; x_wconf 81' lang='lat' dir='ltr'><strong>quosnb</strong></span> <span class='ocrx_word' id='word_1_545' title='bbox 1675 2051 1785 2103; x_wconf 80' lang='lat' dir='ltr'><strong>OEnolris</strong></span> <span class='ocrx_word' id='word_1_546' title='bbox 1795 2049 1885 2114; x_wconf 78' lang='lat' dir='ltr'><strong>pulsos</strong></span> 
     </span>
     <span class='ocr_line' id='line_1_73' title="bbox 1098 2146 1883 2220; baseline -0.017 -12"><span class='ocrx_word' id='word_1_547' title='bbox 1098 2157 1178 2208; x_wconf 84' lang='lat' dir='ltr'><strong>dicit:</strong></span> <span class='ocrx_word' id='word_1_548' title='bbox 1194 2154 1355 2220; x_wconf 84' lang='lat' dir='ltr'><strong>posleriorern</strong></span> <span class='ocrx_word' id='word_1_549' title='bbox 1367 2167 1428 2204; x_wconf 80' lang='lat' dir='ltr'><strong>vcro</strong></span> <span class='ocrx_word' id='word_1_550' title='bbox 1449 2158 1577 2202; x_wconf 86' lang='lat' dir='ltr'><strong>Ausonum</strong></span> <span class='ocrx_word' id='word_1_551' title='bbox 1600 2152 1701 2214; x_wconf 72' lang='lat' dir='ltr'><strong>lupygns</strong></span> <span class='ocrx_word' id='word_1_552' title='bbox 1723 2146 1883 2212; x_wconf 59' lang='lat' dir='ltr'><strong>lugienliunu</strong></span> 
     </span>
     <span class='ocr_line' id='line_1_74' title="bbox 1098 2252 1881 2323; baseline -0.015 -14"><span class='ocrx_word' id='word_1_553' title='bbox 1098 2272 1156 2323; x_wconf 79' lang='lat' dir='ltr'><strong>quus</strong></span> <span class='ocrx_word' id='word_1_554' title='bbox 1171 2257 1258 2318; x_wconf 79' lang='lat' dir='ltr'><strong>quinio</strong></span> <span class='ocrx_word' id='word_1_555' title='bbox 1271 2261 1327 2320; x_wconf 84' lang='lat' dir='ltr'><strong>posi</strong></span> <span class='ocrx_word' id='word_1_556' title='bbox 1339 2269 1403 2305; x_wconf 83' lang='lat' dir='ltr'><strong>nuno</strong></span> <span class='ocrx_word' id='word_1_557' title='bbox 1414 2268 1445 2305; x_wconf 85' lang='grc' dir='ltr'>εο</span> <span class='ocrx_word' id='word_1_558' title='bbox 1454 2253 1560 2303; x_wconf 80' lang='lat' dir='ltr'><strong>lmiccil.</strong></span> <span class='ocrx_word' id='word_1_559' title='bbox 1595 2255 1691 2302; x_wconf 85' lang='lat' dir='ltr'><strong>ilerum</strong></span> <span class='ocrx_word' id='word_1_560' title='bbox 1702 2252 1785 2300; x_wconf 79' lang='lat' dir='ltr'><strong>nulum</strong></span> <span class='ocrx_word' id='word_1_561' title='bbox 1796 2261 1881 2311; x_wconf 80' lang='lat' dir='ltr'><strong>regern</strong></span> 
     </span>
     <span class='ocr_line' id='line_1_75' title="bbox 1099 2348 1880 2422; baseline -0.017 -11"><span class='ocrx_word' id='word_1_562' title='bbox 1099 2360 1209 2412; x_wconf 88' lang='lat' dir='ltr'><strong>Siculum</strong></span> <span class='ocrx_word' id='word_1_563' title='bbox 1225 2359 1302 2409; x_wconf 80' lang='lat' dir='ltr'><strong>luisse</strong></span> <span class='ocrx_word' id='word_1_564' title='bbox 1321 2358 1390 2420; x_wconf 74' lang='lat' dir='ltr'><strong>(licii,</strong></span> <span class='ocrx_word' id='word_1_565' title='bbox 1404 2369 1480 2422; x_wconf 73' lang='lat' dir='ltr'><strong>aquo</strong></span> <span class='ocrx_word' id='word_1_566' title='bbox 1492 2358 1543 2404; x_wconf 78' lang='lat' dir='ltr'><strong>tum</strong></span> <span class='ocrx_word' id='word_1_567' title='bbox 1560 2353 1608 2418; x_wconf 81' lang='lat' dir='ltr'><strong>ipsi</strong></span> <span class='ocrx_word' id='word_1_568' title='bbox 1624 2352 1692 2418; x_wconf 78' lang='lat' dir='ltr'><strong>genii</strong></span> <span class='ocrx_word' id='word_1_569' title='bbox 1702 2365 1777 2415; x_wconf 76' lang='lat' dir='ltr'><strong>quarn</strong></span> <span class='ocrx_word' id='word_1_570' title='bbox 1790 2348 1880 2399; x_wconf 74' lang='lat' dir='ltr'><strong>insulto</strong></span> 
     </span>
     <span class='ocr_line' id='line_1_76' title="bbox 1099 2447 1879 2515; baseline -0.019 -4"><span class='ocrx_word' id='word_1_571' title='bbox 1099 2473 1188 2511; x_wconf 83' lang='lat' dir='ltr'><strong>nomen</strong></span> <span class='ocrx_word' id='word_1_572' title='bbox 1199 2459 1313 2508; x_wconf 75' lang='lat' dir='ltr'><strong>inclitum.</strong></span> <span class='ocrx_word' id='word_1_573' title='bbox 1346 2455 1410 2507; x_wconf 84' lang='lat' dir='ltr'><strong>Sed.</strong></span> <span class='ocrx_word' id='word_1_574' title='bbox 1425 2458 1454 2505; x_wconf 81' lang='lat' dir='ltr'><strong>ul</strong></span> <span class='ocrx_word' id='word_1_575' title='bbox 1468 2454 1588 2504; x_wconf 76' lang='lat' dir='ltr'><strong>Philistus</strong></span> <span class='ocrx_word' id='word_1_576' title='bbox 1600 2455 1771 2515; x_wconf 73' lang='lat' dir='ltr'><strong>syracusanus</strong></span> <span class='ocrx_word' id='word_1_577' title='bbox 1781 2447 1879 2503; x_wconf 72' lang='lat' dir='ltr'><strong>scribit,</strong></span> 
     </span>
     <span class='ocr_line' id='line_1_77' title="bbox 1099 2552 1883 2625; baseline -0.017 -12"><span class='ocrx_word' id='word_1_578' title='bbox 1099 2566 1212 2625; x_wconf 76' lang='lat' dir='ltr'><strong>tempus,</strong></span> <span class='ocrx_word' id='word_1_579' title='bbox 1222 2575 1272 2625; x_wconf 85' lang='lat' dir='ltr'><strong>quc</strong></span> <span class='ocrx_word' id='word_1_580' title='bbox 1285 2559 1327 2609; x_wconf 87' lang='lat' dir='ltr'><strong>isli</strong></span> <span class='ocrx_word' id='word_1_581' title='bbox 1340 2559 1368 2608; x_wconf 85' lang='lat' dir='ltr'><strong>iu</strong></span> <span class='ocrx_word' id='word_1_582' title='bbox 1385 2557 1503 2607; x_wconf 75' lang='lat' dir='ltr'><strong>besulam</strong></span> <span class='ocrx_word' id='word_1_583' title='bbox 1515 2554 1666 2605; x_wconf 81' lang='lat' dir='ltr'><strong>traiecerunt</strong></span> <span class='ocrx_word' id='word_1_584' title='bbox 1677 2552 1725 2603; x_wconf 87' lang='lat' dir='ltr'><strong>init</strong></span> <span class='ocrx_word' id='word_1_585' title='bbox 1737 2566 1800 2602; x_wconf 85' lang='lat' dir='ltr'><strong>anuo</strong></span> <span class='ocrx_word' id='word_1_586' title='bbox 1811 2554 1883 2600; x_wconf 79' lang='lat' dir='ltr'><strong>ocio·</strong></span> 
     </span>
     <span class='ocr_line' id='line_1_78' title="bbox 1099 2657 1880 2729; baseline -0.019 -13"><span class='ocrx_word' id='word_1_587' title='bbox 1099 2665 1192 2729; x_wconf 78' lang='lat' dir='ltr'><strong>goslino</strong></span> <span class='ocrx_word' id='word_1_588' title='bbox 1205 2667 1262 2714; x_wconf 83' lang='lat' dir='ltr'><strong>nnle</strong></span> <span class='ocrx_word' id='word_1_589' title='bbox 1279 2662 1370 2712; x_wconf 87' lang='lat' dir='ltr'><strong>bellum</strong></span> <span class='ocrx_word' id='word_1_590' title='bbox 1391 2659 1540 2718; x_wconf 75' lang='grc' dir='ltr'>Τνοίειιυιιες</span> <span class='ocrx_word' id='word_1_591' title='bbox 1566 2657 1665 2719; x_wconf 79' lang='lat' dir='ltr'><strong>geniem</strong></span> <span class='ocrx_word' id='word_1_592' title='bbox 1684 2666 1758 2714; x_wconf 81' lang='lat' dir='ltr'><strong>vero,</strong></span> <span class='ocrx_word' id='word_1_593' title='bbox 1776 2666 1832 2716; x_wconf 79' lang='lat' dir='ltr'><strong>qum</strong></span> <span class='ocrx_word' id='word_1_594' title='bbox 1846 2664 1880 2702; x_wconf 79' lang='grc' dir='ltr'>οε</span> 
     </span>
     <span class='ocr_line' id='line_1_79' title="bbox 1100 2751 1878 2823; baseline -0.023 -5"><span class='ocrx_word' id='word_1_595' title='bbox 1100 2768 1170 2819; x_wconf 77' lang='lat' dir='ltr'><strong>Italic</strong></span> <span class='ocrx_word' id='word_1_596' title='bbox 1181 2779 1211 2816; x_wconf 87' lang='lat' dir='ltr'>co</span> <span class='ocrx_word' id='word_1_597' title='bbox 1231 2766 1373 2815; x_wconf 82' lang='lat' dir='ltr'><strong>tmnsnccln</strong></span> <span class='ocrx_word' id='word_1_598' title='bbox 1389 2760 1435 2811; x_wconf 80' lang='lat' dir='ltr'><strong>luit</strong></span> <span class='ocrx_word' id='word_1_599' title='bbox 1453 2770 1533 2823; x_wconf 82' lang='lat' dir='ltr'><strong>neque</strong></span> <span class='ocrx_word' id='word_1_600' title='bbox 1553 2760 1695 2816; x_wconf 79' lang='lat' dir='ltr'><strong>Ausonum,</strong></span> <span class='ocrx_word' id='word_1_601' title='bbox 1712 2766 1793 2818; x_wconf 88' lang='lat' dir='ltr'><strong>noque</strong></span> <span class='ocrx_word' id='word_1_602' title='bbox 1818 2751 1878 2815; x_wconf 76' lang='lat' dir='ltr'><strong>Ely-</strong></span> 
     </span>
     <span class='ocr_line' id='line_1_80' title="bbox 1099 2851 1876 2925; baseline -0.021 -9"><span class='ocrx_word' id='word_1_603' title='bbox 1099 2879 1209 2924; x_wconf 81' lang='lat' dir='ltr'><strong>moruru,</strong></span> <span class='ocrx_word' id='word_1_604' title='bbox 1220 2861 1265 2912; x_wconf 82' lang='lat' dir='ltr'>sed</span> <span class='ocrx_word' id='word_1_605' title='bbox 1277 2860 1394 2925; x_wconf 77' lang='lat' dir='ltr'><strong>Ligurum</strong></span> <span class='ocrx_word' id='word_1_606' title='bbox 1406 2858 1481 2908; x_wconf 84' lang='lat' dir='ltr'><strong>luisse</strong></span> <span class='ocrx_word' id='word_1_607' title='bbox 1491 2855 1560 2917; x_wconf 81' lang='lat' dir='ltr'><strong>uicit,</strong></span> <span class='ocrx_word' id='word_1_608' title='bbox 1570 2867 1633 2918; x_wconf 88' lang='lat' dir='ltr'><strong>quos</strong></span> <span class='ocrx_word' id='word_1_609' title='bbox 1650 2853 1749 2904; x_wconf 88' lang='lat' dir='ltr'><strong>siculus</strong></span> <span class='ocrx_word' id='word_1_610' title='bbox 1760 2851 1876 2902; x_wconf 82' lang='lat' dir='ltr'><strong>ducebat.</strong></span> 
     </span>
     <span class='ocr_line' id='line_1_81' title="bbox 1098 2955 1888 3022; baseline -0.019 -4"><span class='ocrx_word' id='word_1_611' title='bbox 1098 2970 1171 3018; x_wconf 85' lang='lat' dir='ltr'><strong>llunc</strong></span> <span class='ocrx_word' id='word_1_612' title='bbox 1187 2977 1246 3015; x_wconf 78' lang='lat' dir='ltr'><strong>vero</strong></span> <span class='ocrx_word' id='word_1_613' title='bbox 1261 2961 1315 3012; x_wconf 82' lang='lat' dir='ltr'><strong>licii</strong></span> <span class='ocrx_word' id='word_1_614' title='bbox 1332 2960 1411 3010; x_wconf 81' lang='lat' dir='ltr'><strong>lilium</strong></span> <span class='ocrx_word' id='word_1_615' title='bbox 1432 2959 1507 3008; x_wconf 82' lang='lat' dir='ltr'><strong>luisse</strong></span> <span class='ocrx_word' id='word_1_616' title='bbox 1526 2956 1595 3018; x_wconf 83' lang='lat' dir='ltr'><strong>dicit,</strong></span> <span class='ocrx_word' id='word_1_617' title='bbox 1607 2960 1682 3022; x_wconf 71' lang='grc' dir='ltr'>εαγυο</span> <span class='ocrx_word' id='word_1_618' title='bbox 1697 2956 1744 3007; x_wconf 88' lang='lat' dir='ltr'>hoc</span> <span class='ocrx_word' id='word_1_619' title='bbox 1758 2955 1888 3017; x_wconf 77' lang='lat' dir='ltr'><strong>regnante·</strong></span> 
     </span>
     <span class='ocr_line' id='line_1_82' title="bbox 1099 3050 1876 3127; baseline -0.022 -8"><span class='ocrx_word' id='word_1_620' title='bbox 1099 3067 1218 3127; x_wconf 86' lang='lat' dir='ltr'><strong>homines,</strong></span> <span class='ocrx_word' id='word_1_621' title='bbox 1231 3064 1274 3127; x_wconf 87' lang='lat' dir='ltr'><strong>qui</strong></span> <span class='ocrx_word' id='word_1_622' title='bbox 1286 3063 1338 3112; x_wconf 86' lang='lat' dir='ltr'><strong>eius</strong></span> <span class='ocrx_word' id='word_1_623' title='bbox 1355 3059 1457 3124; x_wconf 84' lang='lat' dir='ltr'><strong>imperio</strong></span> <span class='ocrx_word' id='word_1_624' title='bbox 1470 3057 1602 3122; x_wconf 81' lang='lat' dir='ltr'><strong>parebunt,</strong></span> <span class='ocrx_word' id='word_1_625' title='bbox 1615 3058 1711 3106; x_wconf 84' lang='lat' dir='ltr'><strong>uuuto</strong></span> <span class='ocrx_word' id='word_1_626' title='bbox 1726 3053 1824 3105; x_wconf 86' lang='lat' dir='ltr'><strong>nomine</strong></span> <span class='ocrx_word' id='word_1_627' title='bbox 1838 3050 1876 3103; x_wconf 81' lang='lat' dir='ltr'><strong>si·</strong></span> 
     </span>
     <span class='ocr_line' id='line_1_83' title="bbox 1100 3153 1875 3228; baseline -0.017 -12"><span class='ocrx_word' id='word_1_628' title='bbox 1100 3165 1168 3216; x_wconf 89' lang='lat' dir='ltr'><strong>culos</strong></span> <span class='ocrx_word' id='word_1_629' title='bbox 1182 3164 1324 3228; x_wconf 76' lang='lat' dir='ltr'><strong>appellatos.</strong></span> <span class='ocrx_word' id='word_1_630' title='bbox 1358 3161 1459 3225; x_wconf 73' lang='lat' dir='ltr'><strong>Ligures</strong></span> <span class='ocrx_word' id='word_1_631' title='bbox 1472 3162 1556 3209; x_wconf 81' lang='grc' dir='ltr'>ευεειιι</span> <span class='ocrx_word' id='word_1_632' title='bbox 1566 3156 1597 3208; x_wconf 79' lang='lat' dir='ltr'>ab</span> <span class='ocrx_word' id='word_1_633' title='bbox 1607 3157 1706 3207; x_wconf 84' lang='lat' dir='ltr'><strong>Umbris</strong></span> <span class='ocrx_word' id='word_1_634' title='bbox 1724 3158 1750 3208; x_wconf 85' lang='lat' dir='ltr'>et</span> <span class='ocrx_word' id='word_1_635' title='bbox 1768 3153 1875 3218; x_wconf 78' lang='lat' dir='ltr'><strong>Pelasgis</strong></span> 
     </span>
     <span class='ocr_line' id='line_1_84' title="bbox 1099 3254 1877 3330; baseline -0.018 -13"><span class='ocrx_word' id='word_1_636' title='bbox 1099 3281 1130 3317; x_wconf 84' lang='lat' dir='ltr'>ex</span> <span class='ocrx_word' id='word_1_637' title='bbox 1141 3280 1199 3330; x_wconf 81' lang='lat' dir='ltr'><strong>agro</strong></span> <span class='ocrx_word' id='word_1_638' title='bbox 1210 3278 1256 3314; x_wconf 88' lang='lat' dir='ltr'>suo</span> <span class='ocrx_word' id='word_1_639' title='bbox 1270 3264 1352 3327; x_wconf 83' lang='lat' dir='ltr'><strong>pulsos</strong></span> <span class='ocrx_word' id='word_1_640' title='bbox 1366 3275 1430 3311; x_wconf 86' lang='lat' dir='ltr'><strong>csse.</strong></span> <span class='ocrx_word' id='word_1_641' title='bbox 1444 3264 1476 3310; x_wconf 85' lang='lat' dir='ltr'>At</span> <span class='ocrx_word' id='word_1_642' title='bbox 1489 3258 1625 3310; x_wconf 75' lang='lat' dir='ltr'><strong>Antiochus</strong></span> <span class='ocrx_word' id='word_1_643' title='bbox 1636 3260 1805 3320; x_wconf 80' lang='lat' dir='ltr'><strong>Syracusanus</strong></span> <span class='ocrx_word' id='word_1_644' title='bbox 1821 3254 1877 3305; x_wconf 88' lang='lat' dir='ltr'><strong>nul·</strong></span> 
     </span>
     <span class='ocr_line' id='line_1_85' title="bbox 1099 3356 1879 3429; baseline -0.015 -12"><span class='ocrx_word' id='word_1_645' title='bbox 1099 3368 1150 3417; x_wconf 89' lang='lat' dir='ltr'><strong>lum</strong></span> <span class='ocrx_word' id='word_1_646' title='bbox 1161 3365 1262 3429; x_wconf 85' lang='lat' dir='ltr'><strong>quidem</strong></span> <span class='ocrx_word' id='word_1_647' title='bbox 1273 3368 1370 3427; x_wconf 81' lang='lat' dir='ltr'><strong>lempus</strong></span> <span class='ocrx_word' id='word_1_648' title='bbox 1381 3360 1499 3421; x_wconf 78' lang='lat' dir='ltr'><strong>declarat,</strong></span> <span class='ocrx_word' id='word_1_649' title='bbox 1511 3373 1561 3423; x_wconf 92' lang='lat' dir='ltr'><strong>quo</strong></span> <span class='ocrx_word' id='word_1_650' title='bbox 1573 3358 1661 3409; x_wconf 75' lang='lat' dir='ltr'><strong>elassis</strong></span> <span class='ocrx_word' id='word_1_651' title='bbox 1671 3358 1695 3406; x_wconf 90' lang='lat' dir='ltr'>in</span> <span class='ocrx_word' id='word_1_652' title='bbox 1707 3356 1814 3408; x_wconf 77' lang='lat' dir='ltr'><strong>insulam</strong></span> <span class='ocrx_word' id='word_1_653' title='bbox 1826 3359 1879 3407; x_wconf 82' lang='lat' dir='ltr'><strong>trc-</strong></span> 
     </span>
     <span class='ocr_line' id='line_1_86' title="bbox 1099 3458 1881 3533; baseline -0.017 -13"><span class='ocrx_word' id='word_1_654' title='bbox 1099 3469 1197 3533; x_wconf 85' lang='lat' dir='ltr'><strong>iceerit,</strong></span> <span class='ocrx_word' id='word_1_655' title='bbox 1210 3467 1253 3517; x_wconf 75' lang='lat' dir='ltr'><strong>secl</strong></span> <span class='ocrx_word' id='word_1_656' title='bbox 1264 3466 1361 3516; x_wconf 86' lang='lat' dir='ltr'><strong>Siculos</strong></span> <span class='ocrx_word' id='word_1_657' title='bbox 1372 3464 1449 3515; x_wconf 79' lang='lat' dir='ltr'><strong>luisse</strong></span> <span class='ocrx_word' id='word_1_658' title='bbox 1464 3461 1538 3532; x_wconf 74' lang='lat' dir='ltr'><strong>dieii,</strong></span> <span class='ocrx_word' id='word_1_659' title='bbox 1551 3461 1595 3525; x_wconf 88' lang='lat' dir='ltr'><strong>qui</strong></span> <span class='ocrx_word' id='word_1_660' title='bbox 1609 3460 1712 3511; x_wconf 81' lang='lat' dir='ltr'><strong>colonius</strong></span> <span class='ocrx_word' id='word_1_661' title='bbox 1729 3458 1818 3509; x_wconf 86' lang='lat' dir='ltr'><strong>ducem</strong></span> <span class='ocrx_word' id='word_1_662' title='bbox 1835 3458 1881 3508; x_wconf 85' lang='lat' dir='ltr'><strong>sibi</strong></span> 
     </span>
     <span class='ocr_line' id='line_1_87' title="bbox 1100 3559 1877 3632; baseline -0.018 -11"><span class='ocrx_word' id='word_1_663' title='bbox 1100 3573 1237 3621; x_wconf 74' lang='lat' dir='ltr'><strong>stratonem</strong></span> <span class='ocrx_word' id='word_1_664' title='bbox 1252 3566 1416 3632; x_wconf 78' lang='lat' dir='ltr'><strong>praelceerint,</strong></span> <span class='ocrx_word' id='word_1_665' title='bbox 1432 3569 1459 3615; x_wconf 81' lang='lat' dir='ltr'>et</span> <span class='ocrx_word' id='word_1_666' title='bbox 1470 3562 1571 3614; x_wconf 81' lang='lat' dir='ltr'><strong>sedibus</strong></span> <span class='ocrx_word' id='word_1_667' title='bbox 1582 3561 1686 3612; x_wconf 82' lang='lat' dir='ltr'><strong>nrululis</strong></span> <span class='ocrx_word' id='word_1_668' title='bbox 1698 3574 1728 3610; x_wconf 87' lang='lat' dir='ltr'>oo</span> <span class='ocrx_word' id='word_1_669' title='bbox 1751 3559 1877 3624; x_wconf 77' lang='lat' dir='ltr'><strong>migrarint</strong></span> 
     </span>
     <span class='ocr_line' id='line_1_88' title="bbox 1100 3661 1877 3731; baseline -0.017 -8"><span class='ocrx_word' id='word_1_670' title='bbox 1100 3671 1132 3723; x_wconf 83' lang='lat' dir='ltr'>eb</span> <span class='ocrx_word' id='word_1_671' title='bbox 1144 3673 1306 3722; x_wconf 85' lang='lat' dir='ltr'><strong>OEnotrorum</strong></span> <span class='ocrx_word' id='word_1_672' title='bbox 1318 3672 1343 3720; x_wconf 84' lang='lat' dir='ltr'>el</span> <span class='ocrx_word' id='word_1_673' title='bbox 1353 3668 1489 3731; x_wconf 85' lang='lat' dir='ltr'><strong>Opicorum</strong></span> <span class='ocrx_word' id='word_1_674' title='bbox 1503 3665 1580 3728; x_wconf 80' lang='lat' dir='ltr'><strong>copiis</strong></span> <span class='ocrx_word' id='word_1_675' title='bbox 1594 3677 1637 3727; x_wconf 80' lang='lat' dir='ltr'>per</span> <span class='ocrx_word' id='word_1_676' title='bbox 1649 3664 1700 3712; x_wconf 82' lang='lat' dir='ltr'>rim</span> <span class='ocrx_word' id='word_1_677' title='bbox 1712 3662 1800 3712; x_wconf 80' lang='lat' dir='ltr'><strong>exacti.</strong></span> <span class='ocrx_word' id='word_1_678' title='bbox 1813 3661 1877 3711; x_wconf 83' lang='lat' dir='ltr'><strong>&#39;rbu-</strong></span> 
     </span>
     <span class='ocr_line' id='line_1_89' title="bbox 1101 3761 1879 3837; baseline -0.015 -14"><span class='ocrx_word' id='word_1_679' title='bbox 1101 3772 1202 3837; x_wconf 73' lang='lat' dir='ltr'><strong>cydides</strong></span> <span class='ocrx_word' id='word_1_680' title='bbox 1214 3785 1272 3822; x_wconf 85' lang='lat' dir='ltr'><strong>vero</strong></span> <span class='ocrx_word' id='word_1_681' title='bbox 1285 3783 1341 3830; x_wconf 90' lang='lat' dir='ltr'><strong>eos,</strong></span> <span class='ocrx_word' id='word_1_682' title='bbox 1352 3769 1396 3832; x_wconf 86' lang='lat' dir='ltr'><strong>qui</strong></span> <span class='ocrx_word' id='word_1_683' title='bbox 1410 3769 1563 3832; x_wconf 80' lang='lat' dir='ltr'><strong>migrarunt,</strong></span> <span class='ocrx_word' id='word_1_684' title='bbox 1581 3764 1676 3814; x_wconf 87' lang='lat' dir='ltr'><strong>Siculos</strong></span> <span class='ocrx_word' id='word_1_685' title='bbox 1685 3762 1793 3828; x_wconf 74' lang='lat' dir='ltr'><strong>appellnt</strong></span> <span class='ocrx_word' id='word_1_686' title='bbox 1802 3800 1810 3815; x_wconf 82' lang='lat'><strong>.</strong></span> <span class='ocrx_word' id='word_1_687' title='bbox 1820 3761 1879 3826; x_wconf 88' lang='lat' dir='ltr'><strong>Opl-</strong></span> 
     </span>
     <span class='ocr_line' id='line_1_90' title="bbox 1100 3862 1879 3940; baseline -0.022 -12"><span class='ocrx_word' id='word_1_688' title='bbox 1100 3890 1143 3928; x_wconf 88' lang='lat' dir='ltr'>cos</span> <span class='ocrx_word' id='word_1_689' title='bbox 1154 3890 1213 3927; x_wconf 82' lang='lat' dir='ltr'><strong>vero</strong></span> <span class='ocrx_word' id='word_1_690' title='bbox 1221 3875 1266 3940; x_wconf 82' lang='lat' dir='ltr'><strong>qui</strong></span> <span class='ocrx_word' id='word_1_691' title='bbox 1276 3887 1319 3925; x_wconf 85' lang='lat' dir='ltr'>eos</span> <span class='ocrx_word' id='word_1_692' title='bbox 1330 3874 1464 3938; x_wconf 78' lang='lat' dir='ltr'><strong>exegerunt</strong></span> <span class='ocrx_word' id='word_1_693' title='bbox 1479 3888 1485 3920; x_wconf 81' lang='lat' dir='ltr'>z</span> <span class='ocrx_word' id='word_1_694' title='bbox 1499 3873 1595 3933; x_wconf 82' lang='lat' dir='ltr'><strong>tompus</strong></span> <span class='ocrx_word' id='word_1_695' title='bbox 1608 3870 1693 3917; x_wconf 77' lang='lat' dir='ltr'><strong>aulem</strong></span> <span class='ocrx_word' id='word_1_696' title='bbox 1704 3864 1791 3916; x_wconf 86' lang='lat' dir='ltr'><strong>mullis</strong></span> <span class='ocrx_word' id='word_1_697' title='bbox 1809 3862 1879 3912; x_wconf 78' lang='lat' dir='ltr'><strong>anuis</strong></span> 
     </span>
     <span class='ocr_line' id='line_1_91' title="bbox 1102 3970 1879 4045; baseline -0.021 -13"><span class='ocrx_word' id='word_1_698' title='bbox 1102 3985 1158 4045; x_wconf 82' lang='lat' dir='ltr'><strong>posi</strong></span> <span class='ocrx_word' id='word_1_699' title='bbox 1170 3979 1262 4031; x_wconf 85' lang='lat' dir='ltr'><strong>bellum</strong></span> <span class='ocrx_word' id='word_1_700' title='bbox 1273 3977 1406 4042; x_wconf 67' lang='lat' dir='ltr'><strong>Troianum</strong></span> <span class='ocrx_word' id='word_1_701' title='bbox 1419 3975 1495 4025; x_wconf 83' lang='lat' dir='ltr'><strong>luisse</strong></span> <span class='ocrx_word' id='word_1_702' title='bbox 1508 3973 1577 4023; x_wconf 85' lang='lat' dir='ltr'><strong>dicit.</strong></span> <span class='ocrx_word' id='word_1_703' title='bbox 1593 3973 1654 4022; x_wconf 79' lang='lat' dir='ltr'><strong>Hunc</strong></span> <span class='ocrx_word' id='word_1_704' title='bbox 1664 3970 1739 4035; x_wconf 79' lang='lat' dir='ltr'><strong>igilur</strong></span> <span class='ocrx_word' id='word_1_705' title='bbox 1753 3970 1879 4029; x_wconf 72' lang='lat' dir='ltr'><strong>suntque</strong></span> 
     </span>
     <span class='ocr_line' id='line_1_92' title="bbox 1102 4064 1880 4143; baseline -0.021 -12"><span class='ocrx_word' id='word_1_706' title='bbox 1102 4083 1150 4133; x_wconf 81' lang='lat' dir='ltr'><strong>riri</strong></span> <span class='ocrx_word' id='word_1_707' title='bbox 1168 4081 1217 4133; x_wconf 82' lang='lat' dir='ltr'><strong>nuc</strong></span> <span class='ocrx_word' id='word_1_708' title='bbox 1230 4079 1297 4143; x_wconf 76' lang='lat' dir='ltr'><strong>digni</strong></span> <span class='ocrx_word' id='word_1_709' title='bbox 1309 4078 1410 4130; x_wconf 82' lang='lat' dir='ltr'><strong>trudunt</strong></span> <span class='ocrx_word' id='word_1_710' title='bbox 1420 4077 1451 4127; x_wconf 80' lang='lat' dir='ltr'>ile</span> <span class='ocrx_word' id='word_1_711' title='bbox 1463 4074 1566 4134; x_wconf 85' lang='lat' dir='ltr'><strong>Siculis,</strong></span> <span class='ocrx_word' id='word_1_712' title='bbox 1583 4072 1625 4136; x_wconf 86' lang='lat' dir='ltr'><strong>qui</strong></span> <span class='ocrx_word' id='word_1_713' title='bbox 1640 4084 1673 4122; x_wconf 81' lang='lat' dir='ltr'>ex</span> <span class='ocrx_word' id='word_1_714' title='bbox 1686 4068 1757 4120; x_wconf 83' lang='lat' dir='ltr'><strong>llelic</strong></span> <span class='ocrx_word' id='word_1_715' title='bbox 1776 4066 1802 4117; x_wconf 92' lang='lat' dir='ltr'>in</span> <span class='ocrx_word' id='word_1_716' title='bbox 1818 4064 1880 4117; x_wconf 83' lang='lat' dir='ltr'><strong>Sici·</strong></span> 
     </span>
    </p>
   </div>
   <div class='ocr_carea' id='block_1_9' title="bbox 1102 4173 1880 4327">
    <p class='ocr_par' dir='ltr' id='par_1_9' title="bbox 1102 4173 1880 4327">
     <span class='ocr_line' id='line_1_93' title="bbox 1102 4173 1521 4229; baseline -0.012 1"><span class='ocrx_word' id='word_1_717' title='bbox 1102 4179 1159 4229; x_wconf 81' lang='lat' dir='ltr'><strong>linm</strong></span> <span class='ocrx_word' id='word_1_718' title='bbox 1176 4179 1247 4229; x_wconf 87' lang='lat' dir='ltr'><strong>sedes</strong></span> <span class='ocrx_word' id='word_1_719' title='bbox 1260 4190 1318 4227; x_wconf 82' lang='lat' dir='ltr'><strong>suns</strong></span> <span class='ocrx_word' id='word_1_720' title='bbox 1334 4173 1521 4225; x_wconf 80' lang='lat' dir='ltr'><strong>translulcmnl.</strong></span> 
     </span>
     <span class='ocr_line' id='line_1_94' title="bbox 1133 4251 1880 4327; baseline -0.025 -8"><span class='ocrx_word' id='word_1_721' title='bbox 1133 4270 1223 4318; x_wconf 77' lang='lat' dir='ltr'><strong>Axill.</strong></span> <span class='ocrx_word' id='word_1_722' title='bbox 1239 4269 1271 4317; x_wconf 86' lang='lat' dir='ltr'>At</span> <span class='ocrx_word' id='word_1_723' title='bbox 1284 4264 1380 4327; x_wconf 71' lang='lat' dir='ltr'><strong>Pursgi</strong></span> <span class='ocrx_word' id='word_1_724' title='bbox 1392 4262 1474 4327; x_wconf 78' lang='lat' dir='ltr'><strong>amplo</strong></span> <span class='ocrx_word' id='word_1_725' title='bbox 1484 4276 1514 4312; x_wconf 79' lang='lat' dir='ltr'>cc</span> <span class='ocrx_word' id='word_1_726' title='bbox 1526 4259 1602 4310; x_wconf 85' lang='lat' dir='ltr'><strong>lemci</strong></span> <span class='ocrx_word' id='word_1_727' title='bbox 1617 4271 1676 4323; x_wconf 78' lang='lat' dir='ltr'><strong>egro</strong></span> <span class='ocrx_word' id='word_1_728' title='bbox 1688 4254 1763 4306; x_wconf 84' lang='lat' dir='ltr'><strong>armis</strong></span> <span class='ocrx_word' id='word_1_729' title='bbox 1774 4251 1819 4303; x_wconf 88' lang='lat' dir='ltr'><strong>sibi</strong></span> <span class='ocrx_word' id='word_1_730' title='bbox 1835 4264 1880 4314; x_wconf 81' lang='lat' dir='ltr'>pc·</span> 
     </span>
    </p>
   </div>
   <div class='ocr_carea' id='block_1_10' title="bbox 1103 4352 1878 5296">
    <p class='ocr_par' dir='ltr' id='par_1_10' title="bbox 1103 4352 1878 5296">
     <span class='ocr_line' id='line_1_95' title="bbox 1103 4352 1876 4427; baseline -0.021 -11"><span class='ocrx_word' id='word_1_731' title='bbox 1103 4370 1171 4427; x_wconf 80' lang='lat' dir='ltr'><strong>rulo,</strong></span> <span class='ocrx_word' id='word_1_732' title='bbox 1184 4365 1259 4415; x_wconf 85' lang='lat' dir='ltr'><strong>urbes</strong></span> <span class='ocrx_word' id='word_1_733' title='bbox 1269 4363 1361 4413; x_wconf 76' lang='lat' dir='ltr'><strong>mullas</strong></span> <span class='ocrx_word' id='word_1_734' title='bbox 1379 4362 1539 4424; x_wconf 78' lang='lat' dir='ltr'><strong>occuparunt,</strong></span> <span class='ocrx_word' id='word_1_735' title='bbox 1550 4361 1576 4409; x_wconf 86' lang='lat' dir='ltr'>et</span> <span class='ocrx_word' id='word_1_736' title='bbox 1585 4356 1646 4407; x_wconf 81' lang='lat' dir='ltr'><strong>alias</strong></span> <span class='ocrx_word' id='word_1_737' title='bbox 1657 4354 1704 4419; x_wconf 82' lang='lat' dir='ltr'><strong>ipsi</strong></span> <span class='ocrx_word' id='word_1_738' title='bbox 1717 4352 1876 4412; x_wconf 65' lang='lat' dir='ltr'><strong>sumanus,</strong></span> 
     </span>
     <span class='ocr_line' id='line_1_96' title="bbox 1103 4447 1874 4524; baseline -0.023 -9"><span class='ocrx_word' id='word_1_739' title='bbox 1103 4465 1172 4516; x_wconf 81' lang='lat' dir='ltr'><strong>brevi</strong></span> <span class='ocrx_word' id='word_1_740' title='bbox 1192 4462 1297 4524; x_wconf 77' lang='lat' dir='ltr'><strong>viribus,</strong></span> <span class='ocrx_word' id='word_1_741' title='bbox 1307 4457 1526 4520; x_wconf 85' lang='lat' dir='ltr'><strong>lorlunis,celeris</strong></span> <span class='ocrx_word' id='word_1_742' title='bbox 1542 4454 1665 4507; x_wconf 76' lang='lat' dir='ltr'><strong>felicitatis</strong></span> <span class='ocrx_word' id='word_1_743' title='bbox 1680 4451 1790 4517; x_wconf 70' lang='lat' dir='ltr'><strong>partibus</strong></span> <span class='ocrx_word' id='word_1_744' title='bbox 1808 4447 1874 4498; x_wconf 80' lang='lat' dir='ltr'><strong>rude</strong></span> 
     </span>
     <span class='ocr_line' id='line_1_97' title="bbox 1103 4540 1877 4621; baseline -0.019 -12"><span class='ocrx_word' id='word_1_745' title='bbox 1103 4558 1168 4609; x_wconf 86' lang='lat' dir='ltr'><strong>uncti</strong></span> <span class='ocrx_word' id='word_1_746' title='bbox 1189 4561 1262 4618; x_wconf 88' lang='lat' dir='ltr'><strong>sunl,</strong></span> <span class='ocrx_word' id='word_1_747' title='bbox 1283 4555 1375 4621; x_wconf 86' lang='lat' dir='ltr'><strong>quibus</strong></span> <span class='ocrx_word' id='word_1_748' title='bbox 1396 4557 1480 4604; x_wconf 85' lang='lat' dir='ltr'><strong>tamen</strong></span> <span class='ocrx_word' id='word_1_749' title='bbox 1497 4566 1546 4602; x_wconf 89' lang='lat' dir='ltr'>non</span> <span class='ocrx_word' id='word_1_750' title='bbox 1563 4550 1607 4602; x_wconf 87' lang='lat' dir='ltr'><strong>diu</strong></span> <span class='ocrx_word' id='word_1_751' title='bbox 1631 4549 1785 4601; x_wconf 75' lang='lat' dir='ltr'><strong>fruebantur.</strong></span> <span class='ocrx_word' id='word_1_752' title='bbox 1833 4540 1877 4594; x_wconf 78' lang='lat' dir='ltr'>Sed</span> 
     </span>
     <span class='ocr_line' id='line_1_98' title="bbox 1103 4646 1876 4707; baseline -0.023 0"><span class='ocrx_word' id='word_1_753' title='bbox 1103 4669 1159 4707; x_wconf 88' lang='lat' dir='ltr'><strong>cum</strong></span> <span class='ocrx_word' id='word_1_754' title='bbox 1176 4653 1283 4705; x_wconf 82' lang='lat' dir='ltr'><strong>maxime</strong></span> <span class='ocrx_word' id='word_1_755' title='bbox 1305 4652 1380 4704; x_wconf 88' lang='lat' dir='ltr'><strong>rebus</strong></span> <span class='ocrx_word' id='word_1_756' title='bbox 1399 4649 1514 4701; x_wconf 86' lang='lat' dir='ltr'><strong>omnibus</strong></span> <span class='ocrx_word' id='word_1_757' title='bbox 1532 4649 1620 4698; x_wconf 81' lang='lat' dir='ltr'><strong>florere</strong></span> <span class='ocrx_word' id='word_1_758' title='bbox 1643 4646 1798 4703; x_wconf 81' lang='lat' dir='ltr'><strong>viderentur,</strong></span> <span class='ocrx_word' id='word_1_759' title='bbox 1817 4653 1876 4704; x_wconf 80' lang='lat' dir='ltr'><strong>qun·</strong></span> 
     </span>
     <span class='ocr_line' id='line_1_99' title="bbox 1103 4736 1878 4809; baseline -0.021 -5"><span class='ocrx_word' id='word_1_760' title='bbox 1103 4753 1161 4804; x_wconf 83' lang='lat' dir='ltr'>dam</span> <span class='ocrx_word' id='word_1_761' title='bbox 1183 4751 1260 4803; x_wconf 82' lang='lat' dir='ltr'><strong>divini</strong></span> <span class='ocrx_word' id='word_1_762' title='bbox 1276 4749 1385 4800; x_wconf 86' lang='lat' dir='ltr'><strong>numinis</strong></span> <span class='ocrx_word' id='word_1_763' title='bbox 1403 4748 1439 4798; x_wconf 81' lang='lat' dir='ltr'>irc</span> <span class='ocrx_word' id='word_1_764' title='bbox 1454 4746 1554 4807; x_wconf 78' lang='lat' dir='ltr'><strong>vcxnli,</strong></span> <span class='ocrx_word' id='word_1_765' title='bbox 1574 4745 1666 4809; x_wconf 70' lang='lat' dir='ltr'><strong>panim</strong></span> <span class='ocrx_word' id='word_1_766' title='bbox 1686 4740 1798 4794; x_wconf 81' lang='lat' dir='ltr'><strong>cladibus</strong></span> <span class='ocrx_word' id='word_1_767' title='bbox 1817 4736 1878 4788; x_wconf 85' lang='lat' dir='ltr'><strong>diri·</strong></span> 
     </span>
     <span class='ocr_line' id='line_1_100' title="bbox 1103 4835 1876 4908; baseline -0.021 -8"><span class='ocrx_word' id='word_1_768' title='bbox 1103 4847 1314 4908; x_wconf 73' lang='lat' dir='ltr'><strong>circummissis,</strong></span> <span class='ocrx_word' id='word_1_769' title='bbox 1331 4846 1420 4908; x_wconf 82' lang='lat' dir='ltr'><strong>parlim</strong></span> <span class='ocrx_word' id='word_1_770' title='bbox 1437 4857 1452 4894; x_wconf 88' lang='grc' dir='ltr'>ε</span> <span class='ocrx_word' id='word_1_771' title='bbox 1468 4843 1555 4893; x_wconf 84' lang='lat' dir='ltr'><strong>vicinis</strong></span> <span class='ocrx_word' id='word_1_772' title='bbox 1567 4839 1680 4892; x_wconf 74' lang='lat' dir='ltr'><strong>barbaris</strong></span> <span class='ocrx_word' id='word_1_773' title='bbox 1693 4837 1782 4898; x_wconf 79' lang='lat' dir='ltr'><strong>deleti,</strong></span> <span class='ocrx_word' id='word_1_774' title='bbox 1803 4835 1876 4899; x_wconf 80' lang='lat' dir='ltr'><strong>notio·</strong></span> 
     </span>
     <span class='ocr_line' id='line_1_101' title="bbox 1103 4928 1875 5003; baseline -0.027 -4"><span class='ocrx_word' id='word_1_775' title='bbox 1103 4953 1167 4999; x_wconf 84' lang='lat' dir='ltr'><strong>mul.</strong></span> <span class='ocrx_word' id='word_1_776' title='bbox 1201 4946 1308 4999; x_wconf 76' lang='lat' dir='ltr'><strong>blasima</strong></span> <span class='ocrx_word' id='word_1_777' title='bbox 1328 4947 1410 4994; x_wconf 79' lang='lat' dir='ltr'><strong>entem</strong></span> <span class='ocrx_word' id='word_1_778' title='bbox 1426 4954 1512 4992; x_wconf 85' lang='lat' dir='ltr'><strong>eorum</strong></span> <span class='ocrx_word' id='word_1_779' title='bbox 1533 4951 1591 5003; x_wconf 80' lang='lat' dir='ltr'><strong>pars</strong></span> <span class='ocrx_word' id='word_1_780' title='bbox 1604 4948 1649 5001; x_wconf 88' lang='lat' dir='ltr'>per</span> <span class='ocrx_word' id='word_1_781' title='bbox 1658 4932 1761 4985; x_wconf 73' lang='lat' dir='ltr'><strong>Greciae</strong></span> <span class='ocrx_word' id='word_1_782' title='bbox 1777 4944 1807 4981; x_wconf 83' lang='lat' dir='ltr'>ce</span> <span class='ocrx_word' id='word_1_783' title='bbox 1823 4928 1875 4979; x_wconf 79' lang='lat' dir='ltr'><strong>bur·</strong></span> 
     </span>
     <span class='ocr_line' id='line_1_102' title="bbox 1103 5026 1871 5097; baseline -0.027 -2"><span class='ocrx_word' id='word_1_784' title='bbox 1103 5044 1220 5096; x_wconf 81' lang='lat' dir='ltr'><strong>berorum</strong></span> <span class='ocrx_word' id='word_1_785' title='bbox 1240 5040 1300 5090; x_wconf 87' lang='lat' dir='ltr'><strong>llncs</strong></span> <span class='ocrx_word' id='word_1_786' title='bbox 1320 5050 1406 5088; x_wconf 85' lang='lat' dir='ltr'><strong>rursus</strong></span> <span class='ocrx_word' id='word_1_787' title='bbox 1425 5034 1593 5097; x_wconf 73' lang='lat' dir='ltr'><strong>utdispersa,</strong></span> <span class='ocrx_word' id='word_1_788' title='bbox 1613 5026 1766 5093; x_wconf 83' lang='lat' dir='ltr'><strong>dequibus,</strong></span> <span class='ocrx_word' id='word_1_789' title='bbox 1789 5026 1810 5076; x_wconf 86' lang='lat' dir='ltr'>si</span> <span class='ocrx_word' id='word_1_790' title='bbox 1824 5038 1871 5075; x_wconf 86' lang='lat' dir='ltr'><strong>rum</strong></span> 
     </span>
     <span class='ocr_line' id='line_1_103' title="bbox 1104 5124 1870 5196; baseline -0.026 -3"><span class='ocrx_word' id='word_1_791' title='bbox 1104 5144 1218 5194; x_wconf 81' lang='lat' dir='ltr'><strong>cccurnle</strong></span> <span class='ocrx_word' id='word_1_792' title='bbox 1239 5137 1345 5188; x_wconf 82' lang='lat' dir='ltr'><strong>seribere</strong></span> <span class='ocrx_word' id='word_1_793' title='bbox 1362 5134 1468 5196; x_wconf 77' lang='lat' dir='ltr'><strong>vellem,</strong></span> <span class='ocrx_word' id='word_1_794' title='bbox 1482 5133 1582 5195; x_wconf 77' lang='lat' dir='ltr'><strong>longum</strong></span> <span class='ocrx_word' id='word_1_795' title='bbox 1596 5131 1677 5187; x_wconf 62' lang='lat' dir='ltr'><strong>essen</strong></span> <span class='ocrx_word' id='word_1_796' title='bbox 1699 5125 1744 5177; x_wconf 87' lang='lat' dir='ltr'>sed</span> <span class='ocrx_word' id='word_1_797' title='bbox 1763 5124 1834 5190; x_wconf 73' lang='lat' dir='ltr'><strong>pauci</strong></span> <span class='ocrx_word' id='word_1_798' title='bbox 1847 5124 1870 5174; x_wconf 91' lang='lat' dir='ltr'>in</span> 
     </span>
     <span class='ocr_line' id='line_1_104' title="bbox 1104 5223 1875 5296; baseline -0.025 -5"><span class='ocrx_word' id='word_1_799' title='bbox 1104 5238 1177 5291; x_wconf 74' lang='lat' dir='ltr'><strong>ltnliu</strong></span> <span class='ocrx_word' id='word_1_800' title='bbox 1192 5237 1366 5287; x_wconf 68' lang='lat' dir='ltr'><strong>remanserunt</strong></span> <span class='ocrx_word' id='word_1_801' title='bbox 1383 5230 1541 5296; x_wconf 75' lang='lat' dir='ltr'><strong>Aboriginum</strong></span> <span class='ocrx_word' id='word_1_802' title='bbox 1558 5223 1722 5293; x_wconf 74' lang='lat' dir='ltr'><strong>providentis.</strong></span> <span class='ocrx_word' id='word_1_803' title='bbox 1760 5223 1875 5275; x_wconf 70' lang='lat' dir='ltr'><strong>Helorum</strong></span> 
     </span>
    </p>
   </div>
   <div class='ocr_carea' id='block_1_11' title="bbox 0 0 2031 5922">
    <p class='ocr_par' dir='ltr' id='par_1_11' title="bbox 0 0 2031 5922">
     <span class='ocr_line' id='line_1_105' title="bbox 0 0 2031 5922; baseline 0 0"><span class='ocrx_word' id='word_1_804' title='bbox 0 0 2031 5922; x_wconf 95' lang='lat' dir='ltr'> </span> 
     </span>
    </p>
   </div>
  </div>
 </body>
</html>
