4070 5926
251 390 312 450 510

252 520 297 582 καί
319 519 374 579 τίσι
404 518 494 592 δεήσει
517 524 675 596 νεμηθῆναι.
721 519 860 600 Συνήεσάν
884 543 913 580 τε
938 520 1032 582 πολλοί

255 611 326 671 κατδι
349 609 497 691 συστροφάς
511 609 571 688 περί
590 614 637 681 τῆς
649 633 754 683 απατης
769 632 895 670 εκαστοτε
910 610 1033 687 διαλεγό-

254 699 400 779 μενοι,καί
416 702 443 757 έν
459 697 531 779 αἰτίφ
554 699 613 767 τοὺς
630 700 773 782 προτέρους
787 691 859 779 εἰχον
880 700 1033 781 δημάρχους

251 793 289 858 ῶς
310 787 509 868 προδεδωκότας
527 786 680 848 τὸκοινόν·
701 789 841 857 ἐκκλησίαι
861 810 892 848 τε
916 796 1033 868 συνεχεῖς

211 900 225 939 ε
252 878 304 938 ίιπθ
318 881 370 937 τῶν
385 876 444 936 τότε
460 874 605 957 δημάρχων
620 875 736 953 ἐγίνοντο
749 876 796 937 καί
812 874 970 949 ἀπαιτήσεις
985 880 1033 949 τῆς

252 965 428 1045 ύποοχέσεως.
470 966 565 1025 Ταῦτα
587 962 735 1032 συνιδόντες
758 967 783 1024 οἱ
808 963 908 1024 ύπατοι
921 961 1032 1044 γνώμην

251 1055 409 1126 ἐποιήσαντο
431 1053 555 1130 πολέμων
572 1052 703 1136 προφάσει
723 1053 754 1114 rb
767 1058 929 1135 παρακινοῦν
945 1054 972 1113 ἐν
997 1058 1030 1135 τῇ

250 1143 327 1202 πολιν
355 1140 432 1223 μέρος
458 1144 505 1202 καί
528 1142 724 1223 ταραττόμενον
750 1145 931 1203 καταστεῖλαι·
953 1141 1030 1223 ἔτυχε

251 1234 301 1315 γάρ
316 1234 343 1291 έν
357 1235 395 1311 τῷ
410 1235 482 1312 αύτῷ
498 1231 586 1313 χρόνῳ
608 1231 762 1311 λῃστηρίοις
775 1255 805 1290 τε
820 1231 871 1291 ὑπὸ
885 1235 938 1290 τῶν
953 1234 1030 1304 πλη-

197 1339 223 1379 ευ
252 1320 388 1403 σιοχόιρων
411 1320 513 1381 πόλεων
536 1321 717 1399 καταδρομαῖς
730 1324 832 1392 τισινή
854 1324 888 1401 γῆ
913 1321 1031 1399 βλαπτο-

254 1409 332 1484 μένη,
347 1406 484 1485 Τιμωρίας
496 1407 544 1482 μέν
558 1404 589 1478 δή
602 1410 654 1465 τῶν
668 1407 825 1468 ἀδικούντων
837 1409 913 1471 ένεκα
924 1410 1033 1491 προῦθε·

254 1519 302 1554 σαν
312 1495 346 1553 τδι
358 1502 404 1553 τοῦ
413 1493 532 1570 πολέμου
540 1501 638 1571 σημεῖα
645 1494 690 1554 καί
699 1497 745 1563 τάς
752 1497 876 1572 δυνάμεις
883 1497 1033 1567 τῆςπόλεως

253 1585 430 1663 κατέγραφον.
473 1586 513 1643 Οὐ
528 1584 691 1662 προσιόντων
714 1585 741 1643 δέ
758 1591 790 1660 τῆ
806 1592 964 1667 καταγραφῇ
979 1592 1031 1647 τῶν

250 1675 375 1756 ἀπόρων,
391 1673 517 1734 ἀδύνατοι
540 1676 609 1744 ὄντες
626 1676 674 1751 τήν
691 1677 722 1736 ἐκ
735 1680 788 1735 τῶν
809 1675 897 1752 νόμων
909 1675 1027 1750 ἀνάγκην

198 1782 221 1818 ιε
248 1772 302 1831 τοῖς
326 1767 461 1823 ἀπειθοῦσι
484 1765 639 1848 προφέρειν·
665 1766 886 1846 προειστήκεισαν
911 1762 963 1844 γάρ
982 1769 1027 1823 τοῦ

248 1852 362 1923 πλήθους
377 1855 400 1913 οἱ
415 1852 549 1934 δήμαρχοι
572 1855 618 1913 καί
640 1854 769 1915 κωλύσειν
785 1853 914 1930 ἔμελλον,
940 1850 965 1911 εί
987 1876 1027 1920 τις

247 1940 441 2021 ἐπιχειρήσειεν
466 1940 484 2015 ή
507 1942 542 2000 τά
566 1939 681 2019 σώματα
707 1945 760 2001 τῶν
777 1942 951 2001 ἐκλειπόντων
977 1940 1025 2010 τήν

249 2031 389 2110 στρατείαν
406 2031 478 2109 ἄγειν
494 2029 558 2102 ήτδι
569 2030 698 2112 χρήματα
714 2030 814 2113 φέρειν·
829 2029 950 2095 ἀπειλαῖς
962 2052 1027 2110 χρη·

248 2118 358 2196 σάμενοι
370 2122 491 2189 πολλαῖς,
506 2120 554 2178 ούκ
565 2119 748 2200 ἐπιτρέψοντες
764 2130 817 2187 τοῖς
833 2117 984 2178 ἀνασείουσι
995 2117 1026 2177 rb

193 2223 220 2262 au
247 2206 361 2279 πλῆθος,
376 2209 517 2280 λεληθυῖαν
530 2206 646 2289 ὑποψίαν
659 2206 816 2279 κατέλιπον,
831 2209 867 2272 ῶς
883 2205 1025 2286 δικτάτορα

247 2295 439 2371 ἀποδείξοντες,
453 2294 480 2364 ός
489 2294 605 2373 ἔμελλε,
616 2293 769 2362 καταλύσας
783 2294 830 2361 τάς
845 2294 928 2363 σίλλος
942 2294 1026 2375 ἀρχὰς

245 2382 293 2456 τὴν
309 2383 466 2464 τυραννικήν
477 2384 522 2445 καί
539 2384 713 2445 ἀνυπεύθυνον
724 2383 801 2460 μόνος
815 2383 881 2452 έξιιν
894 2383 1022 2452 ἐξουσίαν.

246 2469 294 2539 Ὧς
312 2471 339 2532 δέ
362 2473 461 2548 ταύτην
485 2472 582 2534 έλαόον
607 2472 656 2547 τὴν
677 2473 800 2532 ὑπόνοιαν
816 2475 840 2531 ol
863 2474 1025 2549 δημοτικοί,

245 2562 378 2630 δείσαντες
401 2562 441 2644 μὴ
459 2562 504 2622 τὸν
526 2562 639 2624 Ἄππιον
668 2563 826 2630 ἀποδείξωσι
851 2562 944 2643 πικρόν
960 2563 1025 2624 όντα

191 2663 218 2701 2⁶
245 2650 290 2708 καί
306 2649 446 2730 χαλεπὸν,
462 2651 550 2710 πάντα
564 2651 617 2731 πρὸ
633 2651 725 2712 τούτου
738 2652 851 2732 πάσχειν
865 2650 1005 2725 ὑπέμενον.

285 2741 428 2801 LXXXH.
452 2740 532 2800 Ἐπεί
553 2740 581 2800 δέ
595 2741 750 2822 κατεγράφη
766 2741 799 2799 τά
819 2738 1024 2820 στρατεύματα,

243 2827 445 2907 παραλαὸόντες
468 2831 493 2889 οἱ
513 2829 607 2889 ύπατοι
623 2831 671 2896 τάς
694 2829 817 2905 δυνάμεις
832 2826 958 2907 ἐξήγαγον
981 2830 1025 2889 ἐπὶ

243 2914 302 2985 τυδς
315 2918 466 2996 πολεμίους.
513 2921 658 3001 Κορνήλιος
671 2917 719 2998 μὲν
731 2909 775 2977 σύν
791 2920 826 2984 εἰς
835 2917 884 2989 τήν
894 2919 1025 2979 Οὐιεντα-

243 3008 294 3066 νῶν
314 3007 405 3088 χώραν
425 3008 568 3085 ἐμόαλών,
581 3007 629 3080 τὴν
651 3009 894 3087 ἐγκαταληφθεῖσαν
908 3004 980 3067 λείαν
996 3009 1023 3066 ἐν

190 3109 218 3148 ³0
244 3096 310 3175 αὐτῇ
326 3097 457 3171 ἀπήλασε,
471 3096 517 3155 καί
530 3096 598 3173 μετὰ
616 3099 699 3153 ταῦτα
715 3091 954 3174 πρεσόευσαμίνων
970 3097 1022 3154 τῶν

242 3187 425 3260 Οὐιεντανῶν,
448 3185 508 3254 τούς
531 3208 560 3244 τε
583 3183 769 3264 αἰχμαλώτους
794 3184 880 3250 αὐτοῖς
908 3184 1023 3243 άπελυσε

241 3274 405 3353 χρημάτων,
418 3274 463 3336 καί
477 3271 574 3354 ἀνοχάς
594 3277 641 3333 τοῦ
655 3273 772 3349 πολέμου
787 3271 909 3333 συνέθετο
931 3273 1024 3332 ἐνιαυ-

242 3360 322 3430 σίους.
363 3362 465 3431 daea<
480 3364 507 3422 δέ
522 3364 571 3437 τήν
584 3362 675 3442 έτέραν
697 3361 807 3439 δύναμιν
830 3361 899 3442 έχων
914 3365 951 3431 εἰς
973 3362 1021 3437 τήν

243 3453 364 3511 Αἰκανῶν
387 3458 436 3531 γῆν
451 3452 590 3514 ἰνέόαλεν·
606 3451 699 3512 ἔπειτα
721 3452 818 3521 ἐκεῖθεν
841 3454 876 3519 εἰς
890 3452 937 3525 τὴν
952 3454 1023 3514 Οὖσ-

188 3549 215 3588 ³⁵
242 3534 370 3604 λούσκων.
387 3539 488 3622 Χρόνον
503 3538 552 3617 μέν
571 3532 616 3601 ούν
632 3564 690 3600 τινα
700 3542 730 3601 οὗ
742 3539 824 3600 πολὺν
838 3541 982 3622 ἠνέσχοντο
999 3547 1024 3604 οἱ

84 3648 87 3654 ’
183 3698 185 3703 ,
242 3632 405 3692 Οὐολοῦσκοι
430 3629 645 3712 διαρπαζομένων
672 3632 759 3698 αὐτοῖς
793 3630 839 3690 καί
863 3630 1022 3712 κειρομένων

242 3724 293 3781 τῶν
320 3723 423 3801 ἀγρῶν·
455 3717 547 3779 ἔπειτα
580 3717 829 3802 καταφρονήσαντες
867 3722 921 3778 τῶν
953 3719 1020 3782 Ῥω-

242 3809 329 3884 μαίων
353 3811 388 3876 ὡς
414 3809 444 3868 οὗ
472 3809 559 3886 πολλῇ
588 3808 697 3885 δυνάμει
725 3808 878 3888 παρόντων,
917 3807 1023 3881 ε’ξεόοή·

242 3900 301 3956 θουν
327 3900 357 3957 ἐκ
381 3902 430 3971 τῆς
467 3895 607 3959 Ἀντιατῶν
640 3895 740 3977 χώρας,
767 3895 802 3955 τά
835 3895 907 3955 ὅπλα
936 3898 1023 3976 ἁρπά-

188 4007 217 4046 ιυ
243 4006 335 4053 σαντες
360 3986 465 4067 ἀθρόοι,
491 3984 624 4066 ταχύτερα
651 3986 752 4060 μᾶλλον
790 3984 806 4056 ἢ
838 3987 1022 4067 ἀσφαλέστερα

244 4073 460 4150 βουλευσάμενοι.
506 4075 542 4135 Εἰ
559 4075 605 4150 μέν
627 4062 671 4134 σύν
690 4072 805 4153 ἐφθασαν
822 4074 1024 4151 ἐσκεδασμένοις

242 4162 298 4226 τοῖς
316 4158 460 4236 Ῥωμαίοις
483 4161 653 4244 ἐπιφανέντες
675 4165 705 4223 ἐκ
728 4166 775 4222 τοῦ
803 4162 1023 4242 ἀπροσδοκήτου,

243 4248 362 4329 μεγαλην
377 4250 409 4307 ἂν
422 4252 507 4309 αὐτῶν
522 4250 679 4331 εἰργάσαντο
692 4249 809 4331 τροπήν·
823 4255 869 4310 νῦν
885 4251 912 4311 δέ
927 4274 1023 4334 προαι-

243 4336 368 4416 σθόμενος
379 4336 427 4410 τήν
443 4337 534 4420 ἔφοδον
549 4342 636 4399 αὐτῶν
646 4346 660 4401 ό
670 4340 768 4409 deero<
779 4341 821 4402 διδι
836 4344 888 4401 τῶν
901 4343 1022 4403 ἀποστα·

204 4457 216 4493 ι
243 4430 342 4490 λέντων
371 4428 414 4487 ἐπὶ
441 4429 488 4495 τδις
523 4432 709 4505 κατασκοπάς,
746 4431 891 4505 ἀνακλήσει
927 4432 1023 4514 ταχείᾳ

243 4518 303 4589 rob<
339 4521 365 4579 ἐν
390 4518 449 4586 ταῖς
474 4528 619 4599 προνομαῖς
647 4520 855 4599 ἐσκεδασμένους
879 4522 1023 4581 ἀναλαόὼν

243 4608 316 4678 τάξιν
332 4610 420 4676 αὐτοῖς
436 4608 558 4667 ἀπέδωκε
573 4607 621 4682 τήν
637 4611 673 4677 εἰς
688 4609 804 4688 πόλεμον
822 4610 1021 4691 ἁρμόττουσαν.

242 4701 306 4766 Τοῖς
325 4699 353 4757 δὲ
377 4696 557 4766 Οὐολούσκοις
575 4696 622 4757 σύν
649 4699 845 4780 καταφρονήσει
869 4699 915 4759 καί
932 4697 1022 4781 θάρσει

188 4852 190 4857 ,
242 4795 386 4869 χωροῦσιν,
399 4789 435 4855 ὡς
449 4785 524 4868 παρδι
533 4786 610 4858 δόξαν
625 4789 708 4870 ἐφάνη
723 4792 876 4848 συνεστῶσα
891 4792 919 4849 έν
929 4787 1022 4872 κόσμῳ

190 4896 217 4935 eo
243 4887 318 4936 πάσα
341 4878 425 4949 ήτῶν
441 4875 576 4954 πολεμίων
599 4877 724 4956 δύναμις,
738 4879 795 4946 δέος
815 4876 942 4955 ἐμπίπτει
957 4878 1023 4959 πρὸς

244 4964 293 5035 τήν
307 4964 436 5039 ἀδόκητον
451 4965 521 5045 όψιν,
536 4965 583 5025 καί
598 4971 643 5027 τοῦ
658 4965 706 5045 μέν
722 4974 808 5029 κοινοῦ
818 4971 865 5041 τῆς
877 4968 1022 5048 ἀσφαλείας

245 5053 355 5129 οὐδεμία
368 5055 489 5134 φροντὶς,
501 5057 550 5125 τῆς
567 5053 594 5113 δέ
611 5053 678 5122 ἰδίας
690 5054 795 5136 ἑκάστῳ
809 5055 941 5139 σωτηρίας
954 5056 1022 5136 πρό·

244 5158 314 5199 νοια.
339 5136 570 5221 Ὑποστρέψανεες
590 5141 622 5212 δή
642 5144 678 5209 ὡς
702 5130 773 5221 εἰχον
792 5141 900 5202 ἕκαστοι
923 5143 1021 5223 τάχους

242 5222 354 5315 ἔφευγον
369 5226 444 5287 ἄλλοι
455 5230 517 5288 κατ’
532 5226 616 5295 ἄλλας
634 5224 724 5296 όδούς·
740 5227 786 5288 καί
803 5233 827 5289 οἳ
843 5228 890 5310 μέν
912 5230 1020 5301 πλείους

771 386 944 453 DlONYSll
966 388 1350 452 HALICARNASSENSIS

1090 531 1219 582 bominum
1231 529 1262 581 de
1274 530 1362 604 frauda
1372 530 1414 582 illa
1428 530 1528 582 assidue
1544 530 1767 593 conquerentium,
1785 535 1812 582 et
1822 546 1872 583 su·

1087 628 1197 691 periotes
1215 625 1324 689 tribuni,
1348 629 1377 678 ut
1392 626 1471 690 plebis
1490 626 1643 691 proditores,
1666 626 1870 681 accusabantur:

1088 726 1113 774 et
1135 726 1167 775 ab
1189 723 1253 786 illis,
1275 724 1319 788 qui
1334 727 1395 774 tuuc
1407 728 1479 775 erem
1493 723 1602 785 tribuni,
1622 723 1717 776 crebra
1738 726 1873 778 conciones

1087 822 1403 887 habanmmretpmmissa
1413 823 1616 886 reposcebantur.
1625 822 1722 882 Qubus
1732 823 1805 874 rebus
1813 838 1871 889 cog·

1087 921 1153 981 nilis,
1166 920 1281 971 eonsules
1291 919 1456 972 decreverunt
1470 919 1528 971 belli
1543 924 1669 985 praetextu
1684 920 1829 972 seditiosam
1844 925 1871 972 et

1087 1017 1278 1068 tumultuantem
1293 1017 1379 1082 populi
1391 1019 1488 1080 partem
1501 1017 1589 1069 sedare
1603 1018 1684 1068 :torte
1697 1018 1763 1069 euim
1780 1017 1870 1070 eodem

1086 1113 1128 1165 illo
1144 1121 1323 1179 temporeager
1344 1116 1472 1165 Romanus
1485 1114 1646 1165 finitimorum
1664 1115 1813 1180 populorum
1830 1115 1871 1164 la·

1087 1211 1213 1273 trociuiis,
1231 1216 1257 1263 et
1270 1210 1421 1275 quibusdam
1436 1213 1624 1264 excursionibus
1639 1212 1812 1265 infestabatur.
1836 1215 1871 1262 llt

1086 1309 1160 1373 igilur
1171 1309 1218 1361 has
1230 1308 1332 1360 iniurias
1355 1310 1545 1370 ulciscerentur,
1561 1310 1621 1361 belli
1641 1311 1709 1373 signa
1731 1322 1869 1375 proposue-

1086 1409 1158 1468 mnt,
1172 1409 1198 1457 et
1213 1405 1296 1470 copias
1308 1406 1415 1458 urlnuas
1427 1406 1580 1458 conscribere
1593 1410 1730 1472 eruperunt.
1748 1408 1798 1459 Sed
1810 1421 1871 1459 cum

1086 1516 1205 1568 pauperes
1218 1502 1318 1553 nornine
1334 1503 1499 1567 uenderent,
1511 1518 1557 1556 nee
1573 1504 1622 1570 ipsi
1637 1507 1797 1559 contumaces
1807 1518 1871 1569 poe·

1085 1602 1141 1651 seut
1163 1599 1259 1663 legibus
1284 1613 1372 1665 cogere
1394 1600 1502 1664 (tribuni
1533 1602 1600 1654 enim
1632 1617 1678 1667 pro
1709 1602 1871 1654 multitudine

1085 1692 1250 1753 resistebant,
1267 1693 1398 1757 paratique
1416 1693 1450 1745 ad
1460 1694 1662 1747 intercedendum
1672 1699 1762 1757 erant,
1778 1695 1870 1759 siquis

1085 1786 1125 1837 rel
1138 1784 1283 1851 corporibus
1298 1784 1490 1837 detrectantium
1516 1788 1567 1839 rim
1584 1789 1676 1840 atterre
1689 1788 1729 1839 rel
1742 1788 1806 1839 bona
1821 1803 1870 1841 au·

1085 1877 1149 1928 terre
1171 1879 1318 1942 conaretur)
1334 1884 1390 1946 post
1411 1880 1504 1931 multae
1520 1882 1601 1932 ruinas
1621 1882 1745 1944 intentas,
1768 1896 1795 1934 se
1820 1896 1871 1935 uun

1084 1984 1202 2036 passuros
1215 1972 1312 2036 piebem
1326 1972 1357 2024 ab
1368 1973 1416 2024 illis
1427 1974 1562 2038 concitari,
1576 1974 1680 2027 tacitam
1700 1976 1870 2040 suspicionem

1084 2063 1248 2127 reliquerunt,
1265 2066 1332 2125 lore,
1346 2069 1376 2117 ut
1392 2067 1538 2118 dictatorem
1559 2072 1672 2118 crearent
1691 2069 1750 2132 qui,
1775 2069 1870 2119 ceteris

1085 2156 1271 2221 magistratibus
1296 2159 1431 2224 abrogatis,
1459 2161 1529 2211 solas
1550 2164 1700 2225 potestatem
1722 2161 1813 2226 regiam
1842 2165 1871 2212 et

1084 2248 1159 2300 nullis
1181 2248 1318 2301 rationibus
1334 2250 1468 2304 reddendis
1484 2253 1615 2303 obnoxiam
1632 2256 1699 2304 esset
1722 2252 1866 2304 habiturus.

1084 2344 1147 2401 Quae
1159 2342 1241 2407 opinio
1250 2356 1328 2407 quum
1339 2344 1489 2407 plebeiomm
1505 2345 1772 2410 auimospervasissct,
1782 2345 1870 2407 ueriti,

1084 2447 1115 2484 ne
1127 2434 1233 2497 Appium
1245 2438 1372 2495 crearent,
1391 2437 1473 2487 rtrum
1485 2449 1601 2501 asperum
1614 2440 1640 2489 et
1655 2451 1776 2502 gravem,
1791 2437 1871 2501 quid·

1084 2526 1123 2577 ris
1137 2525 1204 2578 aliud
1216 2528 1311 2592 perpeti
1323 2527 1474 2581 maluerunt.

1115 2749 1233 2803 cxxxii.
1250 2752 1409 2804 Exercitibus
1422 2753 1499 2819 igitur
1512 2754 1676 2820 conscriptis,
1692 2755 1809 2808 consules
1823 2770 1868 2808 co·

1083 2841 1136 2907 pias
1148 2843 1173 2892 in
1186 2844 1271 2895 lmstes
1284 2843 1437 2894 eduxerunt.
1473 2844 1603 2894 cornelius
1614 2847 1713 2902 summ,
1729 2845 1869 2910 irruptione

1082 2928 1109 2980 in
1119 2930 1374 2994 Veientanumagrum
1383 2929 1458 2991 laeta,
1467 2929 1579 2994 praedem
1589 2931 1613 2979 lu
1622 2942 1652 2980 eo
1661 2929 1793 2981 collectam
1806 2929 1868 2982 abe·

1083 3019 1130 3081 pit.
1147 3022 1182 3069 ac
1193 3032 1253 3069 mox
1263 3031 1342 3082 quum
1356 3016 1474 3069 Veientes
1486 3017 1634 3081 legationem
1650 3018 1793 3079 misissent,
1807 3032 1867 3083 eap-

1083 3105 1150 3157 tiros
1163 3106 1266 3170 pecunia
1283 3106 1409 3157 redemtos
1428 3105 1553 3169 reddidit,
1569 3109 1596 3157 et
1609 3105 1722 3157 inducias
1733 3106 1759 3157 in
1773 3120 1868 3159 annum

1082 3196 1214 3262 concessit.
1247 3193 1337 3244 Fabius
1346 3206 1407 3245 vero
1415 3207 1473 3245 cum
1481 3193 1560 3244 altero
1570 3193 1682 3245 exercitu
1693 3194 1719 3243 in
1728 3197 1867 3259 AEquormn

1082 3297 1170 3348 agrurn
1183 3283 1282 3348 irrupit,
1298 3282 1355 3334 inde
1368 3283 1395 3334 iu
1410 3283 1565 3333 Volscorum.
1601 3282 1758 3346 Aliquamdiu
1776 3283 1866 3347 igitur,

1080 3371 1125 3422 sed
1139 3386 1189 3422 nou
1208 3371 1252 3423 diu
1266 3374 1364 3433 umen,
1385 3370 1469 3422 Volsci
1486 3384 1559 3434 agros
1572 3384 1632 3421 suos
1644 3370 1719 3435 diripi
1731 3374 1754 3421 et
1768 3371 1865 3421 restari

1082 3464 1141 3511 sunt
1160 3461 1235 3526 passi.
1269 3462 1347 3521 Tum,
1366 3462 1490 3511 contemta
1514 3463 1681 3511 Romanorum
1704 3458 1866 3524 praesentium

1081 3549 1222 3614 paucitate,
1244 3548 1364 3612 correptis
1375 3547 1450 3598 armis
1482 3548 1586 3598 conserti
1607 3560 1637 3598 οι
1663 3561 1723 3612 agro
1749 3547 1865 3609 Ααίίείο,

1081 3638 1203 3704 precipiti
1228 3637 1402 3702 potiusquam
1422 3639 1476 3687 tuto
1496 3635 1597 3687 oonsilio
1611 3640 1754 3687 evaserumt.
1787 3639 1826 3687 Ac
1842 3637 1866 3687 si

1081 3727 1192 3791 palantes
1204 3729 1327 3775 Romanos
1343 3724 1469 3789 inopinato
1490 3722 1599 3774 adventu
1614 3724 1807 3788 oppressissent,
1822 3737 1866 3774 eos

1079 3815 1106 3866 in
1126 3815 1216 3865 lesdam
1238 3813 1324 3877 iugem
1345 3812 1486 3864 vertissent.
1522 3814 1582 3877 iam,
1595 3825 1670 3874 vero,
1683 3826 1763 3877 quum
1776 3812 1867 3863 consui

1080 3903 1216 3954 adrentum
1231 3914 1320 3952 eorum
1339 3913 1385 3964 per
1399 3900 1569 3964 exploratores
1583 3912 1599 3949 a
1611 3911 1638 3950 sc
1651 3900 1742 3950 missos
1753 3912 1863 3963 prasen-

1080 3995 1168 4056 sisset,
1182 3992 1304 4044 reuocatis
1314 3990 1483 4054 celeritatis,
1496 3990 1541 4053 qui
1554 3990 1580 4039 in
1591 3989 1794 4054 pabulationibus
1809 3990 1864 4040 dis·

1080 4084 1144 4150 persi
1161 4087 1247 4144 erant,
1262 4081 1354 4144 aciem,
1368 4081 1443 4147 prout
1453 4078 1488 4130 rei
1503 4077 1615 4130 militaris
1628 4078 1761 4142 disciplina
1774 4080 1864 4143 postu·

1078 4173 1127 4236 lat,
1143 4173 1272 4224 instruxit.
1284 4170 1388 4222 volscos
1397 4183 1471 4231 rere,
1486 4168 1532 4232 qui
1546 4167 1692 4218 contemtim
1703 4172 1730 4218 et
1743 4166 1867 4219 audacter

1078 4262 1232 4321 incedebant,
1244 4262 1420 4326 quampratcr
1428 4257 1639 4323 exspectationem
1651 4269 1738 4307 omues
1752 4255 1865 4307 bostium

1079 4350 1162 4416 copias
1173 4350 1295 4401 uidissent
1314 4348 1463 4407 instructas,
1487 4345 1519 4396 ob
1533 4343 1691 4408 inopinatum
1714 4343 1864 4408 adspectum

1078 4439 1153 4490 timor
1172 4437 1281 4497 iuvasit;
1305 4435 1465 4501 neglectaque
1482 4432 1655 4485 incolumitate
1668 4433 1795 4483 communi
1808 4447 1866 4484 sum

1078 4526 1170 4592 quique
1182 4525 1258 4576 saluti
1272 4522 1389 4574 consulit.
1432 4524 1559 4573 converso
1572 4520 1648 4585 igitur
1664 4520 1769 4579 itinere,
1780 4533 1864 4571 unus·

1077 4616 1185 4682 quiaque
1197 4613 1321 4679 fugiebat,
1335 4615 1429 4678 quanta
1438 4613 1546 4678 maxima
1557 4611 1684 4662 celeritate
1696 4615 1804 4675 poterat,
1819 4611 1865 4663 alit

1077 4718 1121 4770 per
1132 4705 1193 4756 alias
1205 4703 1272 4766 rias;
1286 4716 1316 4753 ac
1326 4702 1406 4752 maior
1416 4714 1475 4766 pars
1492 4700 1622 4751 incolumis
1639 4700 1664 4749 iu
1678 4699 1766 4751 urbem
1777 4699 1863 4753 rediit.

1077 4793 1126 4846 Sed
1139 4806 1230 4859 parvos
1242 4791 1357 4857 quadam
1371 4794 1486 4854 caterva,
1509 4802 1567 4853 σου
1586 4792 1714 4840 manserat
1732 4790 1862 4851 conluta,

1077 4896 1155 4947 quum
1173 4881 1199 4932 iu
1213 4880 1304 4931 montis
1315 4878 1447 4930 cuiusdam
1461 4877 1581 4929 uerticem
1593 4877 1760 4941 confugisset,
1775 4876 1863 4941 ibique

1076 4976 1158 5024 castra
1169 4971 1306 5037 posuisset,
1318 4972 1418 5021 noctem
1432 4971 1576 5032 sequentem
1592 4967 1730 5032 permansit
1746 4983 1753 5012 ι
1770 4966 1863 5018 diebus

1076 5075 1136 5112 raro
1150 5060 1319 5124 mouentibus,
1332 5072 1411 5124 quum
1426 5056 1513 5108 consul
1525 5056 1641 5121 prasidio
1650 5057 1760 5107 militum
1769 5055 1862 5106 collem

1076 5149 1210 5211 cinxisset,
1225 5162 1361 5213 omnesque
1380 5147 1464 5198 exitus
1479 5145 1555 5197 armis
1573 5143 1771 5205 interclusisset,
1792 5143 1862 5196 tame

1075 5236 1212 5303 compulsi,
1236 5235 1336 5289 traditis
1354 5236 1433 5287 armis
1455 5234 1482 5286 in
1501 5234 1556 5287 eius
1569 5236 1719 5299 potestatem
1735 5236 1862 5285 venerunt
