4070 5926
245 421 304 479 bid

246 551 364 611 τάπασιν
380 549 487 632 εύτοχδς
501 549 575 618 τέλος
594 552 730 634 εἰληφότος
744 559 790 613 τοῦ
807 557 921 627 ἀγῶνος,
937 560 961 616 ol
977 555 1026 631 μίν

253 640 349 702 ὕπατοι
368 640 420 720 πρὸ
438 643 491 700 τῶν
516 642 615 721 νεκρῶν
635 644 961 722 καταστροπεδευσάμενοι
979 644 1028 721 τὴν

250 732 376 790 ι’πιοῦσαν
386 728 471 790 νύκτα
484 730 644 802 ηύλίσαντο·
655 732 679 789 ei
690 731 718 790 δὲ
733 732 891 814 κατέχοντες
901 733 930 792 τὸ
946 732 1028 793 Ἰάνι-

248 820 312 879 κλον
335 820 487 900 Τυρρηνοί,
508 818 601 891 ἐπειδὴ
626 819 738 897 οθδεμία
761 822 834 902 παρὰ
855 825 908 881 τῶν
928 821 1028 882 οίκοθεν

207 931 220 968 s
248 908 347 988 ἤρχετο
363 906 517 989 ἐπικουρία,
539 910 696 969 καταλιπεῖν
715 908 821 988 ἔκριναν
836 912 867 972 τδ
888 910 1026 992 φρούριον,

249 1000 294 1059 καὶ
319 998 645 1081 ἀναστρατοπεδεύσαντες
666 1000 760 1067 νυκτὸς
782 1003 889 1083 ἀπῆραν
919 1004 955 1071 είς
979 1000 1027 1073 την

248 1089 416 1150 Οὐιεντανῶν
431 1087 508 1148 πόλιν
532 1086 669 1166 ἐγγυτάτω
692 1090 766 1168 σφίσι
787 1093 839 1147 τῶν
854 1087 1027 1169 Τυρρηνίδων

247 1177 350 1237 πόλεων
364 1176 500 1256 κειμένην.
542 1179 598 1238 Τοῦ
622 1175 650 1236 di
668 1175 788 1258 χάρακος
807 1179 895 1236 αὐτῶν
916 1181 941 1237 oi
957 1177 1025 1239 ‘Po-

248 1274 323 1339 μαῑοι
342 1265 539 1346 κρατήσαντες,
563 1264 646 1325 τότε
667 1265 796 1346 χρήματα
818 1268 1025 1345 διαρπάζουσιν,

195 1370 220 1409 tu
247 1351 298 1412 όσα
319 1354 494 1414 ὑπελείποντο
508 1353 625 1413 ἀδύνατα
633 1353 696 1414 όντα
704 1356 731 1412 ἐν
742 1359 813 1436 φυγῇ
827 1356 965 1435 φέρεσθαι,
981 1354 1027 1415 καί

246 1440 412 1520 τραυματίας
435 1441 603 1519 λαμόείνουοι
627 1442 758 1515 πολλούς,
783 1441 842 1509 τούς
865 1444 913 1521 μίν
928 1446 954 1504 ἀν
969 1446 1027 1511 ταῖς

247 1538 356 1601 σκηναῖς
377 1531 597 1612 ἀπολειφθέντας,
613 1529 672 1599 τοὺς
693 1531 721 1590 δὲ
743 1532 794 1592 uvi
812 1530 861 1605 τὴν
876 1532 935 1591 δδδν
950 1532 1025 1591 άπα-

246 1639 295 1678 σαν
311 1619 501 1699 ἐστρωμένους.
556 1619 718 1700 ’ἀντείχοντο
742 1619 793 1701 γάρ
808 1644 875 1687 τινες
898 1621 1026 1701 γλιχόμε·

245 1729 284 1766 νοι
307 1711 354 1779 τῆς
378 1707 466 1767 οἴκαδε
482 1709 561 1784 ὁδοῦ,
584 1708 630 1767 καὶ
650 1708 831 1791 διεκαρτέρουν
852 1710 926 1790 παρά
945 1709 1026 1768 δύνα-

194 1810 218 1847 tt
247 1819 291 1871 μιν
315 1798 531 1868 ἀκολουθοῦντες,
558 1788 614 1858 εἶτα
639 1799 826 1879 βαρυνομένων
854 1803 943 1868 αὐτοῖς
971 1804 1023 1859 τῶν

246 1888 333 1956 μελῶν
348 1889 488 1962 ἡμιθνῆτες
502 1885 644 1968 κατέρρεον
669 1888 714 1948 ἐπί
731 1888 779 1963 τὴν
794 1894 861 1967 γῆν,
876 1888 919 1956 οθς
932 1895 957 1950 oi
970 1892 1023 1948 τῶν

245 1971 388 2047 Ῥωμαίων
414 1976 503 2042 ίππεῑς
531 1975 575 2034 ἐπὶ
607 1974 674 2036 πολύ
698 1981 744 2048 τῆς
766 1978 826 2038 ὁδοῦ
851 1977 1024 2056 προελθόντες

245 2060 393 2121 ἀνειλοντο·
409 2061 454 2120 καί
468 2062 559 2136 ίπειδή
573 2063 647 2122 οὐδὲν
660 2062 699 2122 ίτι
711 2063 837 2139 πολέμιον
853 2056 886 2137 ἦν
902 2065 1023 2124 καθελόν·

245 2171 286 2215 τες
304 2149 334 2208 τὸ
349 2150 470 2230 φρούριον
485 2151 531 2210 καὶ
547 2150 580 2209 ab
593 2152 698 2233 λάφυρα
715 2152 823 2230 άγοντες
841 2143 907 2225 ἧκον
923 2154 959 2220 εἷς
973 2152 1022 2226 τὴν

190 2259 217 2298 ευ
244 2238 379 2308 πόλιν,τά
394 2238 507 2318 σώματα
529 2243 582 2299 τῶν
603 2244 629 2299 ἐν
649 2246 691 2320 τῇ
705 2241 782 2321 μάχη
803 2241 1021 2316 τελευτησάντων

243 2327 417 2403 κομίσαντες,
442 2327 549 2408 οίκτράν
571 2327 630 2399 όθιν
654 2330 739 2388 ἅπασι
762 2337 815 2398 τοῖς
836 2329 957 2396 πολίταις
979 2329 1023 2415 διά

241 2415 341 2487 πλῆθός
364 2416 455 2477 τεκαὶ
475 2416 571 2497 ἀρετὴν
588 2421 641 2477 τῶν
666 2418 851 2497 ἀπολομένων.
893 2417 981 2479 Ὥστε
1008 2422 1022 2477 ό

243 2504 291 2579 μίν
307 2507 390 2583 δῆμος
404 2505 464 2566 οὕτε
488 2506 637 2587 ίορτάζειν,
653 2511 688 2574 ὡς
702 2507 784 2568 καλόν
811 2510 901 2587 ἀγῶνα
925 2530 1021 2589 κατορ-

241 2593 345 2672 θώσας,
358 2594 447 2670 ἠξίου,
464 2594 523 2655 ούτε
539 2600 643 2656 πενθεῖν
658 2604 693 2665 ὼς
707 2596 751 2656 ἐπὶ
770 2597 875 2678 μιγάλη
892 2596 939 2656 καλ
956 2598 1022 2667 ἀνη·

188 2697 214 2736 τε
241 2683 327 2763 κίστῳ
341 2694 481 2766 συμφορᾷ·
495 2690 512 2757 ἡ
525 2685 552 2744 δέ
569 2684 651 2764 βουλὴ
666 2690 719 2755 τοῖς
734 2685 782 2764 μὲν
795 2691 862 2754 θεοῖς
872 2684 919 2754 τάς
932 2688 1021 2763 ἀναγ-

240 2771 330 2838 καίους
343 2772 492 2854 ἐθηφίσατο
504 2773 611 2849 θυσίας,
629 2772 677 2847 τλν
692 2774 715 2833 δ’
729 2773 855 2833 ἐπινίκιον
870 2778 915 2832 τοῦ
928 2773 1021 2852 θριάμ·

241 2857 288 2917 όου
301 2859 412 2934 πομπὴν
430 2862 479 2920 ούκ
498 2860 624 2943 ίπίτρεψε
640 2861 805 2935 ποιήσασθαι
827 2867 882 2929 τοῖς
897 2862 1018 2929 ὑπάτοις.

240 2949 308 3008 Μετ’
322 2950 352 3007 ού
364 2948 464 3017 πολλάς
478 2950 502 3008 δ’
518 2949 619 3030 ἡμέρας
631 2953 728 3031 ἀγοράς
747 2949 868 3024 ἐπλήσθη
882 2949 1017 3008 παντοάα·

239 3039 291 3108 πῆς
313 3038 498 3116 ἧπάλις,τιῒιν
513 3062 542 3099 τε
564 3038 681 3120 δημοσίᾳ
699 3037 873 3119 πεμφθέντων
898 3037 943 3098 καὶ
966 3040 1018 3095 τῶν

186 3152 213 3190 so
240 3126 368 3185 εἰωθότων
394 3126 588 3205 ίμποριύισθαι
607 3127 691 3187 πολύν
713 3126 908 3207 εἰσαγαγόντων
928 3135 1016 3204 σῖτον,

238 3213 302 3274 ὥστ’
317 3217 344 3274 ἐν
358 3220 391 3295 τῇ
409 3216 524 3297 προτέρα
540 3216 642 3285 πάντας
656 3217 779 3298 εὐετηρία
795 3215 925 3294 γενέσθαι.

278 3306 397 3367 xltvll.
422 3304 631 3365 Καταλυθέντων
651 3305 680 3365 di
694 3309 748 3365 τῶν
764 3304 910 3385 ὑπαιθρίων
935 3303 1017 3364 πολέ-

239 3418 307 3472 μων,
322 3397 340 3465 ἡ
355 3392 479 3466 πολιτικὴ
495 3393 585 3462 στάσις
597 3386 670 3463 αύθις
683 3392 832 3465 ἀνεκαίετο,
844 3397 897 3452 τῶν
910 3390 1016 3483 δημάρ·

237 3506 293 3563 χιον
319 3482 398 3542 πάλιν
411 3483 593 3566 ταραττόντων
616 3483 648 3543 τό
671 3487 781 3556 πλῆθος.
837 3481 891 3543 Καί
912 3480 947 3540 τά
966 3481 1014 3558 μὲν

182 3592 209 3632 as
238 3572 308 3632 ἄλλα
319 3570 501 3649 πολιτεύματα
514 3570 686 3643 διεσκέδασαν
702 3573 788 3632 αὐτῶν
799 3570 1016 3647 ἀντιταττόμενοι

237 3661 302 3742 πρὸς
320 3660 430 3722 έκαστον
451 3664 475 3722 oi
497 3661 645 3741 πατρίκιοι·
666 3660 715 3732 τὴν
738 3661 766 3720 ii
790 3660 860 3718 κατά
880 3659 1013 3732 Μενηνίου

237 3753 312 3825 δίκην
324 3756 369 3811 τοῦ
382 3751 475 3811 νεωστὶ
495 3748 709 3833 ὑπατεύσαντος,
724 3748 811 3810 καίτοι
826 3749 914 3808 πολλὰ
928 3771 1016 3828 πραγ·

238 3840 417 3915 ματευθέντες,
432 3836 555 3898 ἀδύνατοι
572 3836 691 3915 ἐγένοντο
712 3838 845 3910 διαλῦσαι,
857 3838 916 3895 ἀλλ’
927 3840 1017 3916 ὑπαχ-

236 3929 317 3998 θεὶςό
338 3928 405 4007 ἀνὴρ
425 3930 461 3994 εἷς
477 3925 552 3999 δίκην
565 3926 616 3985 bari
631 3926 702 3985 δυοῖν
719 3926 884 4007 δημάρχων,
903 3918 1015 3984 Κοίντου

181 4045 209 4083 ευ
236 4017 377 4080 Κονσιδίου
385 4016 431 4076 καλ
440 4015 522 4077 Τίτου
531 4013 668 4088 Γενυκίου,
681 4011 811 4092 καίλόγον
821 4012 1014 4087 ἀπαιτούμενος

234 4110 281 4176 τῆς
293 4103 454 4183 στρατηγίας
473 4107 518 4162 τοῦ
535 4101 652 4179 πολέμου
666 4103 740 4170 τέλος
759 4100 814 4161 οὔτ’
830 4100 939 4180 εὖτυχίς
952 4099 1012 4160 ούτε

234 4192 363 4272 εὐπρεπὲς
379 4191 523 4264 λαόόντος,
548 4192 665 4268 μάλιστα
688 4191 714 4250 δὲ
735 4188 943 4264 διαόαλλόμενὸς
968 4191 1013 4250 ἐπὶ

233 4285 272 4363 τῷ
287 4280 401 4343 Φαόίων
414 4280 513 4362 δλίθριμ
534 4280 580 4339 καί
595 4284 628 4360 τῇ
649 4278 788 4360 Κρεμέρας
809 4278 922 4351 ἁλώσει,
937 4278 1013 4338 δικά·

233 4374 321 4440 ζοντος
333 4375 378 4430 τοῦ
393 4371 536 4443 δημοτικοῦ
555 4369 635 4449 όχλου
651 4368 721 4428 κατθ
740 4367 861 4447 φυλθς,ού
876 4371 941 4448 παρ’
957 4369 1012 4427 elt-

179 4487 205 4524 ει
233 4482 281 4537 γας
294 4458 397 4540 ψήφους
410 4446 515 4539 ὦφλεν,
531 4457 585 4525 υίδς
605 4453 642 4515 ὢν
657 4455 791 4536 Ἀγρίππα
816 4456 948 4528 Μενηνίου
966 4464 1012 4518 τοῦ

232 4553 428 4628 καταγαγόντος
441 4551 470 4607 ἐκ
482 4550 530 4618 τῆς
546 4550 629 4625 φυγῆς
643 4544 687 4605 τθν
700 4548 784 4616 δῆμον
794 4545 840 4605 καί
854 4545 1012 4615 διαλλάξαν-

231 4661 275 4704 τος
289 4636 354 4717 πρδς
365 4634 425 4704 aab<
442 4633 611 4712 πατρικίους,
626 4632 655 4693 όν
671 4631 836 4693 ἀποθανόντα
850 4637 868 4704 ἡ
885 4634 966 4712 βουλό,
981 4637 1011 4695 ἐκ

231 4730 283 4785 τῶν
312 4725 446 4805 δημοσίων
469 4724 618 4805 χρημάτων
642 4723 843 4803 λαμπροτάταις
877 4723 1010 4798 ἐκόσμησε

230 4823 341 4898 ταφαῖς,
366 4817 394 4874 αί
407 4815 435 4874 δὲ
447 4821 567 4893 γυναῖκες
584 4817 612 4873 αί
625 4811 770 4889 Ῥωμαίων
785 4810 913 4872 ἐνιαύσιον
929 4813 1011 4873 ἐπέν-

175 4921 204 4958 ιο
231 4909 314 4975 θησαν
327 4903 421 4983 χρόνον
436 4902 573 4984 πορφύραν
586 4900 632 4961 καί
646 4901 744 4982 χρυσὸν
759 4900 930 4977 ἀποθέμεναι.
967 4905 1008 4962 Οὐ

232 4992 320 5067 μέντοι
335 4992 449 5053 θανάτου
468 5015 498 5070 γε
511 4992 584 5073 αύτῷ
602 4993 627 5050 οἱ
650 4989 891 5067 καταδικασάμενοι
909 4989 1007 5067 ἐτίμη-

230 5103 298 5151 σαν,
319 5083 379 5140 ἀλλ’
394 5083 568 5158 ἐκτίσματος,
582 5079 597 5140 δ
612 5082 675 5161 πρὸς
690 5079 808 5157 μὲντοὺς
825 5084 870 5139 νῦν
889 5078 1007 5151 ἐίσταζό·

772 424 944 485 DiONYSll
969 425 1352 494 baeloauuassunsls

1084 573 1200 619 rerunt:
1226 575 1254 621 et
1274 575 1350 624 noctu
1375 574 1452 626 motis
1473 575 1563 627 castris
1575 576 1651 627 Veios
1672 578 1781 643 profecti
1800 586 1863 633 sunt

1083 697 1141 749 quae
1155 685 1216 737 urbs
1226 688 1391 740 Etruscarum
1400 693 1455 741 erat
1465 692 1526 757 ipsis
1542 693 1664 757 proxima.
1677 696 1781 746 llcmani
1794 711 1866 756 sero,

1083 797 1171 848 castris
1192 793 1280 850 eorum
1293 802 1383 866 potiti,
1404 803 1565 869 diripuerunt
1585 807 1670 857 omnia
1686 807 1866 873 impedimenta

1083 922 1141 974 quae
1161 911 1196 962 ibi
1215 912 1315 965 fuerant
1330 914 1430 975 relicta,
1451 916 1520 981 quod
1535 931 1565 969 ea
1580 918 1606 969 in
1624 918 1683 985 fuga
1700 926 1800 985 portare
1813 936 1866 972 non

1082 1022 1239 1086 potuissent,
1255 1027 1399 1094 multosque
1410 1030 1509 1081 saucios
1518 1036 1651 1096 ceperunt,
1666 1033 1730 1085 alios
1743 1037 1769 1085 in
1785 1038 1869 1086 tento-

1083 1137 1128 1189 riis
1141 1138 1256 1203 relictos,
1273 1143 1337 1195 alios
1350 1145 1445 1209 passim
1456 1149 1511 1196 toto
1523 1147 1612 1199 itinere
1630 1152 1731 1201 stratos.
1755 1149 1868 1208 Quidam

1082 1254 1148 1305 enim
1169 1257 1264 1310 rectam
1279 1259 1403 1312 desiderio
1418 1262 1585 1324 enitebantur,
1599 1269 1626 1316 et
1644 1280 1720 1331 supra
1739 1267 1805 1318 vires
1825 1282 1868 1320 se-

1081 1369 1182 1433 quendo
1193 1372 1296 1425 dolores
1316 1374 1490 1440 perferebant:
1510 1378 1601 1430 deinde
1619 1394 1678 1432 cnm
1695 1383 1809 1433 membra
1821 1398 1868 1435 ea·

1081 1498 1136 1535 rum
1152 1492 1323 1551 gravarentur,
1339 1492 1494 1545 semimortui
1507 1494 1578 1545 humi
1596 1495 1749 1548 decidebant
1768 1514 1774 1544 :
1798 1514 1867 1564 quos

1081 1600 1185 1651 Romani
1197 1602 1295 1664 equites
1301 1603 1399 1668 longius
1409 1607 1534 1671 progressi
1546 1606 1727 1659 interfecerunt
1736 1613 1770 1667 et,
1782 1624 1866 1675 quum

1081 1713 1145 1765 nulli
1158 1715 1266 1780 amplius
1279 1723 1428 1783 apparerent
1445 1720 1544 1783 bostes,
1559 1721 1650 1773 dirutis
1663 1723 1763 1774 castelli
1779 1725 1867 1775 muni·

1081 1828 1205 1889 tionibus,
1217 1845 1275 1881 cum
1285 1831 1362 1896 spolis
1371 1832 1396 1883 io
1409 1831 1495 1884 urbem
1510 1833 1647 1896 redierum,
1660 1835 1745 1887 allatis
1758 1837 1867 1889 cadave-

1081 1941 1153 1993 ribus
1163 1956 1266 2005 eornm,
1278 1945 1323 2009 qui
1339 1946 1365 1996 in
1381 1947 1469 2012 proelio
1480 1946 1637 2011 ceciderant,
1655 1948 1801 2001 miserabile
1815 1953 1865 2002 toti

1081 2056 1177 2108 civitati
1189 2058 1359 2122 spectaculum
1371 2101 1377 2120 ,
1391 2065 1443 2112 tam
1456 2062 1489 2113 ob
1506 2076 1654 2123 numerum,
1669 2078 1746 2130 ηειοινν
1759 2065 1792 2116 ob
1807 2068 1865 2116 rir-

1080 2175 1161 2222 lutem
1173 2186 1274 2231 eorum.
1285 2175 1330 2239 qul
1347 2176 1502 2229 interierant.
1536 2180 1620 2237 Quare
1633 2179 1742 2244 populus
1755 2195 1800 2231 nec
1817 2179 1865 2232 Ια-

1080 2283 1129 2337 leri
1139 2282 1236 2344 voluit,
1249 2285 1323 2348 quasi
1343 2299 1370 2336 re
1386 2285 1494 2338 feliciter
1513 2292 1597 2351 gesta,
1612 2276 1658 2339 uec
1677 2288 1774 2354 lugere,
1787 2292 1865 2355 quasi

1078 2391 1172 2454 ingenti
1185 2396 1211 2442 et
1222 2391 1354 2445 insanabili
1368 2394 1440 2446 clade
1453 2400 1563 2461 accepta.
1596 2399 1703 2451 Senatus
1716 2403 1799 2450 tamen
1812 2400 1864 2451 diis

1078 2500 1270 2564 supplicationes
1281 2503 1433 2555 necessarias
1441 2504 1560 2563 decrerit,
1574 2509 1600 2557 at
1611 2506 1760 2557 oonsulibus
1770 2508 1862 2558 trium·

1077 2612 1120 2676 phi
1133 2612 1252 2663 bonorem
1262 2613 1295 2665 ob
1306 2617 1403 2679 partam
1416 2615 1547 2667 victoriam
1559 2618 1666 2681 negarit.
1700 2620 1791 2669 Paucis
1803 2625 1864 2684 post

1077 2721 1166 2772 diebus
1179 2722 1241 2773 urbs
1252 2723 1328 2774 variis
1342 2725 1524 2776 commeatibus
1539 2728 1578 2776 est
1592 2725 1687 2791 repleta
1697 2767 1702 2784 ,
1713 2728 1774 2791 quia
1784 2732 1810 2779 et
1824 2729 1863 2780 le·

1077 2829 1151 2892 galia
1164 2829 1291 2894 republica
1306 2831 1392 2889 missi,
1403 2835 1429 2881 et
1439 2831 1597 2883 frumentarii
1611 2835 1782 2898 negotiatores
1792 2850 1863 2902 mag-

1077 2955 1135 2991 nam
1149 2941 1201 2992 vim
1217 2940 1337 2993 frumenti
1349 2944 1374 2993 in
1389 2943 1477 2995 urbem
1489 2944 1656 3010 importarunt
1665 2962 1675 3004 ,·
1685 2947 1721 2998 ita
1734 2953 1763 2998 ul
1773 2964 1863 3003 omnes

1076 3056 1181 3120 pristina
1193 3071 1296 3108 annonae
1313 3058 1408 3110 vilitate
1421 3059 1506 3110 denuc
1520 3061 1571 3112 frui
1584 3063 1715 3127 ceperint.

1107 3308 1204 3358 xxvii.
1224 3307 1270 3357 llis
1283 3310 1368 3358 autem
1381 3308 1666 3369 bellisextemislinitis.
1684 3311 1777 3363 seditio
1794 3315 1857 3365 ciri·

1074 3390 1106 3442 lis
1118 3393 1225 3443 tribunis
1238 3392 1334 3458 plebem
1347 3409 1435 3447 rursus
1452 3398 1614 3450 turbantibus
1648 3400 1740 3451 iterum
1753 3408 1792 3453 est
1814 3418 1859 3454 ao·

1073 3495 1155 3532 censa.
1194 3487 1230 3534 Ac
1258 3486 1355 3535 ceteras
1383 3485 1487 3550 <pridem
1514 3500 1602 3539 eorum
1631 3489 1720 3541 civiles
1745 3492 1858 3543 actiones

1074 3572 1186 3637 patricii,
1206 3572 1340 3638 unicuique
1361 3588 1387 3624 se
1400 3579 1560 3639 opponentes,
1583 3576 1756 3642 dissiparunt:
1772 3585 1798 3630 at
1813 3594 1857 3631 ac·

1073 3660 1226 3712 cusationem
1239 3662 1344 3712 Menenii
1354 3700 1361 3724 ,
1371 3663 1416 3727 qui
1429 3665 1556 3728 superiore
1574 3680 1640 3717 auno
1650 3668 1737 3719 consul
1749 3666 1849 3730 fuerat,

1074 3749 1195 3814 impedire
1206 3764 1254 3800 non
1266 3754 1410 3815 potuerunt,
1422 3755 1539 3818 quamvis
1546 3746 1694 3821 magnopere
1703 3757 1852 3811 obnitentes.

1072 3837 1122 3889 Sed
1134 3839 1157 3888 ei
1168 3838 1220 3889 duc
1231 3837 1340 3901 tribuni,
1356 3843 1386 3900 Q.
1408 3841 1542 3893 Considius
1552 3847 1578 3894 et
1589 3846 1617 3895 T.
1630 3846 1767 3903 Genucius,
1784 3846 1853 3897 diem

1070 3925 1203 3987 dixerunt,
1218 3927 1352 3993 iussusque
1364 3929 1485 3981 rationem
1496 3931 1600 3984 reddere
1612 3932 1672 3984 belli
1689 3948 1734 3985 nec
1746 3933 1853 3986 feliciter

1071 4027 1116 4065 nec
1129 4015 1231 4066 honeste
1245 4016 1427 4079 administrati,
1443 4020 1568 4085 precipue
1589 4036 1649 4073 vcro
1667 4022 1700 4073 ob
1717 4023 1853 4076 Fabiorum

1069 4104 1165 4156 cladem
1183 4106 1306 4157 Cremerae
1327 4109 1537 4173 expugnationem
1561 4115 1708 4171 accusatus,
1731 4127 1746 4163 a
1766 4114 1853 4179 populi

1068 4195 1162 4245 iudicio
1174 4195 1282 4246 comitiis
1295 4196 1397 4247 tributis
1410 4197 1489 4249 ferme
1500 4199 1613 4250 omnium
1632 4202 1763 4266 suffragiis
1779 4203 1851 4254 dam·

1068 4289 1143 4335 natus
1156 4287 1211 4343 est,
1224 4285 1340 4348 quamvis
1354 4290 1420 4337 esset
1433 4286 1499 4338 itlius
1511 4288 1581 4339 illius
1593 4292 1701 4342 bfeueull
1718 4294 1849 4358 Agrippia.

1067 4374 1111 4438 qni
1127 4372 1224 4437 plebem
1236 4389 1250 4425 e
1263 4374 1320 4439 fuga
1334 4374 1361 4425 in
1376 4375 1466 4427 urbem
1484 4376 1635 4439 reduxerat,
1651 4394 1757 4446 eamque
1772 4383 1853 4446 patri-

1067 4461 1112 4512 ciis
1135 4462 1324 4522 reconciliaret,
1347 4477 1422 4528 quem
1442 4463 1592 4517 defunctum
1620 4472 1723 4520 senatus
1743 4470 1853 4534 publicis

1066 4551 1184 4616 impensis
1198 4551 1444 4616 magnificentissimo
1456 4553 1543 4605 funere
1560 4554 1708 4618 decorarat,
1723 4559 1852 4623 quomque

1065 4643 1185 4690 matronae
1201 4654 1244 4705 per
1255 4639 1379 4706 integrum
1395 4656 1488 4693 annum
1506 4641 1637 4705 luxerant,
1654 4658 1766 4709 purpura
1779 4661 1853 4698 auro·

1064 4741 1114 4792 que
1127 4727 1250 4793 deposito.
1284 4729 1334 4787 Qui
1344 4732 1428 4781 tamen
1439 4745 1498 4781 eum
1509 4729 1670 4791 damnarunt,
1683 4731 1752 4781 baud
1767 4734 1852 4797 capite.

1064 4816 1134 4869 litem
1155 4819 1330 4883 estimarunt,
1343 4819 1387 4871 sed
1411 4820 1530 4884 pecunia3
1551 4834 1624 4885 quae,
1644 4820 1667 4871 si
1688 4836 1746 4871 cum
1768 4824 1850 4874 nostri

1063 4907 1140 4958 seculi
1162 4907 1274 4959 moribus
1296 4922 1326 4959 ac
1348 4909 1402 4959 vita
1421 4911 1571 4969 conferatur,
1593 4908 1700 4959 ridicula
1721 4909 1848 4972 videatur,

1063 4996 1108 5047 sed
1118 4996 1187 5048 illius
1200 4997 1358 5059 bominibus,
1379 4998 1424 5063 qui
1443 4999 1496 5049 suis
1510 4998 1625 5050 manibus
1639 4998 1737 5049 rictum
1758 5014 1850 5050 neces·

1062 5086 1157 5136 sarium
1170 5086 1217 5137 sibi
1234 5088 1394 5152 querebant,
1414 5087 1538 5153 praecipue
1552 5102 1625 5159 vero,
1641 5087 1684 5153 qui
1705 5102 1750 5152 pro
1761 5088 1847 5153 paui·

231 5190 308 5243 μενον
325 5169 396 5247 βίους
409 5172 523 5248 γέλωτος
543 5168 575 5228 διν
599 5168 669 5239 ἄξιον
693 5171 802 5250 φανείη,
824 5171 880 5236 τοῖς
903 5169 930 5227 δὲ
944 5169 1004 5230 τότε
1059 5175 1142 5226 monio
1156 5181 1291 5240 paupertas
1313 5176 1395 5227 fuerat
1417 5176 1516 5238 relicta,
1535 5177 1612 5228 nimia
1635 5180 1662 5228 ct
1676 5177 1759 5242 gravis
1788 5180 1848 5227 erat

214 5254 376 5337 ’ἀνθρώποις
395 5260 547 5338 αὐτουργοῖς
560 5247 618 5316 odon
632 5257 677 5315 καί
690 5258 755 5337 πρὸς
769 5255 837 5317 αύτά
854 5259 1002 5337 τάναγκαῖα
1058 5263 1110 5315 duc
1121 5263 1216 5315 assium
1229 5264 1316 5316 millia.
1333 5268 1367 5317 As
1383 5268 1467 5318 autem
1480 5270 1541 5318 tunc
1551 5280 1671 5319 nummus
1683 5270 1737 5318 crat
1750 5280 1847 5319 aereus·
