4034 5922
306 373 345 434 38

308 506 356 584 ἅμ’
370 508 398 564 ού
413 506 499 586 πολλῇ
516 507 653 585 ἀποσκευῇ
676 506 847 586 βαρυνόμενοι
861 508 894 566 δι’
911 507 1002 587 ὀλίγου
1020 530 1086 568 κατ-

307 596 426 674 ήχθησαν
455 596 490 662 εἰς
515 593 655 668 Σικελίαν,
678 595 724 653 καὶ
747 594 855 674 ᾤκησαν
881 597 944 676 περὶ
965 597 1086 677 ποταμὸν

307 684 467 760 καλούμενον
497 683 627 763 Κριμισὸν
654 685 735 765 ἰνγῇ
760 687 898 760 Σικανῶν,
912 686 976 767 πρδς
998 688 1086 769 ριλίαν

826 375 997 437 DlOb'YSll
1019 377 1399 443 flantcnnunssun‘sts

1139 520 1188 582 cti,
1214 521 1286 573 simul
1309 524 1385 576 etiam
1413 539 1462 576 non
1486 527 1571 578 multls
1598 528 1781 592 impedimentis
1805 533 1920 597 ριετυθ,

1140 612 1209 663 brevi
1234 614 1258 664 in
1282 615 1390 668 Siciliam
1415 621 1590 681 pervenerant,
1608 623 1634 670 et
1652 620 1719 670 circa
1737 621 1838 673 drinium
1860 625 1919 675 cri·

1138 702 1229 756 misum
1245 706 1317 757 sedes
1341 711 1473 772 posuerant
1489 709 1514 760 in
1531 723 1591 775 agro
1612 710 1801 774 sterneremus
1821 714 1916 776 quibus

307 773 431 838 λαθόντες
452 775 516 851 παρ’
539 774 625 830 αὐτῶν
647 772 678 831 τὸ
702 772 799 853 χοιρίον
819 772 861 831 int
889 772 938 846 τὴν
960 775 1086 854 Αἰγέστου
1139 797 1191 863 agri
1204 802 1303 863 partam
1323 802 1402 852 amice
1426 807 1581 867 acceperant,
1605 810 1705 869 propter
1724 807 1920 873 AEgesticogna·

306 860 469 939 συγγένειαν,
484 859 623 941 γινομένου
649 883 678 919 τε
700 861 745 919 καί
767 862 909 942 τραφέντος
928 863 955 921 έν
975 863 1085 944 Σικελία

306 948 376 1009 κατὰ
397 950 498 1007 τοιόνδε
519 971 546 1007 τι
564 949 656 1015 ποίθος.
700 951 762 1011 Τῶν
787 948 920 1030 προγόνων
947 952 1025 1010 αὐτοῦ
1048 976 1085 1018 τις

307 1039 373 1118 ἀνὴρ
385 1039 513 1116 ἐπιφανὴς
536 1040 566 1096 ἐκ
595 1044 641 1098 τοῖι
658 1042 781 1120 Τρωϊκοῦ
804 1039 892 1117 γένους
912 1039 947 1097 ὧν
976 1041 1085 1117 Λαομέ-

305 1131 375 1189 δοντι
401 1128 522 1208 διάφορος
542 1128 658 1203 γίνεται,
682 1128 728 1186 καὶ
750 1128 829 1187 αὐτὸν
854 1133 868 1186 ὁ
895 1128 1016 1206 βασιλεὺς
1041 1132 1084 1188 ἐπ’

306 1215 378 1294 αἰτίᾳ
393 1214 425 1286 δή
440 1238 491 1274 τινι
506 1215 596 1275 λαύὼν
611 1215 706 1275 κτείνει
720 1217 765 1275 καὶ
782 1215 855 1293 γένος
870 1219 947 1277 αὐτοῦ
962 1218 992 1276 τὸ
1007 1218 1083 1299 ἄρρεν

305 1304 395 1380 ἅπαν,
416 1304 466 1362 ὑπὸ
488 1305 560 1370 δέους
582 1304 620 1381 μή
641 1328 667 1362 τι
685 1304 750 1381 πρὸς
773 1308 860 1365 αὐτῶν
875 1306 963 1385 πύθη·
985 1306 1033 1375 τδις
1055 1307 1083 1366 δέ

304 1393 449 1471 θυγατέρας
464 1391 608 1472 παρθένους
630 1391 666 1450 έτί
686 1389 764 1460 οὔσας
783 1394 938 1453 ἀποκτεῖναι
965 1395 1013 1474 μέν
1035 1397 1083 1454 οὐκ

304 1479 431 1561 εὐπρεπὲς
454 1479 575 1557 ίνόμισι,
591 1481 684 1559 Τρωσὶ
710 1480 737 1540 δὲ
763 1481 934 1549 συνοικούσας
956 1486 1082 1563 περιιδεῖν

304 1571 352 1629 οὐκ
374 1567 504 1650 οἰσραλίς,
525 1570 616 1633 δίδωσι
640 1570 664 1628 δ’
684 1570 765 1638 αθτίις
786 1571 909 1649 ἐμπόροις
922 1572 958 1637 ὡς
976 1594 1081 1652 προσοι-

302 1659 374 1717 τᾶτω
386 1657 512 1720 κελεύσας
536 1658 658 1734 ἀπάγειν.
702 1657 822 1725 Ταύταις
846 1658 984 1728 ἀπιούσαις
1006 1659 1082 1719 συνέ-

262 1768 275 1806 σ
302 1747 362 1804 πλει
380 1745 515 1826 μειράκιόν
535 1770 562 1806 τι
586 1752 638 1807 τῶν
660 1749 793 1829 ἐπιφανῶν
811 1747 988 1828 κρατούμενον
1005 1749 1082 1829 ἔρωτι

303 1838 349 1904 τῆς
375 1834 477 1915 ἑτέρας,
493 1836 539 1892 καὶ
562 1843 644 1913 γαμεῖ
665 1835 714 1906 τὴν
734 1834 878 1908 παιδίσκην
899 1837 1023 1916 ἀχθεῖσαν
1047 1841 1083 1903 εἰς

302 1922 439 1997 Σικελίαν,
459 1924 505 1982 καί
520 1923 619 2003 γίνεται
633 1924 720 1990 αὐτοῖς
734 1928 797 1990 παῖς
812 1926 838 1983 ἐν
849 1925 968 1992 Σικελοῖς
981 1926 1083 2005 διατρί·

303 2012 391 2071 ύουσιν
400 2012 528 2091 Αἴγεστος
541 2010 637 2087 ὄνομα·
649 2011 675 2078 l<
681 2011 732 2083 ἤθη
739 2012 783 2070 καί
791 2014 914 2090 γλῶσσαν
921 2017 974 2071 τῶν
984 2015 1083 2095 ἐπιχω-

303 2100 365 2180 ρίων
381 2099 519 2176 ἐκμαθὼν,
534 2099 625 2170 ἐπειδὴ
648 2100 707 2167 τοὺς
727 2108 810 2178 γονεῖς
833 2104 905 2181 αὐτῷ
928 2104 1083 2175 τελευτῆσαι

208 2215 210 2219 ’
247 2204 253 2219 “
302 2188 411 2262 συνέόη,
432 2188 613 2266 βασιλεύοντος
623 2190 649 2247 ἰν
660 2188 745 2268 Τροίᾳ
755 2189 881 2268 Πριάμου
891 2189 999 2248 κάθοδον
1011 2192 1083 2272 αύτῷ

303 2279 410 2349 δοθῆναι
423 2276 629 2356 διαπράττεται,
640 2277 685 2337 καί
699 2276 880 2355 συνδιενέγκας
899 2278 944 2336 τὸν
959 2280 1022 2358 πρὸς
1036 2281 1081 2340 Ἀ-

300 2365 390 2445 χαιούς
401 2367 515 2442 πόλεμον
528 2365 704 2444 ἁλισκομένης
713 2370 760 2438 τῆς
769 2366 870 2433 πόλεως
880 2366 992 2425 ἀπέπλει
1003 2368 1083 2429 πόλιν

301 2458 337 2523 είς
350 2454 487 2527 Σικελίαν,
504 2454 550 2512 σὺν
566 2453 676 2536 Ἐλύμῳ
685 2455 863 2531 ποιησάμενος
878 2455 926 2527 τὴν
948 2455 1033 2535 ρυγλν
1054 2459 1081 2515 έν

299 2542 370 2621 τρισί
379 2550 482 2615 ναυσὶν,
492 2543 522 2609 ir
530 2540 662 2624 Ἀχιλλεύς
676 2543 756 2622 ἔχων,
765 2542 808 2602 ὅτε
818 2542 863 2609 τδς
875 2544 1003 2622 Τρωάδας
1012 2546 1083 2616 ilui-

247 2656 274 2692 σε
301 2636 357 2702 ζετο
370 2632 468 2705 πολεις,
486 2630 596 2711 ἕρμασιν
612 2632 717 2709 ύροίλοις
731 2630 922 2711 περιπεσούσας
937 2632 1081 2696 ἀπέύαλεν.

305 2719 444 2798 Ἐντυχὼν
464 2720 495 2791 δὴ
512 2720 566 2787 τοῖς
581 2720 727 2798 εἰρημένοις
745 2721 871 2800 ἀνδράσιν
886 2721 992 2786 Αἰνείας
1006 2723 1082 2800 ’ριλο-

304 2808 438 2890 ρρονεῖταί
457 2811 482 2867 τ’
503 2808 596 2874 αὐτοὺς
611 2808 657 2867 καί
686 2810 911 2878 κατασκευάζεται
930 2812 1017 2877 αὐτοῖς
1031 2811 1082 2871 πό-

299 2898 368 2973 λεις,
398 2896 529 2974 Αἴγεσταν
556 2898 601 2956 καί
629 2892 741 2974 Ἔλυμα
764 2895 809 2956 καί
835 2920 894 2955 τινα
918 2897 962 2955 καὶ
988 2906 1082 2978 μοῖραν

299 2988 346 3056 τῆς
363 2989 455 3045 ἑαυτοῦ
476 2992 602 3066 στρατιᾶς
623 2987 650 3043 ἓν
673 2995 727 3054 τοῖς
749 2987 912 3062 πολίσμασιν
939 2988 1080 3047 ὑπολείπε-

246 3092 272 3131 ευ
299 3098 360 3146 ται,
382 3077 417 3141 ὡς
440 3073 488 3151 μέν
510 3072 562 3151 ἐγὼ
587 3074 685 3142 εἰκιίζω
702 3073 795 3151 γνώμη
818 3075 928 3153 ἑκουσίῳ
943 3076 1081 3154 χρησόμε-

299 3187 352 3235 νος,
375 3160 418 3219 ἵνα
444 3163 500 3229 τοῖς
518 3162 570 3221 bnis
591 3163 720 3238 aspaltum
743 3162 963 3241 βαρυνομένοιςῆ
992 3163 1079 3232 ἄλλως

1138 890 1244 953 tionem,
1267 894 1311 956 qut
1330 891 1475 944 huiusmodi
1492 895 1598 958 quodam
1611 908 1671 946 casu
1692 896 1716 946 in
1745 898 1827 949 Sicilia
1845 904 1921 951 natus

1138 987 1164 1036 et
1178 985 1298 1036 educatus
1317 986 1399 1037 luerat
1413 987 1532 1050 :quidam
1547 987 1579 1037 de
1597 988 1662 1039 illius
1682 990 1818 1042 maioribus
1836 992 1873 1041 nir
1886 993 1919 1042 it·

1137 1074 1231 1138 lustris,
1245 1089 1334 1139 genere
1347 1077 1482 1138 Troianus,
1500 1079 1525 1133 in
1539 1079 1711 1130 Laumedontis
1725 1081 1809 1131 odium
1822 1083 1919 1141 incidit,

1138 1180 1245 1230 eumque
1270 1181 1314 1217 rex
1335 1167 1417 1219 nescio
1435 1182 1485 1234 qua
1498 1169 1530 1220 de
1546 1182 1621 1220 caum
1639 1174 1780 1235 correptum
1795 1170 1922 1223 interfecit

1137 1272 1193 1309 cum
1215 1259 1331 1310 universa
1356 1260 1433 1325 ipsius
1457 1262 1566 1311 mascula
1584 1263 1711 1327 progenie,
1729 1277 1781 1328 prae
1798 1269 1867 1315 metu
1888 1279 1920 1316 ne

1137 1351 1198 1414 quid
1220 1351 1279 1402 mali
1297 1351 1329 1402 ab
1345 1353 1406 1416 ipsis
1422 1355 1566 1417 acciperet:
1592 1353 1658 1404 filias
1679 1367 1747 1413 vero,
1764 1370 1819 1418 qum
1833 1356 1918 1407 adhuc

1136 1446 1206 1494 erant
1222 1444 1336 1507 virgines,
1353 1445 1465 1496 occidere
1481 1445 1623 1496 indecorum
1644 1448 1754 1510 putavitr
1769 1448 1819 1509 pati
1834 1450 1920 1499 autem

1136 1546 1178 1584 eas
1200 1548 1257 1585 cum
1273 1534 1384 1586 Troianis
1399 1535 1556 1586 matrimonio
1574 1535 1689 1600 coniungi
1711 1536 1811 1587 minime
1823 1540 1918 1590 tutum.

1136 1623 1189 1675 tore
1202 1624 1329 1677 iudicarit.
1362 1627 1449 1689 ltaque
1459 1625 1526 1691 ipsas
1542 1626 1610 1677 dedit
1623 1627 1810 1686 mercatoribus,
1826 1626 1921 1691 quibus

1136 1716 1267 1781 imperarit
1292 1720 1321 1767 ut
1349 1729 1392 1768 eas
1417 1717 1441 1765 in
1463 1717 1639 1768 remotissimas
1670 1717 1782 1782 regiones
1807 1718 1917 1769 abduce-

1137 1821 1201 1858 rem.
1235 1810 1298 1858 cum
1318 1808 1357 1858 liis
1373 1807 1524 1859 abeuntibus
1548 1807 1636 1857 nobilis
1655 1808 1756 1872 quidam
1771 1807 1916 1859 adolescens

1136 1899 1275 1962 navigavit,
1294 1899 1395 1949 alterius
1419 1899 1506 1964 puottaa
1527 1912 1612 1949 amore
1638 1902 1739 1963 captus,
1760 1899 1918 1962 puellamque

1136 1991 1161 2040 iu
1179 1990 1287 2040 siciliam
1308 1990 1417 2040 delatam
1435 1990 1507 2041 duxit
1527 2003 1629 2040 uxorem
1649 2008 1655 2038 ι
1673 1993 1699 2040 et
1718 1988 1778 2039 dum
1799 1990 1862 2040 inter
1878 1990 1917 2040 Si·

1136 2085 1205 2135 culos
1226 2087 1333 2149 degunt,
1356 2089 1429 2134 natus
1453 2089 1490 2135 cst
1513 2084 1549 2135 eis
1574 2084 1651 2144 tilius,
1670 2084 1769 2134 nomine
1793 2085 1908 2149 AEgestrm

1137 2175 1186 2234 Qui
1210 2188 1268 2226 cum
1286 2186 1369 2224 mores
1392 2178 1418 2224 et
1442 2174 1549 2239 linguam
1575 2172 1744 2237 indigenarum
1771 2171 1914 2226 didicisset.

1136 2270 1193 2332 post
1214 2271 1342 2332 parentum
1364 2269 1483 2327 mortem,
1501 2279 1552 2330 qrro
1573 2267 1686 2328 tempore
1707 2265 1819 2314 Priamus
1838 2263 1918 2313 Troiae

1137 2358 1270 2423 regnabat,
1297 2357 1331 2408 ub
1363 2370 1393 2407 eo
1423 2356 1530 2407 reditum
1563 2359 1593 2407 ι“ιι
1616 2358 1740 2420 patriam
1767 2354 1916 2418 impetrarit.

1136 2450 1250 2512 cumque
1262 2447 1357 2499 beilum
1373 2451 1461 2496 contra
1473 2447 1575 2498 Grecos
1585 2448 1683 2509 gutum
1701 2444 1842 2503 tolerasset,
1854 2442 1918 2493 urbe

1136 2541 1208 2601 capta
1233 2536 1258 2586 in
1282 2535 1389 2585 Siciliam
1413 2534 1487 2585 rediit
1503 2548 1552 2585 nna
1567 2547 1624 2585 cum
1644 2532 1838 2596 etymologiam
1858 2544 1917 2581 oum

1136 2625 1216 2676 tribus
1227 2624 1349 2685 naribus,
1369 2637 1432 2687 quas
1448 2620 1554 2673 Achilles
1572 2636 1629 2672 oum
1652 2621 1768 2672 Tmianas
1785 2621 1862 2671 urbes
1876 2632 1917 2682 po

1137 2714 1263 2777 pularetur
1275 2712 1384 2775 scopulis
1400 2713 1424 2761 in
1437 2710 1498 2778 mari
1507 2710 1641 2762 latentibus
1656 2712 1777 2759 inserentes
1789 2707 1917 2757 amiserat.

1137 2802 1224 2850 AEneas
1235 2799 1311 2862 igitur
1327 2800 1352 2849 in
1368 2798 1414 2848 bos
1428 2797 1496 2848 vims
1508 2812 1524 2848 a
1538 2811 1579 2848 me
1589 2796 1728 2847 nominatos
1747 2795 1856 2845 incidens
1872 2810 1918 2845 co·

1136 2889 1210 2940 miter
1223 2902 1266 2939 eos
1289 2889 1401 2952 excepit,
1423 2892 1449 2938 ei
1462 2887 1536 2937 urbes
1560 2887 1597 2936 eis
1615 2885 1725 2935 condidit
1742 2887 1866 2947 AEgcsbm
1889 2889 1917 2935 ct

1136 2978 1220 3041 Elyma
1236 2977 1391 3041 :quinetiam
1412 2976 1537 3039 quandam
1557 2987 1660 3024 suarum
1679 2973 1805 3036 copiarum
1821 2977 1918 3037 partem

1136 3068 1161 3117 in
1176 3066 1216 3117 his
1236 3065 1340 3116 urbibus
1365 3064 1472 3129 reliquit.
1506 3064 1586 3124 Quod,
1599 3067 1627 3113 ut
1645 3076 1690 3127 ego
1705 3061 1812 3116 conicio,
1829 3063 1919 3125 sponte

1137 3155 1202 3212 tecit,
1210 3158 1239 3205 ut
1250 3153 1347 3218 illisqui
1357 3152 1482 3214 laboribus
1495 3155 1664 3216 gravarentur,
1675 3151 1714 3201 vel
1723 3151 1772 3200 alia
1783 3150 1815 3200 de
1825 3164 1916 3200 caussa

299 3250 417 3330 θαλάττῃ
450 3250 604 3330 ἀχθομένης,
636 3250 797 3316 ἀναπαύσας
820 3249 931 3328 prmo
956 3253 1082 3332 ἀσφαλεῖς
1140 3241 1269 3292 ιυτιὶθυιεο
1283 3240 1444 3304 navigationis
1466 3240 1589 3290 molestias
1609 3238 1692 3302 iniquo
1710 3239 1792 3287 animo
1808 3239 1916 3301 terrent,

299 3340 345 3397 καὶ
368 3339 537 3419 καταγωγαί,
561 3343 596 3406 ὡς
616 3338 645 3399 δέ
666 3363 733 3407 τινες
746 3338 874 3421 γρέρουσι
887 3346 933 3398 τοῦ
959 3347 1082 3401 ναυτικοῦ
1136 3333 1200 3381 Μί
1213 3329 1355 3396 (iniisoefldi
1374 3327 1443 3378 ¹⁰⁰¹¹⁸
1455 3331 1564 3392 ¹1¹1aeillle
1586 3326 1666 3377 ⁸⁰d05·
1699 3325 1758 3387 &dr
1773 3330 1802 3375 ¹¹¹
1813 3326 1916 3389 quidam

300 3425 453 3500 μειωθέντος
483 3428 554 3507 αύτῷ
583 3425 626 3484 erl
662 3427 709 3496 τὴν
747 3426 895 3506 ἔμπρησιν,
928 3427 960 3500 ην
990 3429 1082 3500 ἐποιή-

245 3531 271 3570 εε
300 3538 380 3575 σαντο
391 3519 443 3574 τῶν
458 3520 588 3592 γυναικῶν
604 3538 673 3582 τινες
689 3515 832 3594 ἀχθόμεναι
860 3519 893 3594 τῇ
921 3515 1020 3596 πλοίνη,
1037 3517 1082 3576 τὸν

298 3603 385 3664 ούκίτι
407 3603 550 3683 δυνάμενον
570 3604 698 3681 συμπλεῖν
710 3604 788 3684 όχλον
803 3606 833 3664 ἐκ
849 3606 901 3662 τῶν
917 3626 1083 3663 κατακεκαυ-

298 3693 383 3772 μένων
398 3696 463 3752 νεῶν
479 3692 580 3774 ἀνάγκη
593 3691 756 3753 καταλιπών.

336 3783 415 3844 Llll.
432 3781 572 3862 Τεκμήρια
585 3780 612 3840 δί
625 3784 672 3853 τῆς
687 3783 723 3846 εἰς
737 3778 971 3847 ΣικελοθςΑἰνείου
993 3780 1080 3840 τεκαὶ

1136 3419 1257 3479 scribunt,
1279 3415 1329 3467 boc
1341 3418 1405 3481 secli
1421 3419 1454 3467 ob
1472 3417 1559 3467 classis
1578 3417 1759 3477 detruncatum,
1772 3416 1839 3479 quod
1859 3430 1915 3465 mu·

1135 3508 1206 3558 liores
1218 3506 1334 3572 qaudam
1355 3509 1454 3570 propter
1474 3518 1586 3555 errorum
1607 3504 1708 3554 taedium
1730 3518 1806 3553 nares
1821 3502 1917 3567 aliquot

1133 3596 1325 3647 incendissent:
1349 3607 1425 3657 quare
1444 3593 1544 3644 turbam
1563 3606 1594 3643 ex
1614 3592 1720 3643 incensis
1740 3593 1844 3641 navibus
1857 3605 1915 3642 cum

1135 3684 1249 3748 navigare
1258 3697 1307 3734 nou
1317 3686 1416 3746 posset,
1430 3680 1576 3731 necessitate
1592 3685 1692 3730 coactus
1704 3679 1748 3730 iric
1760 3680 1866 3743 reliquit.

1165 3792 1230 3844 Llli.
1256 3795 1318 3843 Sunt
1338 3794 1421 3842 autem
1437 3794 1463 3841 et
1483 3789 1561 3840 multa
1580 3788 1628 3839 alia
1649 3790 1732 3839 AEnere
1754 3793 1779 3839 et
1800 3790 1914 3841 Troiano·

297 3871 398 3951 Ti‘f'wl'
414 3872 524 3953 ἅίίίῑωί
536 3867 624 3930 πολλὰ
644 3870 691 3946 l·dv
705 3870 752 3929 καὶ
766 3871 850 3946 ἄλλαι
866 3870 1080 3949 πέθῑθανὲσταία
1135 3917 1190 3952 rum
1210 3902 1240 3952 ad
1257 3900 1351 3951 Siculos
1371 3897 1491 3950 adventus
1505 3899 1593 3948 iudicia
1611 3913 1617 3948 :
1633 3897 1827 3948 manifestissima
1839 3911 1912 3949 veno.

242 3981 271 4020 ευ
300 3958 328 4018 δὲ
351 3965 398 4031 τῆς
412 3961 547 4026 Αἰνειάδος
561 3956 711 4039 Ἀρροδέτης
731 3955 845 4037 teupi<
869 3957 912 4015 ἰπί
926 3961 960 4036 τῇ
978 3961 1079 4037 κορυρῇ

300 4053 346 4107 τοῦ
370 4047 488 4124 Ἐλύμου
503 4047 637 4129 ἱδρυμένος
661 4046 706 4104 καὶ
724 4046 792 4123 ἱερὸν
808 4046 913 4105 Αἰνείου
940 4045 1079 4123 ἰδρυμένον

299 4136 325 4193 έν
341 4136 473 4215 Αἰγέστῃ·
491 4135 598 4212 τὸνμὲν
615 4139 697 4194 αὐτοῦ
712 4133 958 4198 κατασκευάσαντος
973 4134 1078 4194 Αἰνείου

1135 4012 1237 4063 veneris
1260 4010 1375 4063 AEneadis
1399 4024 1442 4061 ara
1472 4010 1496 4058 in
1526 4007 1604 4071 Elymi
1628 4008 1720 4058 vertice
1743 4006 1861 4064 tundata,
1890 4013 1914 4059 et

1132 4098 1216 4171 ¹AEneae
1240 4119 1360 4184 [emplum
1379 4119 1485 4181 Egesta
1502 4115 1636 4167 eonditum.
1668 4116 1748 4179 Atque
1768 4127 1836 4163 anam
1856 4114 1914 4177 quii·

298 4227 330 4302 τῇ
344 4222 425 4304 μητρί
434 4266 445 4301 ,
455 4224 484 4282 τὸ
496 4226 518 4281 θ’
531 4227 599 4302 ἱερὸν
610 4228 662 4284 τῶν
674 4222 880 4305 ὑπολειφθέντων
889 4220 941 4280 alab
955 4226 1002 4283 τοῦ
1014 4223 1077 4281 στό·
1132 4234 1187 4284 dem
1208 4236 1296 4283 AEneas
1311 4231 1384 4282 malni
1404 4231 1497 4289 erexit,
1514 4226 1631 4291 templum
1649 4238 1710 4276 uero
1725 4225 1769 4289 qui
1782 4238 1814 4275 ex
1836 4226 1914 4275 classe

298 4315 392 4393 λουῗῇ
419 4312 512 4393 imiimi
533 4321 578 4374 τοῦ
604 4314 737 4381 σώσαντος
759 4319 826 4392 σφᾶς
853 4310 976 4386 ἀνάθημα
997 4333 1078 4382 ποθί·
1102 4319 1107 4403 ἰ
1132 4347 1204 4393 eraut
1234 4340 1312 4391 relicti
1341 4341 1366 4389 in
1394 4336 1529 4388 servatoris
1559 4336 1598 4385 sui
1625 4335 1769 4385 memorium
1798 4333 1913 4385 condida·

242 4429 268 4468 ta
298 4401 430 4480 σαμένων.
473 4400 513 4462 Τδ
540 4401 587 4479 μὲν
617 4404 650 4472 δὴ
676 4401 722 4462 σὺν
746 4399 857 4480 Ἰἰλύυῳ
883 4398 928 4459 καί
956 4398 1078 4478 Αἰγέστῳ

297 4491 418 4572 Τρωικὸν
439 4493 465 4550 ἰν
478 4489 578 4557 τούτοις
597 4491 735 4566 κατέμεινε
752 4497 805 4556 τοῖς
825 4487 948 4569 χωρίοις,
969 4487 1016 4546 καὶ
1028 4488 1077 4546 διε·

297 4582 405 4640 τέλεσαν
436 4580 553 4657 Ἔλυμοι
579 4579 744 4655 καλούμενοι·
787 4578 897 4657 πρόσθεν
927 4575 978 4656 γὰρ
1008 4575 1077 4635 κατδι

297 4670 345 4741 τὴν
362 4671 469 4738 ἀξίωσιν
481 4664 611 4745 Ἔλυμος
636 4667 689 4726 ἀπὸ
707 4673 753 4726 τοῦ
767 4669 905 4745 βασιλικοῦ
922 4667 1011 4741 γένους
1026 4662 1074 4736 ῶν,

299 4757 344 4839 ἄρ’
359 4750 389 4817 ού
404 4759 452 4832 τλν
470 4762 564 4829 κλῆσιν
577 4757 602 4817 οἰ
617 4754 767 4832 σύμπαντες
781 4755 885 4815 έλαύον.
928 4758 963 4815 0t
982 4754 1009 4813 δέ
1028 4753 1075 4811 σὺν

243 4872 271 4909 uo
296 4850 335 4926 τῷ
347 4848 438 4928 Αἰνεία
456 4849 580 4915 πλέοντες
599 4844 652 4904 ini
664 4843 788 4912 Σικελίας
815 4844 859 4904 διὰ
879 4849 924 4903 τοῦ
942 4845 1074 4922 Τυρρηνι-

298 4939 346 4992 κοῦ
368 4935 500 5011 πελάγους
522 4937 628 5013 πρῶτον
647 4929 695 5010 μέν
710 4931 864 5011 ὡρμίσαντο
888 4935 934 5002 τῆς
959 4928 1076 4997 Ἰταλίας

298 5020 367 5080 κατὰ
389 5023 484 5081 λιμένα
504 5023 548 5081 τὸν
575 5019 753 5100 Παλίνουρον,
776 5019 804 5088 θς
825 5023 869 5101 ἀφ’
888 5020 943 5086 ἑνὸς
961 5021 1013 5076 τῶν
1027 5019 1075 5078 Αἰ-

298 5111 369 5171 νείου
384 5110 550 5189 κυόερνητῶν
570 5108 774 5181 τελευτήσαντος
797 5110 886 5169 αύτόθι
908 5106 1006 5178 ταύτης
1029 5129 1076 5164 τυ-

295 5202 354 5282 χεῖν
373 5200 480 5277 λέγεται
509 5204 555 5272 τῆς
578 5197 731 5277 ὀνομασίας.
773 5194 889 5259 Ἔπειτα
902 5197 975 5277 νήσῳ
990 5217 1074 5276 προσ-

1131 4454 1202 4511 nml,
1226 4450 1298 4512 eique
1321 4448 1441 4498 dicarunt.
1483 4444 1581 4496 Troiani
1601 4443 1674 4505 igitur
1690 4440 1804 4505 quicum
1827 4440 1912 4502 Elyma

1131 4568 1155 4613 et
1167 4565 1265 4627 AEpesto
1284 4562 1437 4626 pmtugenaut
1457 4559 1483 4609 in
1495 4558 1534 4608 bis
1550 4556 1611 4607 locis
1629 4558 1798 4606 remanserunt
1808 4593 1814 4614 ,
1825 4557 1851 4603 ct
1869 4551 1911 4602 de·

1132 4673 1188 4721 trino
1206 4670 1283 4734 Elymi
1305 4673 1363 4720 sunt
1381 4669 1503 4733 appellati.
1534 4666 1637 4730 Elymus
1653 4665 1718 4716 euim
1736 4663 1802 4727 quod
1824 4675 1911 4725 genere

1131 4780 1280 4845 regionales
1300 4779 1354 4829 erat
1372 4775 1488 4839 dignitate
1501 4774 1652 4840 praestabit,
1666 4777 1693 4822 et
1709 4771 1741 4821 ab
1759 4783 1789 4820 eo
1801 4768 1911 4821 universi

1132 4899 1218 4936 nomen
1234 4884 1391 4947 accurrerunt.
1427 4879 1550 4937 Quinem
1573 4891 1629 4927 cum
1655 4878 1731 4925 AEuea
1750 4872 1912 4937 navigabant,

1131 5004 1162 5040 ex
1174 4989 1254 5039 Sicilia
1268 5000 1314 5053 per
1330 4998 1398 5034 mare
1420 4981 1574 5046 Tyrrhenum
1591 4979 1706 5043 proiecti,
1726 4978 1833 5043 primurn
1852 4978 1911 5042 qut-

1132 5093 1188 5144 dem
1216 5093 1362 5158 appulorum
1387 5089 1420 5139 ad
1445 5088 1521 5140 ltaliae
1539 5090 1637 5151 portum
1661 5087 1816 5143 Patinumm,
1833 5084 1877 5147 qui
1897 5098 1913 5136 tt

1131 5198 1238 5263 quodam
1251 5199 1333 5247 AEnnre
1347 5195 1507 5260 gribematore
1518 5191 1551 5241 ibi
1567 5190 1682 5241 dclunrto
1695 5204 1784 5240 nornen
1805 5190 1854 5240 boc
1865 5202 1912 5239 ac·
1997 5248 1998 5255 γ
