4068 5924
270 440 329 499 titi

269 571 350 653 ᾤοντο
366 570 418 628 δεῖν
436 568 623 645 ἀποδειχθῆναι
637 562 681 622 τδν
696 557 916 640 ἐπιτροπεύσοντα
932 557 981 628 τὴν
994 556 1043 616 πό-

269 661 325 732 λιν,
346 662 370 717 οἱ
386 656 408 714 δ’
425 659 454 716 ἐκ
472 657 524 712 τῶν
538 653 645 731 ὕστερον
669 646 894 727 ἐπεισαχθέντων,
918 644 962 712 οὓς
980 669 1043 703 νεω-

269 748 356 827 τέρους
368 744 487 803 ἐκάλουν.

310 834 411 894 LVill.
434 828 598 905 Ἕλκομένης
612 824 633 883 δ’
653 822 697 882 ἐπὶ
710 821 777 881 πολὺ
799 826 846 894 τῆς
872 820 1044 901 φιλονεικίας,

230 951 243 990 s
269 923 439 986 τελευτῶντες
460 918 505 975 iri
526 914 611 996 τούτῳ
634 912 781 983 συνέδησαν
805 914 842 990 τῷ
858 910 962 991 δικαίῳ,
979 910 1046 968 ὥστε

270 1010 340 1071 diois
352 1008 475 1086 θάτερον,
499 1004 517 1076 ἢ
539 1002 598 1070 τοὺς
621 999 810 1083 πρεσόυτέρους
828 998 968 1075 βουλευτάς
983 1001 1048 1057 ἀπο·

272 1102 350 1168 δεῖξαι
373 1093 483 1176 βασιλέα
512 1095 584 1174 σφῶν
606 1089 652 1166 μὲν
683 1090 768 1147 αὐτῶν
796 1087 914 1164 μηδένα,
946 1090 998 1145 τῶν
1023 1086 1045 1144 δ’

271 1188 357 1246 ἄλλων
376 1184 404 1243 δν
420 1182 450 1242 ἀν
470 1180 680 1252 ἐπιτηδειότατον
697 1167 763 1234 εἶναι
781 1174 941 1249 νομίσωσιν,
957 1173 975 1245 ἢ
990 1164 1049 1240 τοὺς

270 1274 410 1355 νεωτέρους
429 1271 508 1330 ταύτὸ
525 1274 633 1342 ποιῆσαι
653 1271 740 1325 τοῦτο.
796 1264 925 1345 Δέχονται
944 1261 991 1333 τὴν
1007 1259 1045 1319 αἱ·

220 1377 244 1414 10
273 1387 342 1451 ρεσιν
366 1366 390 1421 οἱ
415 1358 596 1442 πρεσόύτεροι,
621 1354 667 1415 καῖ
699 1353 775 1413 πόλλ’
796 1356 839 1412 ini
865 1356 937 1434 σρῶν
962 1354 1049 1410 αὐτῶν

274 1449 477 1530 βουλευσάμενοι
499 1444 558 1504 τάδ’
575 1445 704 1523 ἔγνωσαν·
731 1439 821 1511 ἐπειδὴ
834 1442 881 1509 τῆς
909 1437 1049 1515 ἡγεμονίας

272 1537 344 1597 αὐτοὶ
373 1534 441 1595 κατδι
466 1532 513 1599 τδις
537 1529 666 1601 συνθήκας
689 1526 880 1597 ἀπηλαύνοντο,
911 1524 978 1601 μηδὲ
998 1528 1051 1583 τῶν

273 1623 492 1685 έπεόουλευόντων
514 1620 605 1696 μηδενί
628 1620 779 1696 προσθεῖναι
801 1613 847 1678 τὴν
865 1615 963 1692 ἀρχὴν,
990 1614 1050 1670 ἀλλ’

274 1713 385 1773 ίπακτόν
400 1710 447 1769 τιν’
466 1710 558 1777 έξωθεν
575 1707 656 1784 ἄνδρα
675 1703 721 1763 καί
737 1704 799 1779 μηδ’
817 1703 951 1780 ὁποτέροις
971 1722 1051 1777 προσ·

223 1832 246 1867 ιε
275 1802 427 1877 θησόμενσιη
441 1803 477 1866 ὡς
490 1796 523 1857 διν
542 1796 648 1871 μάλιστ’
674 1790 816 1872 ἐξαιρεθείη
843 1789 873 1848 τὸ
899 1789 1048 1859 στασιάζον,

277 1890 419 1970 ἐξευρόντες
444 1884 580 1954 ἀποδεῖξαι
596 1881 717 1963 βασιλέα.
759 1882 853 1939 Ταῦτα
872 1877 1050 1958 βουλευσάμε·

276 2003 316 2039 νοι
333 1974 545 2058 προθχειρίσαντ’
562 1970 645 2051 ἄνδρα
671 1966 761 2043 γένους
782 1965 830 2042 μὲν
847 1971 892 2024 τοῦ
917 1963 1052 2037 Σαόίνων,

278 2065 334 2127 υἱδν
358 2064 386 2125 δέ
413 2061 564 2139 Πομπιλίου
590 2061 756 2134 Πόμπωνος,
785 2053 876 2130 ἀνδρὸς
900 2054 1053 2131 έπιρανοῧς,

277 2154 340 2215 κατ’
353 2153 437 2232 όνομα
451 2151 561 2229 Νόμαν·
578 2145 642 2228 [χρὴ
662 2146 689 2203 δὲ
704 2143 751 2215 τὴν
774 2141 894 2221 δευτέραν
918 2138 1053 2210 συλλαόὴν

224 2270 253 2310 ro
280 2245 441 2309 ἐκτείνοντας
460 2245 609 2321 βαρυτονεῖν
620 2234 641 2315 ’ψ
663 2232 768 2304 ἡλικίας
782 2254 811 2290 τε
829 2234 876 2300 τῆς
889 2228 1054 2309 φρονιμωτά-

278 2357 326 2403 της
340 2331 418 2390 ὄντα·
441 2323 708 2407 τετταρακονταετίας
730 2320 781 2399 γδρ
807 2323 837 2377 οὐ
860 2318 928 2378 πολὺ
947 2320 1054 2397 ἀπεῖχε·

278 2420 322 2480 καῖ
349 2418 451 2488 ἀξιώσει
473 2419 574 2497 μορφῆς
601 2409 747 2491 βασιλικόν.
790 2399 843 2467 Ἦν
868 2407 891 2468 δ’
915 2409 995 2465 αὐτοῦ
1009 2404 1055 2464 καί

278 2507 352 2573 κλέος
373 2506 495 2583 μέγιστον
521 2507 549 2561 ού
572 2500 646 2579 παρά
668 2498 795 2576 Κυρίταις
817 2496 908 2571 μόνον,
928 2493 997 2551 ἀλλά
1011 2492 1055 2550 καί

279 2595 351 2676 παρδι
375 2603 429 2661 τοῖς
447 2592 587 2671 περιοίκοις
602 2591 644 2649 ἐπὶ
669 2586 757 2666 σορίογ.
800 2583 849 2649 Ὡς
866 2583 894 2641 δέ
908 2582 979 2640 τοῦτ’
995 2580 1053 2640 έδοὲ

225 2708 252 2746 σε
281 2685 321 2754 ξεν
336 2684 438 2756 αὐτοῖς,
453 2681 612 2758 συγκαλοῦσι
630 2678 660 2736 τδ
673 2670 770 2743 πλῆθος
785 2677 820 2739 εῖς
837 2671 995 2743 ἐκκλησίαν,
1011 2670 1055 2729 καὶ

279 2769 419 2849 παρελθὼν
439 2768 466 2835 ii
488 2769 572 2825 αὐτῶν
597 2768 611 2822 δ
631 2763 689 2822 τότε
714 2758 901 2837 μεσοόασιλεῖις
917 2749 1001 2831 εἶπεν,
1018 2755 1057 2815 ότι

280 2862 354 2936 κοινῇ
370 2857 444 2925 δόξαν
468 2855 553 2913 ἅπασι
573 2861 626 2919 τοῖς
645 2850 796 2930 βουλευταῖς
818 2844 956 2927 βασιλικὴν
976 2868 1056 2904 κατα·

281 2947 428 3019 στήσασθαι
441 2941 592 3013 πολιτείαν,
610 2941 697 3017 κύριος
719 2935 831 3014 γεγονὼς
852 2932 928 2999 αὐτὸς
943 2930 1057 3010 διαγνιύ·

281 3058 346 3102 σεως
370 3034 415 3092 τοῦ
439 3027 660 3109 παραληψομένου
683 3024 731 3096 τὴν
756 3023 852 3104 ἀρχὴν,
875 3019 985 3101 βασιλέα
1011 3024 1058 3090 τῆς

228 3145 255 3183 te
282 3126 383 3188 πόλεως
398 3121 509 3200 αἱρεῖται
521 3118 614 3192 Νόμαν
630 3114 791 3192 Πομπίλιον.
836 3111 892 3172 Καὶ
903 3109 972 3186 μετδι
982 3115 1058 3169 τοῦτο

283 3209 448 3292 πρεσδευτδις
462 3205 605 3272 ’ἀποδείξας
634 3207 662 3261 ἐκ
682 3206 734 3262 τῶν
752 3199 897 3279 πατρικίων
920 3200 1059 3257 ἀπέστειλε

281 3299 340 3366 τούς
361 3295 596 3377 παραληψομένους
616 3291 660 3349 τδν
682 3289 751 3369 ἄνδρ’
773 3286 817 3347 ini
838 3287 886 3358 τὴν
908 3287 992 3367 ἀρχὴν
1008 3289 1058 3347 ἐνι-

283 3390 353 3467 αυτῷ
376 3386 455 3465 τρίτῳ
477 3388 522 3454 τῆς
544 3380 730 3452 ἑκκαιδεκάτης
745 3377 918 3454 ὀλυμπιάδος,
936 3376 969 3447 ἢν
984 3376 1057 3433 ένὶκα

284 3477 390 3535 στάδιον
409 3472 565 3551 Πυθαγόρας
580 3469 688 3530 Λάκων.

245 3584 272 3623 σε
324 3567 400 3627 le.
424 3563 512 3640 Μέχρι
527 3559 573 3637 μὲν
593 3558 633 3629 δὴ.
646 3556 743 3615 τούτων
767 3554 840 3613 οὐδὲν
856 3556 983 3612 ἀντειπεῖν
1003 3552 1058 3631 ἔχω

284 3654 349 3734 πρὸς
373 3652 430 3719 τοὺς
456 3648 631 3714 ἐκδεδωκότας
646 3644 692 3715 τὴν
716 3643 778 3723 περὶ
798 3641 843 3701 τδν
863 3640 945 3722 ἄνδρα
968 3645 1058 3700 τοῦτον

282 3744 410 3825 ἱστορίαν·
426 3743 453 3800 έν
473 3741 499 3798 δὲ
515 3743 568 3804 τοῖς
588 3736 646 3807 ἑξῆς
667 3735 757 3812 ἀπορῶ
779 3732 804 3791 τί
824 3753 887 3789 ποτε
901 3730 955 3810 χρὴ
967 3730 1060 3806 λέγειν.

287 3835 387 3895 Πολλοί
407 3832 454 3909 μὲν
470 3829 522 3909 γάρ
536 3828 671 3907 ἔγραψαν,
687 3822 728 3882 ὅτι
742 3821 897 3901 Πυθαγόρου
913 3819 1062 3896 μαθητὴςδ

287 3923 381 3997 Νόμας
402 3920 512 3997 ἐγένετο,
541 3915 587 3975 καῖ
607 3915 666 3972 καθ’
683 3909 710 3970 δν
732 3908 826 3989 χρόνον
852 3907 902 3964 ὑπὸ
928 3911 974 3977 τῆς
991 3906 1062 3965 Ῥω-

232 4027 258 4065 ro
291 4009 374 4085 μαίων
402 4008 502 4073 πόλεως
530 4004 673 4081 ἀπεδείχθη
703 3996 824 4078 βασιλεὺς
855 3996 1001 4075 ριλοσορῶν
1036 3998 1062 4053 ἐν

291 4097 411 4173 Κρότωνι
436 4092 575 4173 διέτριόεν.
619 4089 654 4150 Ὁ
677 4086 705 4146 δὲ
720 4084 812 4166 χρόνος
833 4087 881 4154 τῆς
907 4082 1062 4161 Πυθαγόρου

283 4182 393 4266 Ιἡλικίαις
409 4182 524 4259 μάχεται
547 4179 612 4258 πρὸς
635 4177 678 4237 τὸν
703 4176 790 4251 λόγον.
832 4172 873 4231 Οὐ
894 4168 945 4249 γάρ
969 4169 1065 4245 ὀλίγοις

284 4269 388 4345 Ιίτεσιν,
403 4267 471 4326 ἀλλά
485 4267 530 4324 καῖ
544 4267 668 4346 τέτταρσι
681 4269 782 4342 γενεαῖς
796 4260 869 4326 δλαις
888 4257 994 4338 ὕστερος
1008 4256 1065 4335 ἐγέ-

292 4381 352 4418 νετο
370 4356 527 4434 Πυθαγόρας
552 4353 643 4428 Νόμα,
670 4353 757 4416 ὡς’ῖκ
783 4351 836 4407 τῶν
858 4350 950 4405 κοινῶν
969 4366 1065 4422 παρει-

235 4464 262 4503 is
292 4448 415 4529 λήραμεν
429 4445 560 4521 ἱστοριῶν.
604 4440 640 4499 Ὁ
656 4437 767 4517 μὲνγὰρ
787 4435 832 4494 ἐπὶ
851 4440 896 4507 τῆς
912 4432 1066 4492 ἑκκαιδεκά-

292 4558 339 4607 της
358 4535 388 4592 ii
406 4529 517 4606 μπιάδος
539 4527 669 4603 μεσούσης
693 4525 741 4596 τλν
761 4522 905 4599 Ῥωμαίων
931 4520 1065 4600 βασιλείαν

293 4618 446 4700 παρελαδε,
474 4614 630 4695 Πυθαγόρας
656 4612 683 4671 δέ
716 4610 783 4688 μετδι
812 4612 859 4681 τὴν
888 4607 1066 4679 πεντηκοστὴν

287 4704 442 4783 ’ὀλυμπιάδα
473 4703 600 4786 διέτριύεν
631 4704 657 4760 έν
689 4699 802 4781 Ἰταλία.
855 4697 956 4760 Τούτου
981 4697 1004 4753 δ’
1028 4696 1067 4753 ἔτι

293 4798 380 4871 μεῖζον
403 4796 456 4874 ἔχω
476 4794 617 4874 τεκμήριον
641 4793 723 4849 εἰπεῖν
745 4788 811 4868 ὑπὲρ
830 4793 875 4847 τοῦ
899 4786 936 4863 μὴ
957 4807 1066 4864 συμρω·

237 4899 264 4937 oo
294 4884 419 4967 velvenis
432 4882 540 4963 χρόνους
553 4892 610 4949 ταῖς
631 4877 854 4960 παραδεδομέναις
873 4874 939 4953 ὑπὲρ
954 4877 999 4932 τοῦ
1014 4873 1066 4929 σἰν-

296 4972 354 5051 δρὸς
369 4971 510 5051 ἱστορίαις,
527 4971 566 5030 ότι
587 4972 647 5029 καθ’
668 4968 696 5027 δν
710 4964 802 5046 χρόνον
816 4968 831 5023 θ
851 4966 944 5039 Νόμας
964 4960 1008 5019 ἐπὶ
1019 4958 1067 5029 τὴν

287 5062 430 5148 ,βασιλείαν
447 5067 559 5126 έκαλεῖθ
574 5067 625 5125 ὓπδ
640 5064 797 5140 Ῥωμαίων,
823 5061 896 5120 οὔπω
910 5060 984 5125 πόλις
1003 5048 1035 5127 ἦν
1050 5059 1067 5126 ί,

290 5155 418 5242 ιΚρότων·
433 5154 555 5232 τέτταρσι
569 5153 620 5233 γάρ
635 5156 703 5217 ὅλοις
717 5150 823 5228 ὕστερον
845 5145 959 5217 ἔτεσινῆ
977 5145 1069 5219 Νόμαν

295 5243 372 5324 άρξαι
386 5240 528 5317 Ῥωμαίων
554 5242 694 5307 Μύσκελος
715 5232 797 5302 αὐτὴν
825 5234 937 5307 ἔκτισεν,
957 5231 1069 5308 ἐνιαυτῷ

787 426 955 493 DIONYSll
979 424 1358 490 liniresitrirssausls

1098 567 1137 617 elii
1151 581 1210 619 vero
1221 582 1251 618 er
1264 569 1294 618 iis
1310 568 1352 632 qni
1364 572 1451 632 postea
1466 569 1617 619 incenatum
1630 569 1746 633 adscripti
1764 569 1876 632 inererat,

1099 670 1161 719 quos
1174 671 1252 707 noros
1264 655 1426 721 appellebant.

1131 837 1215 887 LVIII.
1234 834 1281 887 Sed
1299 840 1356 900 post
1370 838 1467 902 longam
1484 838 1682 895 contentionem,
1699 836 1800 887 tendens
1815 852 1880 889 con-

1100 933 1168 982 venit
1179 933 1242 983 inter
1261 946 1305 985 eos
1316 933 1356 984 his
1371 933 1552 985 conditionibus
1567 951 1573 981 ι
1590 936 1617 982 ut
1629 931 1777 983 altemirnrn
1791 934 1882 998 tieret,

1103 1035 1132 1082 ui
1150 1035 1277 1086 ninrlrnm
1296 1035 1337 1085 νεΙ
1354 1037 1450 1085 veteres
1464 1037 1590 1086 senatores
1612 1044 1694 1095 regem
1716 1045 1763 1082 non
1784 1034 1816 1085 de
1835 1030 1884 1085 suo

1102 1130 1201 1193 quidem
1222 1145 1323 1183 numero
1344 1136 1470 1193 crement,
1497 1129 1541 1181 sed
1565 1143 1596 1180 ex
1619 1128 1748 1193 aliisquem
1769 1131 1884 1181 maxime

1104 1225 1217 1278 idoneum
1237 1226 1385 1287 iudicarent3
1399 1228 1439 1277 rel
1453 1225 1510 1275 nori
1528 1224 1578 1275 hoo
1592 1222 1660 1275 idern
1676 1216 1793 1274 lacerent.
1827 1226 1883 1275 Ve-

1103 1326 1170 1375 teres
1191 1327 1315 1375 senatores
1337 1322 1487 1374 creationem
1510 1323 1675 1386 aeceperunt,
1701 1322 1727 1370 et
1748 1324 1806 1383 post
1822 1320 1882 1370 lon·

1103 1435 1159 1485 gam
1174 1420 1374 1474 deliberationem
1396 1417 1629 1470 honestaverunt
1650 1416 1769 1482 :quando
1787 1417 1835 1481 ipsi
1851 1430 1887 1469 ex

1104 1513 1307 1563 molitionibnse
1318 1523 1393 1573 regno
1404 1513 1547 1560 arcerentur
1556 1547 1562 1569 ,
1572 1507 1632 1558 nulli
1641 1520 1728 1557 eorum
1741 1506 1786 1570 qui
1798 1507 1886 1570 irnpe-

1104 1607 1170 1657 rium
1193 1605 1347 1655 aillectarent
1370 1602 1396 1652 id
1420 1600 1639 1662 committendum,
1658 1597 1702 1648 sed
1721 1599 1888 1662 querendum

1105 1699 1211 1761 aliquem
1238 1699 1367 1747 externum
1397 1696 1423 1744 et
1445 1696 1589 1743 neutrarum
1615 1690 1723 1755 portium
1746 1691 1886 1753 fautorem,

1105 1791 1133 1839 ul
1146 1787 1194 1837 hoc
1213 1785 1368 1849 potissimum
1390 1781 1463 1832 modo
1477 1780 1556 1831 omnis
1576 1779 1704 1831 seditionis
1715 1780 1819 1829 materia
1832 1779 1887 1828 tol-

1104 1883 1198 1933 leretur·
1211 1900 1218 1929 ι
1230 1891 1337 1941 eumque
1353 1889 1435 1940 regem
1458 1873 1598 1924 meandum.
1632 1874 1719 1934 itaque
1739 1870 1787 1919 hoc
1810 1874 1889 1935 capto

1104 1974 1207 2025 oonsilio
1220 1985 1301 2035 regem
1322 1969 1481 2032 designarunt
1506 1966 1587 2015 virum
1605 1964 1732 2027 quendam
1750 1960 1888 2021 Sabinum,

1107 2068 1183 2117 filiurn
1210 2061 1322 2127 Pompilii
1345 2058 1492 2124 Pomponis,
1511 2057 1560 2106 riri
1581 2056 1698 2117 illustris,
1715 2053 1813 2105 nomine
1829 2056 1888 2103 iin-

1106 2171 1182 2217 mam,
1193 2155 1275 2206 notetis
1286 2153 1340 2203 eius
1351 2164 1409 2216 quae
1419 2150 1482 2200 solet
1494 2146 1754 2211 esseprudenlissinro,
1766 2158 1822 2194 nam
1833 2157 1890 2194 non

1106 2248 1211 2300 multum
1223 2245 1309 2296 oberat
1326 2243 1359 2293 ab
1373 2255 1438 2292 anno
1450 2236 1647 2305 quadragesimo,
1661 2240 1688 2287 et
1700 2235 1786 2286 torrae
1798 2233 1888 2297 digni-

1107 2346 1159 2392 tate
1184 2339 1256 2403 piane
1285 2336 1350 2398 regia
1381 2332 1522 2396 preditum.
1566 2329 1605 2378 Ob
1629 2327 1771 2391 sapientiam
1799 2328 1889 2375 autern

1107 2435 1216 2484 maxima
1241 2432 1296 2481 cius
1321 2430 1375 2476 crat
1402 2425 1469 2474 sarno
1497 2436 1547 2472 non
1567 2421 1647 2470 solum
1671 2419 1734 2483 apud
1761 2417 1891 2478 Quirites,

1108 2526 1151 2576 sed
1175 2523 1251 2574 etiem
1276 2517 1343 2582 apud
1367 2515 1461 2565 vicinos
1489 2512 1600 2579 populos,
1636 2513 1749 2573 Cumque
1775 2509 1822 2558 Ιισο
1849 2508 1892 2558 cis

1109 2616 1254 2684 placuisset,
1271 2608 1389 2675 populum
1400 2606 1432 2657 ed
1445 2604 1584 2656 coridonem
1599 2603 1782 2662 convocarunt3
1797 2603 1822 2650 et
1842 2601 1891 2663 qui

1108 2714 1168 2760 tunc
1184 2709 1297 2758 luterres
1310 2713 1397 2752 eorum
1410 2702 1475 2757 erat,
1494 2698 1519 2746 in
1538 2693 1646 2746 r‘nediurn
1662 2708 1805 2759 progressus
1825 2694 1894 2743 dixit
1935 2692 1939 2697 ’

1109 2809 1194 2848 omnes
1219 2799 1301 2859 patres
1327 2787 1453 2840 communi
1479 2798 1599 2835 consensu
1621 2782 1807 2848 ‘rempublicam
1836 2781 1892 2844 regi

1109 2881 1309 2937 committendam
1334 2877 1474 2935 censuisse,
1504 2888 1531 2924 se
1553 2886 1612 2922 vero
1637 2872 1711 2921 huius
1738 2868 1890 2931 cognitionis

1110 2974 1241 3030 arbitrum,
1253 2969 1364 3032 quisnam
1382 2966 1449 3014 esse't
1465 2966 1624 3026 suscepturus
1642 2958 1785 3023 imperinm,
1804 2970 1893 3019 regern

1110 3063 1218 3115 civitatis
1229 3064 1334 3111 Numam
1354 3054 1501 3117 Pompilium
1519 3052 1615 3114 eligere.
1649 3051 1736 3111 ltaque
1749 3050 1835 3110 postea
1850 3045 1892 3095 le-

1112 3150 1226 3218 gatosdc
1246 3148 1407 3209 patriciorum
1423 3143 1508 3194 ordine
1520 3142 1629 3211 delectos
1653 3139 1736 3200 misit,
1757 3142 1786 3188 ut
1807 3138 1893 3187 virum

1112 3242 1180 3293 iilum
1196 3247 1228 3291 od
1251 3252 1353 3301 regnum
1372 3234 1540 3299 accipiendum
1562 3234 1722 3289 arcesserent,
1737 3240 1800 3279 enno
1813 3228 1890 3278 tertio

1111 3332 1304 3384 decimosexto
1327 3324 1486 3390 olympiadis,
1502 3337 1550 3387 qua
1569 3323 1648 3372 vietor
1661 3322 1685 3371 in
1705 3319 1784 3370 stadio
1807 3320 1892 3369 inerat

1113 3422 1261 3488 Pythagoras
1272 3422 1360 3469 Laron

1141 3541 1205 3589 Llll.
1222 3540 1300 3600 saque
1313 3534 1432 3584 haetenus
1443 3530 1542 3594 quidem
1553 3542 1601 3577 non
1613 3539 1714 3591 possum
1725 3524 1774 3574 iliis
1785 3525 1888 3574 eontra·

1113 3643 1206 3699 dicere,
1226 3637 1270 3701 qui
1283 3635 1413 3686 historiam
1426 3632 1457 3682 de
1469 3631 1520 3714 lico
1541 3628 1594 3678 viro
1606 3627 1631 3677 ln
1646 3627 1725 3676 iucem
1737 3623 1870 3674 ediderunt
1883 3642 1890 3675 ε

1114 3742 1158 3792 sed
1182 3741 1208 3790 in
1234 3735 1393 3802 sequentibus
1412 3732 1473 3797 quid
1488 3732 1522 3782 sit
1541 3728 1673 3779 dicendum
1690 3726 1787 3776 dubito.
1818 3724 1892 3775 Multi

1114 3845 1180 3894 enim
1189 3842 1351 3903 seripserunt,
1366 3839 1472 3886 Numam
1483 3832 1628 3897 Pythagorae
1639 3827 1785 3893 discipulum
1799 3826 1893 3888 tuisse,

1115 3945 1154 4005 et,
1169 3953 1219 4003 quo
1235 3942 1372 4002 temporeo
1392 3933 1508 3985 Romanis
1530 3944 1574 3980 rex
1595 3929 1736 3993 designatus
1751 3925 1810 3986 luit,
1828 3926 1892 3973 (tro-

1115 4052 1173 4098 tone
1189 4042 1349 4108 philosophiis
1366 4052 1465 4103 operam
1486 4034 1591 4085 dedisse.
1624 4030 1673 4081 Sed
1691 4033 1787 4097 tempus
1809 4024 1894 4075 estatis

1117 4149 1261 4213 Pythagoreo
1272 4158 1328 4195 eum
1340 4143 1378 4192 iris
1389 4137 1525 4189 rationibus
1539 4136 1650 4199 pugnat:
1664 4146 1713 4181 non
1730 4131 1793 4183 enirn
1807 4128 1894 4192 paneis

1116 4249 1200 4305 annis,
1221 4246 1264 4296 sed
1285 4243 1325 4293 rel
1348 4245 1455 4305 quatuor
1483 4236 1583 4299 integris
1605 4232 1720 4284 aetatibns
1742 4230 1894 4294 Pythagoras

1115 4355 1169 4415 ipso
1192 4352 1270 4398 Numa
1281 4341 1404 4408 posterior
1419 4338 1481 4396 luit,
1499 4340 1529 4386 ui
1542 4348 1573 4385 cx
1593 4332 1715 4384 communi
1733 4330 1838 4384 historia
1849 4343 1892 4380 ec-

1115 4450 1234 4513 cepimus.
1278 4446 1326 4494 isle
1349 4440 1413 4490 enim
1440 4436 1521 4487 media
1543 4432 1681 4497 olympiade
1709 4430 1804 4480 decima
1826 4430 1895 4478 seria

1116 4558 1282 4605 Romanorum
1300 4556 1403 4608 regnum
1414 4544 1454 4590 est
1465 4536 1586 4600 adeptus:
1601 4534 1751 4599 Pythagoras
1769 4543 1830 4581 vero
1838 4530 1896 4593 port

1116 4643 1342 4712 quinquagesimam
1364 4634 1525 4700 olympiadem
1550 4634 1575 4681 in
1597 4630 1668 4682 ltalia
1698 4630 1810 4678 moratus
1844 4626 1892 4676 est.

1116 4741 1242 4798 sedaliam
1257 4739 1305 4789 isto
1316 4734 1421 4786 validius
1434 4734 1605 4794 argumentum
1619 4725 1706 4776 eiterre
1717 4735 1833 4787 possum,
1843 4732 1895 4783 que

1117 4841 1283 4892 demonstrem
1308 4837 1445 4894 temporum
1469 4823 1666 4888 supputationem
1690 4832 1739 4868 non
1763 4826 1895 4866 convenire

1113 4904 1175 4987 'eum
1188 4929 1296 4983 historiis
1309 4925 1340 4977 de
1359 4926 1406 4974 lior
1428 4920 1480 4969 νῖεο
1505 4917 1615 4982 scriptis;
1630 4914 1695 4978 quod
1710 4926 1761 4977 quo
1783 4914 1895 4973 tempore

1118 5037 1198 5085 Numa
1213 5030 1243 5079 ud
1255 5037 1356 5090 regnum
1374 5020 1516 5071 eiiomanis
1531 5019 1633 5066 evocatus
1646 5016 1700 5073 est,
1718 5007 1826 5058 nonduin
1841 5008 1897 5056 emt

1121 5129 1182 5181 urbs
1207 5129 1307 5176 Croto:
1332 5117 1493 5184 quadriennio
1519 5117 1584 5168 enim
1601 5115 1696 5175 integro
1715 5111 1772 5174 post
1792 5119 1896 5170 regnum

1122 5232 1288 5280 aomanorum
1304 5232 1319 5267 a
1334 5219 1414 5267 Numa
1424 5219 1553 5277 occeptum
1568 5208 1689 5274 Myscelus
1704 5220 1759 5256 cam
1770 5201 1896 5259 condidit,
