4048 5924
241 402 302 464 408
765 395 937 459 DXONYSH
958 393 1336 458 nlttcnurtnssuttsls

247 532 415 615 «ἀναγκαίῳ
437 529 576 611 γινόμεναι
600 528 661 597 τούς
685 552 716 589 τε
742 527 857 598 ἐξιόντας
889 529 936 589 καί
963 528 1022 596 τοῦς
1047 532 1052 591 Ι
1078 556 1091 582 u
1106 536 1334 603 profueruntltam
1351 524 1386 588 illi
1407 549 1492 588 rerum
1508 537 1540 589 ad
1553 537 1647 590 rictum
1666 541 1863 594 necessariarum

248 620 498 697 «ὑπολειπομένους
518 621 604 697 ὑμῶν.
658 620 695 681 Ol
717 617 812 696 μένγε
836 617 1024 701 ἀφθονωτέρων

233 782 236 786 ,
248 733 264 770 n
278 712 429 790 εὐποροῦσιν
444 709 498 768 lesi
510 711 563 767 τῶν
577 707 754 781 ἀπιτηδιίων,
770 710 794 767 ot
809 708 833 766 δ’
849 708 940 769 tuat&
957 710 1024 766 ὓπο-

249 819 264 854 ιι
279 787 515 873 μείναντεςῆτιον
537 794 692 864 σπανίζουσι
713 802 761 866 τῆς
785 803 893 875 ιἰγοράς.
935 795 976 853 Ἤ
995 814 1024 852 τε

200 911 214 946 ε
235 874 413 966 «ἰσομοιρία
437 887 484 954 τῆς
507 884 606 962 τύχης,
631 884 664 956 ἧς
690 883 854 963 μετέσχομεν
878 883 940 961 ῦμῖν
970 882 1025 949 τοῖς

248 972 426 1050 «δημοτικοῖς
449 973 473 1031 οἱ
494 971 628 1051 πατρίκιοι
655 972 747 1053 κλήρῳ
779 971 956 1050 ποιησάμενοι
976 970 1025 1044 τὴν

249 1059 380 1133 ιιίξοδον,
396 1062 426 1121 οὐ
436 1058 556 1142 ψέγεται.

286 1152 395 1214 XXIX.
419 1176 432 1203 ι
448 1151 485 1211 Τί
509 1141 554 1209 οῦν
578 1148 704 1217 παθόντες
728 1150 752 1209 ol
779 1151 935 1229 δημαγωγοί
964 1147 1026 1230 περὶ

249 1240 376 1301 στούτων
392 1242 455 1316 ἡμῖν
479 1238 652 1316 ἐγκαλοῦσιν,
669 1228 706 1297 ὧν
732 1238 819 1304 κοινάς
838 1238 952 1319 ἔσχομεν
979 1238 1027 1306 τὰς

192 1350 218 1389 ιο
250 1352 265 1388 ιι
277 1330 385 1409 γνώμας
398 1328 443 1388 καί
457 1327 504 1394 τθς
517 1329 599 1407 τύχας
620 1324 672 1385 είτε
686 1328 775 1386 δεινῶν
788 1326 887 1400 ὄντων,
903 1331 940 1396 ὡς
954 1318 1026 1388 οῦτοί

248 1440 375 1500 «φασιν,
399 1414 446 1476 είτ’
464 1414 621 1496 ὠφελίμων,
643 1412 733 1494 ὥσπιρ
762 1420 839 1490 ἡμεῖς
862 1416 983 1493 οίάμεθα;
1007 1415 1025 1475 ἃ

250 1529 265 1564 ιι
278 1506 327 1586 μίν
349 1493 401 1587 γάρ
414 1506 458 1565 brt
474 1511 508 1584 τῇ
524 1504 618 1564 νεωστί
633 1506 717 1585 βουλῇ
734 1504 862 1584 γενομένῃ
879 1502 1024 1577 διαῦεῦλιί-

247 1619 263 1653 α
279 1600 346 1673 μεθα
359 1597 404 1654 ὑπ’
418 1595 522 1674 αὐτῶν,
536 1595 572 1661 ὡς
594 1593 642 1652 οὐκ
664 1589 794 1661 ἀξιοῦντις
809 1592 952 1673 μετριάσαι
966 1593 1027 1672 περὶ

248 1687 327 1754 «τάς
345 1685 422 1763 τιμάς
440 1688 488 1755 τῆς
505 1674 612 1759 ἀγορᾶς,
637 1672 674 1747 ῦις
690 1674 905 1748 ίπιῦυυλειίοντες
930 1680 1025 1761 ἀφελέ-

191 1799 216 1839 ts
250 1801 265 1838 ιι
281 1782 343 1838 σθαι
356 1776 405 1849 τὴν
414 1772 531 1843 ἐξουσίαν
543 1774 595 1828 τῶν
608 1770 756 1849 δημάρχων
766 1813 774 1842 ,
784 1773 820 1836 ὡς
833 1775 1026 1845 μνησικακοῦν·

251 1889 323 1934 «τις
338 1867 400 1927 ὑμῖν
423 1867 470 1934 τῆς
489 1858 659 1925 ἀποστάσεως
684 1859 730 1916 καί
751 1856 832 1916 παντί
845 1856 944 1942 τρόπῳ.
957 1880 1026 1937 προ-

249 1940 436 2027 ιιθυμοάμενοι
456 1951 578 2006 κακῶσαι
597 1945 628 2004 τὸ
649 1946 791 2024 δημοτικὸν
815 1945 861 2006 καὶ
879 1939 970 2007 πάντα
991 1947 1026 2007 τά

247 2042 386 2097 «τοιαῦτα
410 2034 566 2110 ἐγκλήματα
591 2032 675 2113 ἔργοις
702 2034 890 2112 ἀπολυσόμιθα
916 2037 963 2094 οὐκ
987 2038 1024 2103 εἷς

245 2125 400 2207 «μακρὰν,
417 2122 476 2188 οὔτε
491 2122 573 2182 κακὸν
592 2122 665 2182 οὐδέν
681 2126 750 2199 ὑμᾶς
770 2122 956 2203 ἀργαζάμινοι,
976 2123 1025 2197 τήν

189 2237 217 2278 το
246 2238 261 2273 ο
276 2215 300 2272 τ’
317 2212 432 2283 ἐξουσίαν
447 2214 500 2270 τῶν
516 2211 682 2291 δημάρχων,
698 2213 738 2291 ἐφ’
750 2201 788 2280 οἷς
799 2211 859 2271 τότε
874 2212 1026 2292 συνεχωρή-

248 2325 264 2361 «
278 2323 363 2379 σαμιν
375 2303 436 2377 ὑμῖν
452 2301 531 2381 ἔχειν,
546 2299 591 2357 καί
600 2306 645 2359 νῦν
657 2298 836 2380 βιῦαιοῦντις,
850 2305 896 2360 τοῦ
912 2300 940 2358 δὲ
951 2301 1024 2360 σίτου

247 2415 262 2452 ιι
277 2391 326 2463 τὴν
337 2390 496 2469 διάπρασιν,
512 2392 547 2455 ὡς
559 2386 590 2445 δν
607 2390 669 2465 ὑμῖν
686 2387 771 2450 ἅπασι
785 2387 864 2468 δόξῃ,
880 2389 1025 2467 ποιησόμε-

247 2503 327 2540 ανοι.
371 2477 576 2559 Περιμιίναντις
596 2468 659 2551 οῦν,
677 2476 723 2536 ἐάν
736 2500 762 2537 τι
777 2478 816 2556 μὴ
835 2476 944 2556 γίνηται
959 2478 1023 2537 τοῦ·

249 2589 346 2641 «των,
361 2567 421 2628 τότε
441 2573 611 2647 κατηγορεῖτε
628 2568 716 2643 ἡμῶν.
760 2567 795 2626 Et
810 2565 838 2625 δί
853 2565 1023 2645 βουληθείητε

190 2684 217 2725 γε
249 2655 395 2736 ιιάκριῦῶς
431 2653 552 2723 ἐξετάσαι
583 2654 618 2715 τδι
647 2655 777 2736 διάφορα,
804 2655 966 2730 δικαιότερον
992 2653 1023 2714 ἀν

246 2750 356 2822 «ἡμεῖς
381 2745 405 2803 οί
430 2741 562 2824 πατρίκιοι
585 2747 632 2802 τοῦ
656 2743 740 2821 δήμου
764 2743 1023 2822 κατηγοροίημεν,ἢ

248 2833 325 2907 «τὴν
340 2831 437 2912 βουλὴν
461 2833 534 2910 ὑμεῖς
552 2830 639 2913 ἔχοιτε
665 2832 697 2893 δι’
718 2832 814 2899 αἰτίας.
832 2835 957 2893 ’Atreum
972 2834 1024 2915 γάρ

248 2946 262 2983 ιι
278 2929 367 3001 ἡμᾶς,
385 2911 407 2982 ιῖι
427 2920 559 3000 δημόται,
579 2922 624 2981 καί
649 2919 732 2998 μηδὲν
752 2924 897 3003 ἀχθεσθῆτε
914 2920 1022 2982 ἀκούον-

247 3035 337 3086 «τες,
363 3010 390 3072 οί
415 3034 445 3090 γε
471 3012 517 3069 οὐκ
540 3009 726 3087 ἀναμείναντες
751 3017 799 3084 τῆς
822 3011 931 3091 γνώμης
947 3014 1023 3088 ἡμῶν

248 3125 262 3160 ιι
277 3107 369 3182 μαθεῖν
384 3101 415 3161 τὸ
438 3098 528 3169 τέλος,
553 3099 710 3178 κατηγορεῖν
728 3100 780 3174 ἥδη
810 3100 890 3171 αὐτῆς
911 3097 1023 3167 ἀξιοῦτε.

245 3214 261 3249 ιι
277 3190 373 3252 Καίτοι
384 3188 479 3256 τίςόιίκ
491 3178 578 3262 οἶδεν,
594 3185 634 3246 ὅτι
649 3188 729 3247 παντί
738 3191 777 3269 τῷ
791 3188 943 3267 βουλομένῳ
955 3191 1024 3268 §qq-

248 3298 262 3335 ιι
275 3300 319 3337 τον
332 3277 407 3357 ἔργον
422 3277 454 3335 δν
469 3275 572 3355 γίνοιτο
591 3275 703 3355 συγχίαι
721 3277 767 3335 καὶ
781 3276 882 3334 ἀνελεῖν
897 3276 1022 3352 ὁμόνοιαν

247 3386 263 3423 u
278 3368 308 3425 ἀνι
321 3365 439 3437 πόλεως,
456 3370 564 3424 τοιαῦτα
580 3366 754 3444 ἐγκαλοῦντι,
772 3355 809 3424 ὧν
821 3367 838 3436 ἡ
852 3362 939 3432 πίστις
954 3365 1023 3443 μελ-

246 3456 357 3514 αλουσα
377 3454 423 3514 καὶ
444 3457 470 3513 ἐν
496 3455 586 3535 ἀδήλῳ
613 3454 652 3513 itt
672 3444 757 3527 οθσα,
784 3455 815 3513 οὗ
839 3453 944 3534 φυλακή
968 3456 1025 3514 ίστι

189 3599 194 3611 ,
249 3568 263 3604 ιι
277 3549 324 3603 τοῦ
358 3541 395 3621 μὴ
420 3548 513 3603 παθεῖν
536 3565 562 3602 τι
593 3541 693 3615 κακὸν,
719 3541 789 3602 ἀλλά
814 3541 945 3623 πρόφασις
976 3549 1024 3603 τοῦ

207 3622 210 3629 ’
247 3634 400 3706 ιιάδικεῐν;
421 3628 476 3688 Καὶ
501 3633 531 3689 οὐ
553 3638 607 3699 τοῖς
628 3630 821 3709 προεστηκόσιν
834 3633 909 3708 ὑμῶν
926 3631 1023 3710 μόνον,

245 3746 262 3776 u
276 3712 313 3781 ὧν
336 3717 509 3779 διαῦάλλουσι
537 3717 586 3791 τὴν
611 3718 708 3799 βουλὴν
730 3719 777 3779 καλ
800 3725 1023 3800 συκοφαντοῦσιν,

248 3812 401 3886 «ἐπιτιμᾶν
413 3807 494 3881 ἀξιον,
504 3807 574 3867 ἀλλά
588 3807 634 3866 καί
648 3811 711 3885 ὑμῖν
725 3810 776 3888 οὐχ
795 3800 891 3881 ἧττον,
910 3800 949 3868 ὧν
963 3832 1025 3868 πισ-

249 3921 264 3957 ιι
277 3898 365 3958 τεύετε
387 3899 494 3966 αὐτοῖς,
508 3896 554 3954 καί
580 3897 641 3975 πρὶν
655 3900 814 3974 πειραθῆναι
836 3899 1021 3974 ἀγανακτεῖτε.

249 3985 380 4067 «Ἐχρῆν
395 3987 447 4066 γδιρ
462 3989 548 4062 ὑμᾶς,
567 3986 590 4043 τί
611 3983 644 4042 τά
662 3983 792 4061 μέλλοντα
815 3984 950 4065 ίφοῦεῖσθι
967 3988 1024 4045 ἀδι-

250 4094 265 4130 ιι
278 4074 403 4153 κήματα,
436 4075 481 4134 καί
515 4074 562 4140 τδς
592 4074 634 4132 ἀπ’
654 4075 743 4140 αὐτοῖς
774 4071 854 4153 ἀργὰς
878 4074 1025 4151 μελλούσας

250 4183 267 4222 ιι
279 4161 359 4242 ἔχειν.
402 4165 459 4223 Νῦν
473 4162 501 4221 δέ
516 4161 638 4242 φαίνεσθε
653 4160 786 4243 ταχύτερα
806 4164 907 4237 μᾶλλον
921 4160 938 4234 ἢ
955 4188 1021 4247 φρο-

251 4270 266 4307 ιι
277 4248 409 4327 νιμώτερα
425 4248 586 4329 ἐγνωκέναι,
609 4250 699 4310 καὶτὸ
728 4250 923 4332 ἀσφαλέστερον
944 4256 971 4313 ἐν
984 4254 1023 4335 τῷ

249 4336 477 4419 «κακουργοτέρῳ
495 4337 602 4397 τιθέναι.

189 4458 216 4499 45
284 4428 379 4488 XXX.
403 4453 415 4478 ι
438 4426 508 4505 Περὶ
525 4424 573 4502 μέν
588 4425 622 4499 δὴ
643 4428 697 4485 τῦιν
718 4430 812 4486 κοινῶν
831 4431 1019 4510 ἀδικημάτων,

246 4539 262 4572 ε
278 4517 319 4590 ἐφ’
339 4506 376 4583 οἷς
398 4513 447 4587 τὴν
463 4513 559 4594 βουλὴν
585 4517 609 4575 ol
632 4516 766 4598 δήμαρχοι
787 4516 932 4591 διέῦαλον,
955 4522 1023 4597 ἀπο·

246 4627 262 4661 α
276 4609 344 4686 χρῆν
358 4603 448 4683 οίομαι
467 4608 584 4664 τοσαῦτα
601 4605 729 4685 εἰρῆσθαι.
759 4604 838 4666 Ἐπεὶ
854 4605 883 4665 δέ
896 4607 942 4666 καί
962 4608 1022 4665 καθ’

249 4694 324 4754 «ἵνα
349 4696 458 4758 ἕκαστον
484 4700 576 4774 ἡμῶν,
599 4695 660 4776 περί
683 4685 721 4754 ὧν
736 4692 769 4755 θν
800 4695 916 4772 εἴπωμεν
939 4698 966 4755 ἐν
991 4698 1024 4775 τῇ

248 4788 377 4865 ιιβουλῇ,
406 4792 612 4870 συκοφαντοῦσι,
641 4783 688 4843 καὶ
714 4784 845 4846 διιστάναι
875 4781 924 4857 τὴν
946 4782 1023 4844 πάλιν

189 4906 218 4947 ,η
247 4876 430 4950 «αἰτιῶνται,
457 4877 503 4936 καὶ
526 4882 571 4936 νῦν
595 4873 677 4937 Γάϊον
701 4872 820 4956 Μάρκιον
844 4872 925 4954 ἀνδρα
949 4871 1024 4956 φιλά-

251 4982 266 5017 ιι
277 4966 353 5024 πολιν
377 4965 501 5046 ἐλευθέρῳ
524 4968 599 5046 φωνῇ
613 4961 782 5045 χρησάμινον
806 4961 872 5042 ῦπίρ
896 4963 948 5019 τῶν
972 4982 1026 5019 κοι-

249 5069 265 5106 ιι
277 5053 329 5108 νῦν
349 5057 501 5116 ἀποκτεῖναι
529 5048 686 5127 ζητοῦσινῆ
712 5052 817 5133 φυγάδα
844 5055 955 5124 ποιῆσαι
977 5054 1024 5123 τῆς

1080 645 1093 671 ι
1107 626 1247 678 uberiorem
1266 626 1301 677 ibi
1317 625 1413 692 copiam
1425 625 1518 679 babent
1542 645 1549 676 τ
1568 631 1595 678 et
1612 627 1657 692 qui
1676 626 1718 679 bic
1735 641 1865 683 ramanae·

1080 730 1094 755 ι
1107 716 1183 774 runt,
1196 714 1291 764 minore
1305 726 1410 763 amona
1423 714 1664 778 penuria-laborant.
1698 720 1730 768 Εί
1749 732 1865 787 eraque·

1080 819 1094 846 ι
1109 800 1146 852 tio
1157 800 1276 864 ίοιίυιιω,
1287 802 1359 853 cuius
1370 815 1416 853 nos
1430 803 1527 868 patncii
1541 817 1600 855 cum
1615 803 1720 868 plebeiis
1730 809 1865 875 μετίωμεν

1083 908 1097 934 ι
1110 903 1213 951 summ,
1231 891 1298 954 quod
1311 893 1380 943 sorte
1398 891 1509 945 delectos
1524 892 1551 944 ln
1565 893 1674 946 colonias
1690 897 1859 963 emiserimns,

1082 996 1096 1021 ιι
1112 975 1272 1043 vituperanda
1281 992 1331 1029 non
1344 981 1392 1031 eat.

1112 1174 1195 1225 XXIX.
1216 1174 1292 1225 «Gur
1303 1172 1379 1239 igitur
1388 1175 1578 1226 concionatores
1596 1175 1640 1227 lati
1653 1176 1725 1228 nobis
1744 1178 1809 1232 dant
1819 1181 1867 1233 cri·

1083 1286 1096 1312 ν
1109 1267 1170 1318 mini
1183 1280 1226 1327 ea,
1244 1280 1351 1330 quorum
1365 1281 1437 1333 eque
1450 1268 1581 1320 vobiscum
1594 1268 1701 1323 eandem
1714 1275 1867 1326 sententiam

1083 1380 1096 1406 ι
1110 1365 1136 1412 et
1146 1361 1270 1412 lortunam
1287 1361 1421 1425 babemus,
1440 1363 1494 1415 sire
1511 1376 1542 1415 ea
1557 1363 1607 1415 siut
1627 1365 1710 1427 mala,
1726 1370 1755 1417 ut
1769 1368 1810 1419 isti
1824 1368 1862 1419 ai-

1083 1472 1096 1496 «
1110 1452 1172 1523 unt,
1189 1450 1243 1502 sire
1264 1450 1343 1513 bona,
1358 1456 1388 1502 ut
1407 1465 1453 1503 noa
1471 1451 1666 1505 existimamus?
1690 1457 1753 1506 llam
1776 1461 1802 1507 et
1815 1460 1868 1511 cri·

1082 1565 1095 1590 ι
1109 1544 1190 1606 mina,
1208 1558 1266 1610 quae
1279 1544 1349 1596 nobis
1360 1546 1386 1596 in
1400 1548 1489 1599 senatu
1507 1560 1586 1613 nuper
1605 1548 1692 1600 babilo
1705 1549 1865 1612 obiecerunt,

1083 1655 1096 1679 u
1110 1637 1176 1688 nolle
1196 1652 1243 1688 nos
1259 1637 1387 1689 moderata
1407 1642 1518 1691 statuero
1531 1654 1615 1691 rerum
1633 1641 1760 1692 renalium
1772 1640 1866 1706 pretia,

1083 1749 1095 1773 ι
1112 1730 1196 1781 conari
1215 1744 1260 1797 per
1284 1711 1387 1782 insidias
1410 1731 1566 1783 tribunitiam
1589 1735 1742 1797 potestatem
1763 1734 1865 1794 tollere,
1898 1795 1901 1799 ¹

1084 1841 1098 1867 α
1112 1821 1228 1872 iniuriam
1250 1822 1396 1874 secessionis
1413 1823 1547 1874 vestraein
1566 1824 1712 1875 memoriam
1735 1838 1866 1886 revocare,

1084 1932 1097 1957 ι
1111 1914 1139 1964 et
1161 1912 1249 1977 queris
1274 1912 1370 1964 ratione
1393 1913 1491 1978 plebem
1516 1913 1581 1965 male
1606 1919 1715 1966 tractare
1739 1916 1819 1977 velle,
1841 1919 1868 1967 et

1085 2024 1098 2049 ιι
1113 2004 1195 2055 omnia
1202 2003 1343 2056 istiusmodi
1357 2005 1461 2057 crimina
1472 2006 1541 2058 breri
1552 2006 1647 2083 reipsa
1652 2007 1788 2073 diluemus,
1797 2007 1868 2061 nullo

1085 2112 1098 2138 α
1115 2093 1236 2144 maleficio
1258 2109 1303 2145 ros
1324 2094 1480 2159 afficientes,
1499 2099 1525 2147 et
1541 2096 1697 2149 tribunitiam
1718 2100 1868 2163 potestatem

1084 2208 1097 2232 a
1111 2186 1200 2238 iisdem
1213 2187 1410 2250 conditionibus,
1430 2202 1495 2254 quas
1518 2194 1577 2242 tunc
1592 2191 1665 2243 vobis
1680 2192 1866 2255 concessimus,

1084 2296 1097 2321 α
1112 2290 1179 2327 nunc
1209 2292 1310 2344 quoque
1336 2279 1528 2343 confirmantes,
1552 2285 1579 2332 et
1604 2281 1868 2347 frumentumque

1084 2387 1099 2413 ε
1116 2369 1189 2420 robis
1208 2368 1323 2420 omnibus
1333 2369 1416 2421 risum
1437 2371 1522 2433 luerit,
1540 2370 1684 2423 rendentes.
1717 2375 1868 2437 Exspectate

1084 2479 1097 2504 ι
1110 2460 1196 2525 igitur,
1214 2464 1239 2511 et
1252 2461 1345 2528 siquid
1358 2462 1448 2513 horum
1466 2477 1516 2514 non
1529 2467 1670 2527 prestetur,
1689 2468 1751 2516 tunc
1761 2465 1868 2518 demum

1085 2573 1098 2598 u
1111 2559 1291 2606 nosarcusate.
1325 2556 1400 2615 Quod
1417 2556 1549 2609 sirelletis
1569 2558 1710 2608 accuratius
1722 2558 1787 2611 banc
1804 2573 1866 2611 con·

1084 2666 1097 2692 ι
1113 2648 1257 2700 burensium
1270 2649 1428 2711 examinaro,
1443 2653 1511 2701 certa
1528 2664 1574 2700 nos
1590 2651 1688 2716 pabicb
1710 2652 1801 2704 iustius
1812 2653 1868 2719 ple·

1085 2759 1099 2784 ⁴
1115 2741 1173 2793 bem
1186 2756 1377 2805 accusaremus,
1397 2756 1473 2809 quam
1492 2756 1537 2794 ros
1551 2746 1667 2796 senatum
1678 2744 1803 2797 criminari
1813 2760 1869 2812 pos-

1083 2853 1096 2875 «
1113 2833 1181 2883 setis.
1215 2838 1266 2884 vos
1282 2834 1360 2898 enim,
1382 2834 1511 2897 Quirites,
1536 2833 1653 2887 iniuriam
1675 2837 1751 2888 uobis
1772 2838 1867 2896 ίεοῖίίε.

1084 2941 1097 2967 ι
1111 2937 1192 2988 neque
1208 2924 1311 2977 moleste
1331 2923 1416 2977 ieratis
1418 2962 1432 3006 3
1456 2925 1519 2977 dum
1535 2925 1591 2978 beo
1602 2928 1709 2992 audiba,
1726 2929 1866 2996 siquidem.

1085 3038 1098 3062 «
1112 3032 1162 3069 non
1172 3022 1316 3084 exspectato
1337 3023 1480 3086 nostrorum
1498 3020 1657 3073 consiliorum
1673 3023 1758 3085 exitu,
1770 3024 1821 3075 iam
1836 3038 1868 3075 ea

1083 3128 1096 3153 ι
1110 3122 1227 3161 accusare
1237 3111 1322 3161 vultis.
1357 3112 1449 3177 Atqui,
1466 3113 1523 3177 quis
1536 3116 1632 3178 nescit,
1649 3114 1794 3167 facillimum
1814 3116 1868 3167 iore

1083 3219 1096 3244 s
1111 3198 1229 3260 cuilibet,
1261 3200 1418 3251 concordiam
1437 3203 1539 3253 turbare
1563 3208 1624 3255 ete
1650 3203 1752 3256 civitate
1779 3204 1866 3257 tollere

1081 3309 1094 3334 a
1108 3288 1215 3350 volenti,
1232 3288 1296 3340 siaa
1310 3291 1464 3352 criruioetur,
1485 3306 1590 3358 quorum
1604 3292 1666 3345 tides
1695 3295 1777 3346 lutura
1795 3300 1821 3346 et
1839 3296 1868 3347 in

1081 3399 1094 3423 ι
1108 3379 1203 3429 incerto
1224 3377 1306 3428 adbuc
1330 3380 1411 3443 posita
1433 3394 1482 3431 non
1505 3381 1620 3446 probibet
1636 3396 1655 3434 a
1671 3383 1739 3434 nobis
1761 3385 1864 3436 maleti-

1081 3469 1189 3529 «cium,
1202 3466 1247 3517 aad
1262 3467 1369 3531 speciem
1382 3469 1478 3533 prebet
1487 3470 1558 3535 quasi
1571 3471 1664 3523 iniusta
1678 3478 1798 3538 agamus?
1812 3477 1866 3527 lte·

1082 3577 1095 3603 a
1108 3568 1158 3620 que
1169 3567 1230 3606 vero
1240 3553 1287 3605 aoli
1299 3556 1377 3607 vestri
1394 3556 1472 3607 duces
1492 3561 1518 3608 et
1533 3559 1647 3622 patroni,
1664 3560 1697 3610 ob
1713 3560 1818 3612 crimina
1840 3566 1868 3614 et

1081 3669 1095 3694 ν
1110 3646 1262 3708 calumnias,
1285 3645 1377 3709 quibus
1399 3651 1513 3698 senatum
1537 3648 1679 3710 lacessunt,
1697 3649 1869 3716 obiurgatione

1082 3757 1094 3781 ν
1110 3738 1169 3787 sunt
1179 3733 1255 3799 digni,
1269 3733 1398 3784 sedetiam
1414 3748 1460 3785 roa
1477 3734 1526 3799 ipsi
1541 3749 1590 3786 non
1601 3735 1701 3799 minus,
1717 3739 1777 3802 quia
1792 3739 1868 3791 tidem

1082 3845 1095 3869 «
1109 3823 1159 3874 iltis
1168 3827 1263 3873 temere
1276 3820 1388 3884 bebetis,
1399 3825 1426 3872 et
1437 3822 1548 3875 nondum
1562 3823 1700 3889 quidquam
1715 3827 1810 3891 experti
1826 3828 1865 3878 in·

1082 3932 1095 3958 α
1110 3913 1252 3978 dignamini.
1280 3911 1417 3977 oportebat
1433 3912 1499 3962 enim
1514 3924 1575 3972 roa,
1592 3913 1614 3964 si
1627 3926 1692 3978 quas
1703 3914 1728 3964 in
1741 3920 1867 3979 posterum

1082 4012 1095 4038 κ
1110 3992 1233 4045 timebatis
1241 3992 1353 4055 Iniuriae,
1370 3992 1433 4042 iram
1448 4005 1547 4055 quoquo
1557 3991 1583 4041 iu
1600 3991 1644 4043 illa
1660 3998 1775 4059 tempora
1787 4008 1867 4046 reser-

1082 4101 1096 4127 ι
1110 4093 1179 4132 rare.
1212 4081 1245 4131 at
1255 4093 1321 4130 nunc
1333 4080 1440 4135 constat.
1455 4091 1501 4129 ros
1511 4078 1618 4129 celerius
1628 4091 1705 4144 quam
1720 4082 1867 4146 prudentius

1085 4192 1095 4216 ι
1110 4170 1185 4222 τοίνυν
1200 4171 1290 4222 resuta
1311 4168 1479 4230 consuluisse,
1495 4170 1522 4220 et
1539 4170 1630 4220 restrae
1650 4168 1741 4221 salubs
1754 4183 1825 4236 spem
1841 4173 1867 4224 in

1083 4280 1096 4306 ι
1109 4262 1239 4313 maleficiis
1250 4261 1380 4313 collocare.

1110 4441 1186 4490 XXX.
1201 4459 1214 4483 a
1226 4440 1308 4504 Atque
1327 4437 1395 4503 quod
1404 4436 1493 4487 attinet
1516 4434 1549 4485 ad
1561 4435 1675 4500 publicas
1696 4434 1811 4497 minuas,
1831 4437 1867 4487 ob

1082 4554 1094 4578 κ
1105 4548 1169 4598 quas
1186 4535 1279 4586 tribuni
1299 4536 1381 4585 totum
1395 4534 1509 4583 senatum
1530 4530 1593 4581 falso
1613 4534 1777 4594 accusarunt,
1800 4530 1866 4592 base,

1081 4647 1166 4699 «qua
1183 4633 1332 4685 amedtcta
1349 4634 1424 4694 sunt,
1447 4629 1561 4682 sufficere
1590 4629 1705 4682 arbitror.
1738 4627 1789 4680 sed
1805 4631 1867 4695 quia

1081 4747 1093 4772 ν
1109 4741 1312 4795 unumquemque
1324 4728 1437 4776 nostrum
1448 4721 1631 4775 calumniantur
1645 4722 1678 4773 ob
1690 4723 1827 4774 sententias
1839 4723 1865 4773 in

1081 4849 1093 4874 ι
1109 4832 1197 4883 senatu
1209 4846 1224 4883 a
1236 4830 1308 4882 nobis
1320 4828 1416 4890 ιίίοίιε,
1437 4829 1463 4878 et
1480 4838 1525 4877 nos
1539 4828 1569 4876 ut
1587 4823 1731 4890 reipublice
1747 4821 1864 4874 dissidiu-

1082 4942 1164 4980 «rum
1177 4929 1291 4979 auctores
1315 4924 1446 4984 accusant,
1468 4924 1495 4973 et
1518 4934 1585 4973 nunc
1607 4921 1636 4972 c.
1666 4919 1802 4981 Marcium,
1825 4918 1864 4969 ri·

1081 5045 1094 5072 «
1109 5040 1165 5079 rum
1183 5027 1270 5092 patrita
1286 5028 1427 5085 amantem,
1442 5021 1567 5102 liberqque
1584 5021 1617 5072 do
1637 5018 1766 5083 republica
1791 5018 1863 5069 locu·

250 5140 419 5218 απατρίδος,
444 5143 574 5223 βούλομαι
600 5141 647 5202 καί
670 5140 731 5220 περί
752 5140 845 5200 τούτου
870 5138 905 5199 τὰ
933 5138 1023 5199 δίκαια
1080 5149 1094 5177 ε
1107 5132 1174 5190 tuna,
1193 5142 1282 5182 necare
1301 5130 1347 5178 aut
1364 5125 1443 5191 patria
1464 5122 1588 5188 erpellere
1601 5120 1721 5186 cupiunt,
1744 5119 1802 5170 roto
1815 5117 1865 5169 bac

249 5248 266 5286 ιι
279 5226 362 5288 atreis
381 5229 448 5311 προς
471 5233 549 5311 ὑμᾶς·
571 5228 619 5291 καί
632 5237 770 5305 σκοπεῖτε,
784 5230 808 5290 at
832 5227 953 5309 μετρίους
975 5227 1022 5290 καί
1080 5252 1094 5281 ι
1107 5242 1209 5299 quoque
1225 5229 1257 5282 de
1271 5240 1300 5281 re
1309 5227 1354 5291 id,
1366 5226 1434 5293 quod
1445 5237 1546 5291 ωιγυυιιι
1559 5226 1615 5285 est,
1633 5220 1701 5288 aqud
1712 5232 1759 5271 roa
1769 5217 1863 5272 dicere
