3986 5938
264 411 324 471 'ito

263 542 317 601 τῶν
332 537 413 621 φίλων
427 536 493 617 πρὸς
513 536 561 607 τήν
579 533 711 607 ἀναόολήν
725 533 772 594 καὶ
796 534 834 611 μή
858 539 976 613 μεθεῖναι
996 536 1041 596 τδν

265 630 355 708 καιρὸν
371 630 401 687 ἐκ
411 631 464 686 τῶν
476 630 573 703 χειρῶν
588 624 739 693 ἀξιούντων.
763 623 856 685 Valet.
874 624 977 685 Λαιόν.

300 716 373 797 (Η).
394 711 561 776 brabianus
573 714 601 772 δὲ
613 716 665 771 τῶν
680 712 727 771 σὺν
741 715 779 791 τῷ
798 711 896 793 Πύρρῳ
911 712 978 789 μετὰ
990 715 1044 771 τῶν

265 803 414 886 ἐλεφάντων
434 802 555 874 αἴσθησιν
570 803 594 860 οἷ
617 799 747 877 Ῥωμαῖοι
768 801 894 867 λαόόντες
916 800 1043 879 σκυμνίον

226 910 240 947 ο
266 891 406 967 ἐλέφαντος
439 887 643 970 τιτρώσκουσιν,
667 888 682 948 ό
706 889 808 960 πολλὴν
837 886 969 964 ἀκοσμίαν
991 892 1046 956 τοῖς

265 978 397 1052 Ἕλλησιν
413 980 549 1051 ἐνεποίησε
564 979 611 1039 καλ
634 977 733 1056 φυγήν·
753 982 777 1037 oi
802 976 830 1037 δέ
851 975 984 1053 Ῥωμαῖοι
999 976 1045 1036 δύο

267 1068 315 1146 μὲν
329 1069 473 1148 ἐλέφαντας
487 1067 701 1149 ἀποκτείνουσιν,
716 1065 787 1126 όκτὼ
808 1066 835 1124 δί
850 1064 1046 1125 κατακλείσαν-

265 1181 308 1225 τες
321 1160 357 1223 είς
377 1155 475 1235 χοιρίον
498 1155 617 1224 ἀνέξοδον
640 1156 813 1236 παραδόντων
833 1158 885 1212 τῶν
903 1153 944 1213 ἀπ’
957 1159 1045 1221 αὐτοῖς

266 1246 354 1306 Ἰνδῶν
368 1250 469 1315 ζῶντας
488 1243 731 1325 παραλαμόάνουσι
741 1267 749 1281 ·
761 1248 814 1302 τῶν
835 1245 862 1302 δὲ
878 1249 1047 1323 στρατιωτῶν

215 1329 240 1387 to
266 1334 348 1394 πολὺν
363 1334 439 1417 φόνον
455 1336 616 1414 ἐργαζονται.
631 1333 734 1395 Ambr.

307 1427 387 1500 Xlll.
411 1424 475 1504 (20,
500 1426 536 1500 ί)
566 1420 600 1483 Ὁ
628 1419 726 1489 ὕπατος
755 1417 907 1501 Φαόρίκιος
930 1417 1047 1496 τιμητής

266 1514 421 1595 γενόμενος,
437 1513 519 1593 ἀνδρα
534 1510 594 1571 δυσί
606 1510 654 1587 μίν
670 1510 826 1583 ὑπατείαις,
845 1518 894 1590 μιᾷ
913 1505 941 1567 δὲ
954 1509 1047 1567 δικτα·

265 1606 354 1685 τορείᾳ
370 1602 585 1680 κεκοσμημένον,
598 1599 718 1659 Πόπλιον
732 1599 878 1678 Κορνήλιον
893 1596 1045 1678 Ῥουφῖνον,

267 1692 388 1761 ἐξέόαλεν
402 1694 434 1751 ίκ
446 1695 492 1749 τοῦ
508 1689 645 1769 συνεδρίου
659 1693 706 1761 τῆς
722 1689 839 1768 βουλῆς,
852 1687 892 1746 ότι
905 1690 1009 1763 πρῶτος
1020 1687 1047 1743 ἐν

216 1804 240 1840 ιο
267 1787 388 1863 ἀργυρῶν
423 1779 591 1855 ἐκπωμάτων
624 1781 778 1855 κατασκευῇ
805 1775 952 1846 πολυτελὴς
976 1773 1048 1841 ἔδοξε

266 1870 401 1955 γενέσθαι,
416 1867 480 1927 δίκα
495 1867 586 1948 λίτρας
609 1867 777 1944 ἐκπωμάτων
800 1865 975 1942 κτησάμενος·
999 1853 1048 1922 αδ·

266 1981 311 2017 ται
342 1959 365 2017 δ’
391 1956 457 2015 εἰσὶν
480 1955 561 2035 ὀλίγῳ)
587 1955 692 2021 πλείους
717 1952 788 2013 ὀκτὼ
814 1958 886 2031 μνῶν
912 1951 1047 2014 Ἀττικῶν.

268 2046 371 2108 Ambr.

309 2135 349 2216 (9)
373 2134 505 2206 Ἀθηναῖοι
517 2132 565 2210 μέν
580 2130 655 2200 δόξης
668 2131 777 2209 ίτυχον,
788 2127 829 2187 ότι
838 2128 898 2196 τοὺς
913 2126 1046 2209 ρορθόμους

152 2280 154 2284 ,
213 2242 240 2279 so
267 2223 314 2284 καί
329 2222 437 2303 ἀργοὺς,
451 2221 498 2280 καί
516 2218 597 2314 μηδὲν
613 2219 813 2290 ἐπιτηδεύοντας
825 2222 879 2277 τῶν
893 2219 1046 2298 χρησίμων,

267 2319 302 2381 ὡς
315 2315 468 2378 ἀδικοῦντας
480 2310 511 2369 τὸ
523 2309 608 2369 κοινδν
625 2307 762 2387 ἐζημίουν·
777 2305 986 2384 Λακεδαιμόνιοι
1002 2304 1047 2382 δὲ,

267 2401 308 2461 ότι
327 2403 380 2471 τοῖς
401 2398 593 2480 πρεσόυτάιοις
617 2397 760 2476 ἀπέτρεπον
777 2397 836 2464 τοὺς
867 2399 1050 2472 ἀκοσμοῦντας

267 2497 320 2551 τῶν
334 2493 450 2551 πολιτῶν
467 2493 493 2549 ἐν
507 2487 648 2570 ὁτῳδήτινι
670 2489 722 2545 τῶν
748 2484 884 2562 δημοσίων
898 2482 972 2564 τόπῳ
990 2491 1049 2551 ταῖς

270 2578 423 2660 βακτηρίαις
436 2577 535 2636 παίειν·
546 2578 598 2636 τῶν
617 2574 646 2634 δὲ
660 2576 720 2633 κατ’
731 2574 816 2634 οἰκίαν
828 2571 974 2653 γενομένων
985 2570 1044 2630 οὔτε

213 2684 240 2720 ²³
267 2669 392 2750 πρόνοιαν
405 2656 471 2729 οὔτέ
478 2668 598 2746 φυλακήν
613 2666 765 2737 ἐποιοῦντο,
778 2663 827 2734 τήν
847 2660 951 2722 αὔλειον
967 2657 1047 2741 δέραν

268 2759 373 2828 ἑκάστῳ
386 2757 445 2837 ὅρον
459 2745 526 2813 ε’ίναι
541 2759 588 2825 τῆς
602 2753 749 2832 ἐλευθερίας
761 2759 807 2810 τοῦ
821 2751 878 2832 βίου
891 2749 1047 2828 νομίζοντες.

269 2846 310 2925 (3)
323 2848 455 2919 Ῥωμαῖοι
479 2842 506 2901 δὲ
531 2853 620 2900 πᾶσαν
644 2841 860 2905 ἀναπετάσαντες
878 2838 981 2909 otniae,
1003 2837 1049 2896 καί

269 2934 348 3015 μέχρι
360 2938 406 2991 τοῦ
421 2929 556 3007 δωματίου
569 2930 619 3000 τήν
632 2929 717 3008 ἀρχὴν
731 2932 784 2986 τῶν
796 2931 915 3004 τιμητῶν
929 2948 1049 3005 προαγα-

267 3021 369 3102 γόντες,
382 3018 506 3079 ἁπάντων
522 3015 648 3088 ἐποίησαν
663 3016 805 3074 ἐπίσκοπον
816 3013 862 3074 καί
875 3014 981 3095 φύλακα
995 3016 1048 3072 τῶν

212 3130 240 3168 ου
269 3112 295 3166 ἀν
305 3110 396 3176 αὗταῖς
405 3104 559 3186 γινομένων,
572 3103 631 3163 οὔτε
642 3101 772 3174 δεσπότην
784 3101 899 3177 οἰόμενοι
908 3103 961 3160 δεῖν
973 3100 1046 3178 ὠμὸν

219 3258 222 3263 ,
267 3188 334 3256 εἶναι
349 3198 410 3277 περὶ
423 3194 471 3261 τὰς
484 3192 613 3273 τιμωρίας
627 3194 747 3263 οἰκετῶν,
759 3191 820 3250 οὔτε
834 3189 937 3270 πατέρα
951 3189 1046 3268 πικρδν

267 3284 284 3357 ἢ
306 3281 441 3361 μαλθακόν
461 3280 530 3362 πέρα
547 3285 593 3340 τοῦ
613 3278 718 3358 μετρίου
732 3279 793 3360 περί
814 3278 911 3337 τέκνων
930 3276 1046 3357 ἀγωγός,

267 3371 325 3432 οὔτε
341 3371 424 3452 ἀνδρα
448 3370 509 3450 περί
533 3367 670 3429 κοινωνίαν
693 3373 812 3444 γαμετῆς
836 3367 960 3444 γυναικὸς
986 3365 1047 3423 ἀδε-

242 3498 249 3510 ·
266 3487 328 3539 κον,
341 3461 401 3522 οὔτε
424 3460 523 3526 παῖδας
541 3460 662 3538 γηραιῶν
683 3459 800 3524 ἀπειθεῖς
821 3456 962 3536 πατέρων,
987 3452 1047 3514 οὔτε

212 3569 239 3606 aa
266 3550 392 3633 ἀδελφοὺς
405 3550 527 3629 γνησίους
540 3537 570 3607 τό
585 3550 673 3608 πλεῖον
693 3546 751 3605 ἀντὶ
764 3553 811 3605 τοῦ
822 3545 880 3604 ἴσου
895 3544 1046 3616 διώκοντας,

266 3645 295 3701 οὗ
320 3639 454 3718 συμπόσια
472 3637 518 3697 καὶ
540 3637 621 3715 μίθας
639 3634 816 3715 παννυχίους,
837 3635 884 3693 οὔκ
906 3630 1044 3711 ἀσελγείας

265 3730 311 3790 καί
327 3727 423 3812 φθοράς
442 3730 552 3799 ἡλικιῶν
566 3724 646 3799 νέων,
670 3725 721 3803 οὐχ
742 3722 850 3803 ίερῶνῆ
873 3721 964 3803 τάρων
979 3744 1046 3801 προ·

265 3820 371 3894 γονικάς
395 3816 474 3895 τεμάς
490 3814 669 3889 ἀκλιποιίσας,
685 3814 733 3872 οὐκ
756 3814 822 3872 ἀλλο
841 3814 893 3869 τῶν
918 3808 991 3888 παρά
1016 3808 1047 3870 τδ

267 3911 381 3979 καθῆκον
395 3905 413 3979 ή
428 3906 560 3986 συμφέρον
575 3908 609 3984 τῇ
621 3902 696 3962 πόλει
712 3899 902 3983 πραττομένων
920 3898 1004 3960 οὐδέν.

213 4012 240 4045 ⁴⁰
307 3997 461 4067 Ἔληίζοντο
474 3994 522 4062 τίις
538 3992 644 4065 κτήσεις
662 3995 715 4051 τῶν
729 3992 845 4050 πολιτῶν
857 3989 927 4049 κατὰ
940 3991 988 4061 τήν
1000 3991 1046 4047 τοῦ

268 4087 410 4166 βασιλίζιιν
432 4084 530 4145 αίτίαν.
544 4081 646 4144 Ambr.

307 4176 389 4238 XlV.
415 4173 489 4255 (ab,
513 4172 549 4253 d)
572 4169 703 4251 Νεμέριος
726 4169 832 4237 otene
856 4168 978 4248 Πίκτωρ,
1000 4167 1046 4227 καί

269 4264 376 4330 ίίόιντος
400 4262 504 4329 Φάόιος
529 4261 663 4339 Μάξιμος,
687 4258 734 4320 καί
760 4259 870 4326 Κόιντος
895 4255 1048 4336 Ὀγοιίλνιος

267 4354 332 4434 πρὸς
355 4350 399 4411 τδν
427 4350 597 4432 Φιλάδελφον
624 4351 792 4426 Πτολεμαῖον
816 4344 1045 4427 πρεσόεύσαντες,

212 4461 238 4501 ιο
267 4440 349 4523 [περὶ
369 4440 536 4521 πρεοόιίας]
554 4439 600 4499 καὶ
613 4440 723 4520 δωρεαῖς
738 4438 816 4505 ἰδίαις
839 4433 990 4513 τιμηθέντες
1002 4434 1047 4490 ὑπ’

267 4535 365 4593 αὐτοῦ·
384 4521 453 4609 ἦρχε
463 4528 493 4588 δέ
505 4534 552 4600 τῆς
564 4527 702 4608 Αἰγύπτου
712 4526 831 4604 δεύτερος
842 4523 910 4603 μετά
924 4522 969 4582 τὸν
985 4524 1047 4582 Μα·

266 4619 360 4681 κεδόνα
390 4617 575 4698 Ἀλέξανδρον
603 4615 694 4688 ἐπειδή
725 4614 908 4674 κατέπλευσαν
934 4613 970 4678 είς
997 4611 1045 4682 τήν

266 4709 360 4781 πόλιν,
387 4707 422 4766 τά
448 4731 477 4767 τε
497 4705 565 4765 ἄλλα
601 4704 766 4786 ἀπήγγειλαν
794 4704 845 4763 ὅσα
876 4699 1048 4780 διεπράξαντο

266 4797 336 4859 κατίι
352 4796 400 4871 τήν
422 4794 593 4871 ἀποδημίαν,
608 4795 654 4854 καί
669 4794 715 4862 τδς
730 4792 829 4874 δωριάς
849 4790 880 4858 ἃς
904 4788 979 4867 παρά
1001 4793 1047 4848 τοῦ

213 4904 241 4943 ao
269 4887 396 4968 βασιλέως
415 4884 511 4946 ἔλαόον
529 4887 566 4952 είς
586 4883 616 4944 τδ
635 4884 760 4958 δημόσιον
776 4882 940 4959 ἀνήνεγκαν·
964 4877 1007 4945 οδς
1028 4883 1045 4952 ή

268 4975 361 5058 βουλή,
370 4975 477 5037 πάντων
493 4977 638 5053 ἀγασδεῖσα
650 4977 702 5032 τῶν
718 4972 813 5052 ἔργων,
827 4972 874 5030 οὐκ
884 4967 957 5028 ιίασε
968 4969 1049 5044 δημο·

268 5072 363 5126 σιῶσαι
378 5066 424 5134 τὰς
440 5061 579 5142 βασιλικάς
598 5064 729 5142 χάριτας,
744 5064 802 5121 ἀλλ’
815 5063 851 5127 εἰς
862 5057 922 5126 τοὺς
943 5060 1045 5117 ἑαυτῶν

203 5186 206 5192 ·
268 5153 353 5220 οίκους
367 5152 573 5230 ἀπενίγκοισθαι,
588 5150 666 5228 τιμάς
678 5152 774 5231 ἀρετῆς
783 5149 829 5207 καί
843 5144 958 5223 κόσμους
973 5143 1048 5221 ίκγό·

269 5262 331 5307 νοις.
349 5240 452 5301 Ambr.

785 404 954 473 Diouislt
974 404 1350 467 nnticnnnassEnsts

1098 544 1290 596 adversantibus
1307 543 1394 595 arnicis
1407 543 1558 605 vadimonio,
1577 557 1610 595 ne
1623 545 1720 595 occasio
1734 558 1749 596 e
1766 545 1896 597 manibus

1099 633 1273 699 ejuseiiugiat,
1290 633 1479 685 arbitrantibus.

1129 725 1213 782 Quum
1233 722 1310 787 igitur
1328 727 1438 773 montem
1455 723 1552 774 subiret
1573 723 1660 789 Pyrrhi
1677 725 1808 776 exercitus
1828 740 1895 777 oum

1099 810 1339 874 clementiamque
1358 808 1384 861 id
1398 812 1521 861 Romanos
1540 809 1663 871 latuisset,
1678 812 1704 861 bi
1720 813 1822 876 pullum
1836 813 1892 863 ele·

1099 898 1185 964 phanti
1207 898 1348 959 vulnerant,
1370 898 1439 964 quod
1460 899 1546 949 multo
1569 899 1666 950 Graecis
1689 900 1896 965 perturbationis

1100 1001 1175 1038 causa
1183 988 1281 1039 exstitit
1292 1001 1322 1037 ac
1335 987 1408 1050 lugu.
1419 987 1522 1038 Romani
1532 1001 1591 1039 vero
1602 987 1653 1038 duo
1664 988 1813 1054 elephantos
1825 991 1896 1041 occi·

1100 1073 1172 1131 dunt,
1181 1074 1671 1141 octoquealioa,subclaricomplaxosin
1680 1077 1896 1139 locosineexitu,

1100 1162 1206 1213 traditos
1215 1176 1244 1213 ac
1254 1163 1417 1225 equitatosab
1432 1164 1543 1227 ipsorum
1554 1163 1711 1229 [rectoribus]
1725 1164 1805 1225 ludis,
1816 1165 1898 1215 viros

1101 1251 1220 1316 capiunt:
1234 1252 1344 1302 militum
1357 1265 1417 1302 sero
1431 1252 1555 1316 ingentem
1573 1256 1679 1315 stragem
1697 1257 1895 1318 exsequuntur.

1132 1427 1198 1477 ltili.
1212 1425 1340 1476 Fabricius
1351 1425 1499 1485 consularis,
1513 1439 1602 1476 censor
1620 1426 1711 1487 ludus,
1724 1409 1812 1477 sirum
1824 1426 1895 1478 duo-

1102 1514 1150 1566 bus
1165 1514 1338 1566 cousulatibus
1359 1529 1461 1581 unaque
1480 1515 1606 1566 dictatura
1620 1515 1750 1579 insignem,
1767 1516 1897 1569 Publium

1102 1604 1245 1655 camellum
1259 1604 1384 1668 Rutinum,
1397 1618 1428 1655 er
1438 1604 1557 1656 mucione
1572 1608 1674 1655 senatus
1687 1605 1811 1670 expulsit,
1830 1608 1899 1672 quia

1101 1695 1198 1760 primus
1212 1699 1385 1760 argenteorum
1402 1694 1550 1760 poculorum
1569 1695 1717 1760 supellectili
1730 1710 1796 1746 usus
1813 1696 1894 1748 luxu·

1103 1784 1148 1835 rire
1158 1785 1283 1849 specimen
1302 1784 1415 1845 dederat,
1428 1784 1516 1835 decem
1532 1782 1614 1847 pondo
1631 1783 1725 1849 argenti
1746 1784 1892 1848 possidens.

1103 1875 1164 1924 lime
1183 1887 1243 1925 vero
1262 1887 1362 1924 summa
1384 1873 1464 1924 minas
1483 1873 1578 1925 Atticas
1599 1874 1675 1938 paulo
1699 1873 1811 1938 amplius
1831 1880 1895 1926 octo

1102 1962 1188 2014 elicit.
1210 1966 1288 2014 Porro
1311 1962 1473 2014 Athenienses
1492 1961 1593 2013 laudem
1615 1961 1799 2025 obtinuerunt,
1820 1965 1893 2028 quod

1104 2052 1207 2118 ignaros
1229 2055 1256 2103 sl
1269 2051 1362 2103 otiosos
1384 2051 1498 2116 nihilque
1519 2050 1638 2101 utilitatis
1660 2050 1810 2115 praebentes,
1832 2056 1893 2103 ten-

1104 2154 1179 2203 quam
1199 2139 1286 2191 noxios
1308 2138 1453 2204 reipublice
1476 2137 1563 2204 punire
1577 2138 1705 2203 solebanl;
1728 2139 1891 2191 hcedaemo

1103 2229 1153 2280 niis
1176 2242 1252 2291 vero,
1273 2228 1341 2294 quod
1367 2227 1500 2280 tradebant
1525 2227 1664 2279 senioribus
1686 2227 1750 2279 male
1772 2234 1893 2279 moratos

1104 2318 1181 2376 cives,
1192 2321 1221 2369 ut
1230 2331 1275 2369 eos
1283 2318 1309 2368 in
1321 2331 1474 2383 quocunque
1486 2315 1587 2382 publico
1598 2317 1654 2367 loco
1664 2317 1737 2381 rinus
1746 2316 1890 2369 cederent.

1105 2411 1198 2459 verum
1208 2408 1432 2473 rerumquoedomi
1440 2408 1511 2468 liunt,
1524 2406 1787 2472 aequeprorideutiam
1796 2419 1891 2471 neque

1104 2512 1189 2549 curam
1204 2497 1282 2548 ullum
1300 2497 1427 2563 gerebant,
1448 2496 1613 2548 domesticam
1631 2497 1732 2561 januam
1745 2495 1893 2560 uuicuique

1104 2588 1161 2637 ritus
1172 2586 1312 2637 libertatem
1325 2586 1503 2637 eristiruautes.
1518 2589 1551 2636 At
1559 2584 1674 2647 tioruaui,
1690 2583 1835 2635 universam
1845 2583 1892 2635 do

1104 2689 1173 2727 mum
1187 2675 1371 2740 patefacientes,
1389 2678 1415 2726 el
1434 2673 1558 2740 usquead
1571 2673 1656 2738 ipsum
1668 2673 1785 2724 concluse
1802 2688 1892 2726 censo

1104 2766 1168 2816 riam
1180 2767 1328 2830 potestatem
1342 2764 1517 2829 provehentes,
1536 2763 1649 2814 omnium
1667 2762 1787 2813 creabant
1806 2764 1891 2828 euplo

1104 2836 1214 2906 retorem
1226 2854 1440 2919 inspectoremque
1452 2867 1536 2904 rerum
1552 2865 1610 2917 qum
1623 2851 1693 2902 intus
1703 2852 1789 2902 liunt:
1807 2866 1894 2917 neque

1104 2942 1233 2995 dominum
1243 2940 1372 2993 credentes
1384 2941 1475 2997 debere
1484 2940 1612 2992 crudelem
1621 2954 1677 2992 esse
1688 2941 1715 2990 in
1726 2941 1895 3005 castigatione

1104 3028 1263 3088 famulorum,
1271 3042 1352 3092 neque
1360 3032 1455 3093 patrem
1465 3028 1598 3079 immodica
1607 3027 1725 3079 acerbum
1732 3031 1777 3079 aut
1788 3029 1895 3080 mollcm

1104 3120 1128 3169 in
1136 3119 1245 3169 tiliorum
1256 3118 1411 3180 educatione,
1423 3131 1506 3184 neque
1515 3119 1598 3168 virum
1605 3117 1730 3181 injustum
1737 3116 1762 3166 in
1771 3118 1895 3169 convictu

1103 3222 1162 3259 cum
1179 3208 1291 3271 conjuge,
1306 3221 1388 3273 neque
1398 3220 1490 3272 pucros
1506 3205 1648 3258 senioribus
1664 3204 1786 3255 indociles
1795 3184 1894 3269 ¹paren-

1103 3297 1179 3355 tibus,
1207 3308 1288 3358 neque
1307 3295 1430 3360 legitimos
1451 3295 1541 3345 iratres
1564 3295 1685 3359 majorem
1707 3293 1896 3359 potiusquam

1103 3394 1200 3446 mquam
1214 3384 1312 3445 partem
1333 3379 1382 3431 sibi
1399 3379 1538 3440 vindicare3
1552 3392 1636 3443 neque
1646 3379 1708 3429 item
1722 3379 1843 3430 convivia
1862 3394 1896 3430 ue

1103 3468 1317 3522 mmmisaationes
1330 3482 1373 3535 per
1386 3473 1483 3528 noctes,
1503 3481 1584 3532 neque
1595 3467 1762 3519 obscenitates
1776 3473 1827 3519 aut
1836 3483 1896 3520 cor·

1103 3558 1230 3624 ruptioues
1241 3557 1494 3617 adolescentulorum,
1503 3570 1585 3622 usque
1597 3570 1726 3608 sacrorum
1740 3561 1787 3608 aut
1805 3559 1897 3624 sepul-

1103 3662 1204 3699 crorum
1222 3647 1384 3698 ceremonias
1395 3661 1413 3696 a
1425 3645 1563 3712 majoribus
1579 3645 1686 3696 traditas
1697 3645 1792 3707 deseri,
1811 3662 1901 3714 nequa

1094 3736 1172 3789 ¹aliud
1184 3736 1324 3802 quidquam
1336 3738 1428 3801 proter
1438 3734 1530 3788 decena
1543 3738 1589 3785 aut
1601 3735 1662 3787 utile
1677 3735 1733 3786 urbi
1745 3734 1812 3787 lieri.

1133 3994 1312 4046 Prndmantur
1331 3991 1499 4058 possessiones
1517 3990 1624 4050 civium,
1644 3989 1771 4055 arguendo
1787 4006 1836 4043 eoa
1854 4008 1900 4046 ra-

1102 4082 1169 4148 giam
1182 4087 1299 4147 appetere
1306 4084 1465 4146 potestatem.
1640 4083 1644 4090 ·

1135 4174 1200 4223 xlv.
1214 4170 1348 4223 Numerius
1364 4169 1457 4220 Fabius
1471 4168 1565 4231 Pictor,
1582 4167 1692 4226 Quintus
1702 4166 1801 4218 Fabius
1814 4171 1903 4221 biui-

1105 4292 1162 4330 mus
1174 4281 1200 4329 et
1209 4276 1319 4335 Quintus
1332 4274 1463 4340 Ogulnius,
1474 4274 1506 4325 ad
1518 4274 1682 4324 Ptolemaeum
1694 4272 1900 4339 Philadelphum

1103 4387 1179 4450 legati
1193 4385 1263 4437 missi
1280 4386 1390 4450 [propter
1410 4380 1568 4448 legationem]
1588 4385 1615 4433 et
1632 4380 1704 4433 <lanis
1722 4381 1849 4446 privatim
1865 4386 1903 4436 ab

1102 4508 1133 4545 eo
1159 4492 1243 4544 allecti
1265 4490 1394 4554 (regnabat
1417 4492 1502 4540 autem
1522 4490 1545 4539 is
1566 4487 1592 4539 in
1615 4489 1722 4552 AEgypto
1744 4489 1813 4538 alter
1838 4495 1902 4553 μοει

1102 4599 1272 4651 Alexandrum
1286 4597 1464 4660 Macedonem).
1478 4598 1564 4654 Quum
1580 4597 1613 4646 ad
1633 4594 1722 4645 urbem
1738 4594 1901 4660 adnavigas-

1103 4706 1257 4769 contemnis
1266 4706 1414 4756 nuntiarunt
1423 4718 1480 4768 ηοω
1491 4704 1556 4755 iacta
1564 4706 1648 4754 essem
1658 4717 1702 4768 per
1711 4703 1818 4765 tempus
1830 4702 1901 4768 legs

1103 4816 1186 4873 tionis,
1206 4819 1232 4866 et
1243 4818 1298 4864 tum
1310 4826 1415 4865 munera
1429 4825 1487 4877 qum
1499 4824 1514 4861 a
1527 4823 1586 4875 rege
1598 4812 1756 4873 acceperant,
1771 4807 1801 4858 in
1814 4808 1902 4874 publi

1103 4937 1161 4974 cum
1172 4901 1289 4974 ararium
1305 4919 1453 4971 intulerunt.
1466 4920 1537 4977 Quos
1553 4922 1665 4975 senatus,
1679 4915 1798 4966 omnium
1808 4915 1901 4968 lauda

1102 5032 1239 5080 terrerum
1258 5026 1434 5091 perfectarum,
1455 5038 1503 5075 uon
1517 5023 1630 5089 permisit
1645 5022 1726 5086 regias
1744 5021 1903 5088 largitiones

1102 5133 1232 5200 publicari.
1262 5146 1351 5183 rerum
1374 5130 1398 5181 in
1418 5130 1555 5193 lcgatomm
1571 5128 1660 5179 domos
1676 5126 1773 5180 aulerci
1803 5128 1900 5187 voluit,

1102 5239 1204 5304 premia
1214 5238 1316 5291 uirtutis
1324 5241 1351 5290 ct
1364 5240 1511 5289 ornamenta
1524 5235 1671 5302 posteritati.
