4034 5922
8 4400 10 4467 ι

8 4542 10 4623 ι

34 27 68 106 77
100 6 142 76 sl,

148 9 222 70 lio
275 14 344 91 γι

146 79 334 167 λωίίῖψίθ

552 6 554 19 ί

357 37 490 115 „filib
504 56 556 89 aa*
572 64 574 71 ·

245 406 287 466 60
766 388 932 450 nlnnlsll
952 379 1327 444 llnnlcnnn'nssnn‘sls

257 530 375 610 πατρίοις
391 530 482 606 ὑμνοιτ
499 528 550 588 ὑπὸ
575 523 716 602 Ῥωμαίων
736 522 774 581 ἔτι
794 522 839 579 καὶ
858 525 902 578 ν’ύν
922 518 1025 598 ᾅδεται.

259 619 319 685 lile<
341 620 363 675 δ’
382 618 468 681 αὐτοῖς
489 607 521 687 ἦν
549 609 697 693 βουκολικὸς
727 608 773 668 καί
795 607 872 666 δίαιτ’
891 602 1029 682 οιδτουργδς

259 709 285 765 ἰν
299 704 371 784 δρεσε
386 703 421 763 τδι
441 703 527 762 πολλὰ
547 697 707 774 πηξαμένοις
728 698 772 757 διδ
787 696 869 765 ξύλων
883 693 928 753 καί
941 690 1030 750 καλά-

259 817 316 868 μων
336 790 433 863 σκηνάς
451 790 629 867 αὐτορόφους,
649 776 685 842 διν
706 784 745 842 ίτι
763 781 808 843 καί
826 784 862 846 είς
882 779 929 857 ἐμὲ
948 771 980 851 ἧν
992 801 1030 845 τις

219 897 232 932 ⁶
260 881 303 940 ἐπὶ
317 885 361 937 τοῦ
378 877 545 939 Παλλαντίου
554 878 600 946 τῆς
612 872 675 951 πρὸς
685 868 897 948 τδνίππόδρσμον
910 869 1030 943 όπιστρε·

260 968 357 1046 φούσης
389 963 514 1042 λαγόνος,
535 960 674 1038 Ῥωμύλου
700 958 848 1033 λεγομένη,
875 956 908 1027 ἣν
932 953 1030 1035 φυλάτ-

260 1078 346 1113 τουσιν
361 1051 433 1133 ἱερδιν
456 1041 493 1116 οἷς
507 1050 604 1108 τούτων
630 1046 770 1123 ίπιμελὲς,
788 1043 861 1103 οὐδὲν
875 1043 919 1102 ἐπὶ
933 1044 962 1101 τδ
983 1065 1029 1099 σε·

262 1141 384 1219 μνότερον
406 1136 554 1217 ίξάγοντες,
577 1138 600 1194 εί
626 1136 653 1193 δέ
672 1157 698 1193 τε
717 1132 854 1202 πονήσειεν
869 1132 919 1189 ὑπὸ
931 1132 1031 1208 χεεμῶ·

261 1253 303 1296 νος
320 1227 337 1298 ἢ
349 1226 464 1307 χρόνου,
478 1224 508 1283 τδ
527 1225 615 1283 λεῖπον
630 1221 794 1297 ἐξακούμενοι
813 1219 908 1298 καὶτῷ
921 1220 1031 1294 πρόσθεν

209 1327 234 1365 ¹⁰
265 1315 440 1392 ἐξομοιοῦντες
457 1314 492 1379 είς
509 1311 628 1388 δύναμιν.
678 1308 754 1369 Ἐπεί
777 1310 799 1366 δ’
818 1307 887 1386 ἀμφὶ
900 1306 933 1365 τδι
946 1309 1030 1363 aaran

260 1401 361 1460 καίδεκ’
383 1399 430 1471 ίτη
450 1400 582 1478 γεγονότες
601 1389 683 1471 ἦσαν,
706 1395 851 1475 ἀμφίλογόν
865 1416 890 1451 τι
914 1392 974 1469 περὶ
987 1394 1034 1461 τῆς

260 1493 341 1566 νομῆς
355 1490 442 1554 αὑτοῖς
461 1486 560 1564 γίνεται
579 1484 642 1564 πρδς
651 1483 710 1548 τοὺς
721 1484 870 1560 Νομίτορος
885 1479 1033 1559 βουκόλους,

262 1578 287 1637 οἳ
307 1575 369 1656 περὶ
386 1575 417 1634 τδ
433 1576 571 1636 Αὐεντῖνον
590 1571 647 1652 όρος
667 1569 782 1647 άντικρὺ,
803 1574 846 1627 τοῦ
866 1564 1034 1626 Παλλαντίου

262 1662 380 1742 κείμενον
396 1653 465 1741 εἶχον
481 1659 527 1727 τδς
540 1659 701 1739 βουστάσεις.
718 1655 857 1716 Ἠιτιῶντο
869 1655 891 1712 δ’
908 1651 1035 1723 ἀλλήλους

135 1710 137 1723 ί
212 1775 236 1812 ιιι
264 1750 381 1831 ἑκάτεροι
395 1748 493 1825 θαμινδ
512 1750 530 1818 ἢ
547 1746 594 1817 τὴν
615 1743 653 1821 μὴ
670 1744 854 1823 προσήκουσαν
867 1740 967 1821 ὀργάδα
982 1763 1035 1798 κα-

263 1836 384 1913 τανέμειν
407 1835 425 1907 ἢ
448 1835 495 1905 τὴν
522 1832 609 1903 κοινὴν
640 1830 732 1907 μόνους
759 1832 907 1909 διακρατεῖν
930 1828 948 1898 ἢ
977 1827 1036 1886 ότι

264 1928 360 1998 δήποτε
373 1923 458 2004 τύχοι.
479 1921 531 1982 Ἐκ
543 1922 570 1980 δὲ
582 1925 629 1991 τῆς
645 1919 794 2001 ἁψιμαχίας
806 1916 902 1988 ταύτης
918 1915 1036 1994 ἐγένοντό

255 2014 327 2075 *aare
338 2013 380 2071 δεδι
392 2015 487 2092 χειρῶν
505 2009 617 2086 πληγαί,
634 1999 693 2068 εἶτα
707 2008 740 2065 δι’
754 2008 853 2066 δπλων.
886 2003 1036 2085 Τραύματα

266 2103 293 2162 δὲ
311 2099 396 2162 πολλδι
409 2099 473 2179 πρδς
486 2101 538 2157 τῶν
553 2096 693 2175 μειρακίων
709 2094 836 2154 λαόόντες
848 2096 872 2151 οί
886 2098 931 2150 τοῦ
949 2090 1037 2167 Nept-

212 2214 240 2253 τυ
265 2214 338 2271 τορος
349 2234 357 2259 ,
370 2189 416 2247 καί
425 2209 497 2253 τινας
511 2184 686 2251 ἀπολύσαντες
698 2188 749 2242 τῶν
763 2180 911 2262 σφετέρων,
926 2178 971 2239 καί
985 2182 1037 2237 τῶν

265 2277 369 2359 χωρίων
389 2276 440 2348 ἤδη
464 2273 532 2333 κατὰ
549 2273 642 2350 κράτος
667 2270 853 2350 ίξειργόμενοι,
877 2265 1039 2346 παρεσκευά·

268 2371 339 2435 ξοντο
365 2363 438 2422 δολον
458 2358 517 2418 τινδι
535 2359 578 2416 ἐπ’
602 2359 704 2423 αὐτούς.
774 2354 985 2435 Προλοχίσαντες
1005 2352 1038 2424 δὴ

266 2457 313 2524 τῆς
333 2452 464 2533 φάραγγος
486 2450 516 2509 τὸ
539 2447 655 2526 ἀφανὲς,
678 2442 723 2503 κοιλ
752 2443 902 2520 συνθίμενοι
923 2443 974 2507 τοῖς
996 2443 1040 2500 λο-

266 2545 336 2620 χῶσι
370 2540 402 2597 τά
429 2535 621 2616 μειράκιατδν
644 2536 690 2603 τῆς
715 2532 855 2597 ἐπιθέσεως
882 2530 993 2610 καιρὸν,
1014 2533 1039 2588 οἱ

214 2655 241 2693 τε
267 2628 352 2689 λοιποὶ
365 2625 433 2686 κατδ
448 2626 545 2694 πλῆθος
560 2623 603 2681 ἐπὶ
626 2620 660 2679 τά
684 2620 859 2701 μανδρεύματ’
874 2619 959 2677 αὐτῶν
976 2617 1038 2694 [νύ-

268 2717 355 2795 κτωρ]
370 2712 507 2773 ίπέόαλον.
522 2708 660 2785 Ῥωμύλος
681 2707 728 2784 μὲν
750 2699 793 2766 ούν
811 2706 854 2765 τἐν
868 2706 960 2785 χρόνον
974 2710 1040 2764 τοῦ-

268 2829 311 2864 τον
327 2802 465 2883 ἐτύγχανεν
479 2799 536 2876 δμα
553 2801 605 2864 τοῖς
622 2795 834 2876 ἐπιφανεστάτοις
844 2798 896 2854 τῶν
910 2795 1039 2869 κωμητῶν

269 2890 441 2972 πορευόμενος
459 2886 496 2954 εἷς
518 2909 544 2943 τε
558 2883 655 2964 χωρίον
678 2882 806 2942 Καινίναν
829 2880 1037 2958 ὀνομαζόμενον,

269 2979 327 3059 ἱερδι
340 2978 456 3048 ποιήσων
472 2974 537 3055 ὑπὲρ
550 2979 595 3032 τοῦ
608 2979 694 3032 κοινοῶ
710 2973 817 3051 πάτρια·
833 2969 936 3046 Ῥῶμος
952 2969 979 3028 δὲ
991 2969 1040 3040 τὴν

216 3083 245 3122 ιο
271 3068 361 3146 ἔφοδον
378 3065 463 3121 αὐτῶν
484 3060 635 3136 αἰσθόμενος
656 3057 786 3128 ἒξεθοήθεε
808 3056 898 3115 insin
918 3057 951 3113 τδι
970 3054 1040 3114 δπλα

1033 3149 1040 3168 Ι

272 3151 428 3231 διαταχέων,
440 3148 541 3225 ὀλίγους
551 3150 601 3204 τῶν
615 3149 698 3216 ἐκτῆς
712 3148 803 3221 κώμης
817 3142 967 3225 φθάσαντας
980 3149 1030 3202 καθ

271 3241 299 3297 ἓν
323 3238 443 3316 γενέσθαι
474 3233 650 3316 παραλαόῶν.
718 3236 841 3292 Κάκεῖνοι
863 3233 893 3288 οὑ
916 3229 1040 3310 δέχονται

272 3327 366 3398 αὐτὸν,
391 3321 460 3382 ἀλλὰ
485 3320 621 3404 φεύγουσιν
644 3321 803 3398 ὑπαγόμενοι
819 3319 871 3378 ἔνθ’
891 3318 1001 3395 ἔμελλον
1014 3321 1041 3377 ἐν

272 3416 344 3494 καλῷ
368 3411 574 3492 ὑποστρέψαντες
600 3407 777 3480 ἐπιθήσεσθαι.
843 3405 878 3467 Ὅ
896 3406 923 3466 δδ
938 3407 1042 3483 Ῥῶμος

218 3533 245 3570 25
272 3504 331 3561 κατ’
352 3500 470 3578 δίγνοιανγ
489 3504 534 3556 τοὺ
561 3496 750 3574 μηχανήματος
772 3494 836 3575 ἄχρι
856 3497 955 3555 πολλοῦ
980 3494 1041 3553 δεώ-

272 3614 324 3649 κων
344 3586 436 3655 αὑτοὺς
461 3585 639 3665 παραλλάττει
666 3586 696 3643 τὸ
716 3582 901 3663 λελοχισμένον
927 3583 1040 3663 χοιρίον,

273 3680 321 3738 κάν
342 3675 427 3757 τούτῳ
456 3673 513 3732 ότε
540 3671 616 3751 λόχος
632 3671 770 3730 ἀνίσταται
793 3670 839 3730 καί
861 3673 885 3728 οἱ
909 3671 1042 3752 φεύγοντες

273 3765 484 3846 ὑποστρέφουσι,
500 3759 700 3837 κυκλωσάμενοι
723 3759 745 3817 δ’
766 3758 857 3828 αὐτούς
875 3758 920 3818 καί
938 3761 1044 3827 πολλοῖς

273 3857 426 3931 ἀράττοντες
442 3851 522 3916 λίθοις
538 3848 720 3926 λαμόάνουσιν
743 3847 922 3929 ὑποχειρίους·
947 3832 1046 3922 ταύτην.

154 4024 157 4029 ⁴
219 3971 246 4011 ιο
274 3944 324 4024 γάρ
335 3935 407 4023 εἶχον
418 3942 448 4000 ίκ
461 3945 512 3999 τῶν
528 3941 661 3998 δεσποτῶν
672 3936 720 4009 τὴν
731 3938 933 4017 παρακελευσιν,
948 3940 1043 4005 ζῶντας

275 4032 360 4096 αὐτοῖς
376 4028 434 4095 τοδς
453 4029 604 4093 νεανίσκους
624 4025 742 4102 κομίσαι.

313 4118 429 4179 LXXX.
457 4115 538 4176 Οὑτω
552 4115 599 4191 μὲν
614 4115 646 4185 δὴ
672 4111 805 4194 χειρωθείς
827 4115 841 4169 ὑ
855 4110 960 4188 Ῥῶμος
972 4112 1043 4182 ἀπιξ-

273 4225 344 4279 γετο,
364 4207 399 4269 ὥς
410 4200 437 4260 δὲ
454 4203 597 4281 Τουόίρων
618 4202 719 4272 Αίλιος,
738 4200 818 4266 δεινὸς
837 4198 902 4279 ἀνὴρ
920 4201 968 4259 καί
983 4201 1044 4280 περὶ

273 4289 321 4362 τὴν
336 4288 489 4368 συναγωγὴν
498 4294 544 4358 τῆς
555 4290 672 4369 ἱστορίας
683 4287 819 4362 ἐπιμελὴς,
829 4286 940 4368 γράφει,
957 4309 1044 4365 προει·

156 4430 179 4461 a
220 4407 247 4447 ts
275 4379 345 4444 δότες
359 4379 384 4437 σί
393 4383 438 4436 τοῦ
453 4376 599 4455 Νεμέτορος
610 4376 736 4443 θύσοντας
748 4374 781 4433 τί(
789 4374 894 4434 Λύκαια
906 4372 966 4439 τοὺς
984 4396 1042 4433 νεα·

66 4540 186 4656 θἼιίῖγι
204 4583 206 4590 ’

26 4616 67 4698 ιζ
83 4637 97 4673 ι
143 4668 149 4686 ,

43 4662 140 4811 pn

273 4466 376 4532 νίσκους
395 4469 432 4545 τῷ
448 4463 579 4533 Πανίτην
595 4463 766 4542 Ἀρκαδικὴν,
780 4466 816 4530 ὡς
832 4459 965 4538 Εὔανδρος
975 4485 1045 4520 κατ·

274 4558 422 4626 εστήσατο,
438 4550 538 4625 θυσίαν,
553 4551 709 4630 ἐνήδρευσαν
731 4552 775 4610 τὀν
787 4548 877 4632 καιρόν
890 4552 986 4614 ἐκεῖνον
1000 4556 1045 4620 τῆς

274 4643 434 4719 ἱερουργίας,
450 4640 518 4712 ἡνίκ’
535 4641 616 4719 ἐχρῆν
630 4638 689 4705 τοὺς
702 4638 763 4718 περὶ
776 4640 806 4696 τὸ
825 4636 992 4697 Παλλάντιον
1010 4640 1045 4696 οἰ-

276 4735 384 4794 κοῦντας
399 4734 449 4787 τῶν
465 4728 530 4787 νέων
544 4731 575 4787 ἐκ
590 4730 636 4785 τοῦ
652 4726 767 4788 Λυκαίου
784 4725 924 4790 τεθυκότας
941 4725 1043 4803 περιελ·

223 4842 252 4884 ω
277 4822 329 4873 θεῖν
345 4815 435 4896 δρόμῳ
460 4815 507 4888 τὴν
522 4812 615 4890 κώμην
635 4811 764 4891 γυμνούς,
786 4810 982 4888 ὑπεζωσμένους
996 4810 1044 4881 τὴν

277 4906 347 4962 αἰδῶ
363 4912 421 4971 ταῖς
435 4906 522 4982 δοραῖς
536 4908 587 4962 τῶν
604 4899 745 4960 νεοθύτων.
800 4903 887 4960 Τοῦτο
902 4900 930 4959 δὲ
946 4903 1046 4976 καθαρ·

277 4992 324 5065 μόν
337 5014 395 5049 τινα
407 4995 457 5051 τῶν
476 4995 609 5066 κωμητῶν
623 4991 735 5068 πάτριον
750 4989 876 5061 ἐδύνατο,
892 4991 928 5055 ῶς
942 4987 986 5047 καί
1000 4994 1044 5047 νῦν

277 5082 316 5136 ἔτι
330 5080 436 5157 δρᾶται.
479 5078 526 5136 Ἐν
539 5077 571 5148 δὴ
589 5080 674 5158 τούτῳ
686 5082 723 5158 τῷ
734 5078 821 5157 χρόνῳ
831 5076 890 5142 τοὺς
905 5074 1046 5154 ίεροποιοδς

277 5164 425 5229 νεανίσκους
445 5166 469 5223 ul
493 5165 613 5242 βουκόλοι
635 5164 797 5243 λοχήσαντες
818 5165 887 5223 κατὰ
910 5162 940 5220 τό
958 5162 1045 5222 στενό·

1082 520 1167 586 patriis
1174 504 1748 569 Romanorumcarmlnibuseliarnnuuccanitnr.
1766 499 1851 549 l'iturn

1082 610 1165 657 aulem
1175 605 1295 667 degebant
1309 597 1471 664 pastoricium,
1482 598 1507 645 et
1519 594 1614 643 uictum
1627 588 1673 639 sibi
1685 588 1711 637 in
1724 585 1852 636 montibus

1083 696 1226 760 plerumque
1242 690 1356 740 manibus
1369 685 1494 751 parabunt,
1508 682 1604 732 casulas
1619 692 1647 728 cx
1659 677 1725 738 ligno
1739 676 1763 724 ei
1776 685 1852 721 arun-

1083 783 1205 833 rllnesiue
1227 781 1276 829 ulla
1298 774 1477 838 contignatione
1500 769 1688 833 compingentes.
1742 767 1854 823 Quarum

1084 889 1132 925 uua
1150 872 1183 923 ad
1196 886 1250 922 mea
1262 883 1340 933 usque
1357 871 1466 931 tempora
1482 862 1608 921 exstabat,
1632 859 1658 908 in
1674 854 1759 907 Palatii
1778 854 1855 904 latere

1084 952 1855 1029 quudaricircumspcctut,qualiomulicasavucatur,quam·

1084 1069 1132 1118 que
1142 1066 1236 1103 sacram
1248 1054 1347 1101 serrant
1359 1048 1377 1099 ii
1394 1046 1485 1111 quibus
1497 1056 1526 1094 ea
1542 1056 1603 1092 cura
1614 1043 1654 1090 est
1666 1037 1797 1093 mandata,
1815 1034 1855 1083 ni-

1085 1146 1119 1195 bll
1129 1142 1264 1195 ornamenti
1274 1140 1352 1206 pratia
1365 1138 1495 1197 addentes,
1508 1134 1552 1185 sed
1571 1133 1593 1182 si
1605 1145 1654 1195 qua
1673 1130 1727 1181 eius
1747 1140 1805 1192 pars
1817 1126 1855 1174 rel

1084 1234 1239 1300 tempestatis
1252 1234 1290 1283 rel
1302 1232 1420 1297 temporis
1432 1227 1520 1279 iniuria
1535 1224 1669 1287 laborarit,
1683 1222 1807 1273 daleclum
1816 1232 1855 1268 re·

1087 1328 1204 1389 sarciunt,
1215 1329 1364 1391 etquauium
1386 1323 1439 1373 lieri
1456 1323 1539 1386 polest
1551 1317 1584 1369 ad
1601 1317 1731 1382 pristinam
1753 1314 1857 1363 tonnam

1086 1424 1231 1473 instaurant
1265 1421 1328 1471 curu
1343 1421 1426 1468 autem
1445 1427 1537 1465 annum
1555 1411 1653 1462 circiter
1667 1422 1730 1459 xnnr
1743 1409 1858 1471 agerent,

1089 1512 1279 1565 controversiam
1291 1509 1412 1575 quandam
1422 1507 1452 1557 de
1464 1505 1562 1571 pascuis
1576 1503 1716 1553 babuerunt
1736 1513 1793 1548 cum
1806 1501 1859 1548 llu-

1088 1606 1182 1656 miluris
1213 1602 1367 1669 pastoribus,
1391 1599 1434 1662 qni
1454 1600 1477 1648 in
1500 1595 1619 1647 Aventino
1643 1592 1704 1660 colle
1725 1603 1740 1640 e
1763 1590 1860 1653 regione

1088 1698 1177 1748 Palatii
1204 1697 1252 1746 silo
1283 1694 1379 1744 stabula
1411 1690 1542 1741 habebant.
1595 1687 1743 1748 Frequenter
1778 1685 1861 1732 autern

1089 1790 1121 1839 de
1141 1802 1167 1838 se
1187 1791 1274 1837 mutuo
1304 1781 1526 1849 conquerebantur,
1550 1780 1589 1829 rel
1610 1775 1678 1840 quod
1696 1776 1766 1838 prata
1783 1771 1863 1822 alicua

1089 1879 1161 1929 alteri
1197 1877 1403 1940 depascerentur,
1433 1874 1480 1933 rel,
1517 1871 1584 1935 quud
1611 1866 1752 1919 communia
1788 1864 1860 1915 alteri

1090 1971 1137 2020 suli
1157 1972 1288 2020 tenerent:
1306 1967 1346 2018 val
1361 1978 1507 2031 quacunque
1518 1963 1565 2014 alia
1583 1963 1614 2012 de
1639 1973 1721 2011 causa.
1763 1961 1796 2007 Er
1819 1955 1864 2006 tali

1091 2078 1150 2114 vero
1171 2063 1327 2113 altercatione
1341 2060 1462 2110 interdurn
1476 2058 1507 2108 ad
1525 2071 1613 2107 manus
1634 2060 1659 2105 et
1673 2054 1704 2104 all
1716 2067 1784 2104 arma
1800 2066 1861 2101 ren·

1095 2160 1148 2206 turn
1174 2159 1221 2205 est.
1248 2157 1360 2216 Cumque
1377 2150 1511 2203 Numitoris
1534 2151 1645 2213 pastores
1668 2147 1746 2196 multa
1759 2144 1865 2195 vulnera

1092 2248 1123 2296 ab
1147 2246 1340 2297 adolescentibus
1361 2244 1525 2307 accepissent,
1551 2245 1578 2290 et
1603 2238 1734 2289 nonnullos
1754 2236 1785 2287 de
1811 2235 1865 2285 suis

1091 2338 1230 2396 misissent,
1252 2341 1277 2386 ct
1290 2336 1322 2386 ab
1340 2335 1395 2384 istis
1407 2333 1467 2383 lucis
1477 2345 1520 2396 per
1535 2332 1585 2380 viru
1603 2331 1762 2387 arcerentur,
1777 2326 1863 2376 dolum

1092 2430 1213 2493 quendam
1225 2428 1271 2478 illis
1282 2429 1431 2476 struxerunt.
1465 2423 1560 2473 Insidiis
1572 2421 1637 2472 enim
1650 2421 1675 2470 in
1688 2421 1786 2470 occulta
1796 2417 1867 2472 uallis

1093 2526 1162 2585 parte
1183 2519 1336 2584 preparatis,
1360 2520 1387 2567 et
1405 2513 1532 2566 adoriendi
1553 2518 1664 2577 lempure
1681 2525 1740 2561 cum
1756 2511 1804 2561 illis
1823 2514 1865 2573 qui

1093 2611 1287 2663 adobscenlibus
1309 2607 1487 2658 insidiabuntur
1511 2605 1661 2663 constituto,
1688 2602 1776 2664 reliqui
1806 2615 1866 2651 con-

1093 2704 1159 2753 lecto
1174 2701 1269 2765 agmine
1281 2713 1366 2750 eorum
1385 2698 1480 2749 stabula
1490 2693 1589 2761 [tractu]
1602 2696 1754 2745 invaserunt.
1797 2694 1867 2742 Tunc

1093 2798 1176 2846 autem
1202 2794 1264 2843 lurte
1289 2789 1408 2841 Romulus
1430 2803 1487 2839 curn
1519 2799 1668 2852 paganorum
1694 2783 1825 2849 praecipuis
1842 2781 1867 2830 ln

1095 2886 1183 2936 urbem
1203 2883 1325 2947 quandum
1345 2880 1443 2931 nomine
1455 2878 1580 2929 caninam
1601 2891 1646 2942 pro
1664 2876 1764 2940 publica
1787 2876 1868 2925 salute

1094 2990 1164 3026 sacra
1174 2976 1252 3039 putria
1266 2973 1375 3023 iacturas
1389 2971 1474 3021 iverat.
1507 2972 1598 3019 tlemus
1613 2981 1673 3018 veru
1682 2980 1767 3017 aarum
1782 2965 1866 3016 iucur-

1095 3068 1162 3118 sione
1176 3065 1271 3130 cognita
1288 3063 1320 3114 ad
1335 3076 1407 3127 opem
1427 3050 1550 3112 serendam
1572 3060 1687 3117 accurrit,
1707 3059 1782 3109 armis
1802 3057 1865 3109 cele·

1095 3159 1154 3208 riter
1173 3155 1305 3219 correptis,
1325 3158 1352 3204 et
1371 3153 1454 3217 paucis
1467 3151 1615 3215 quibusdam
1634 3151 1746 3214 paganis,
1758 3150 1801 3215 qui
1818 3162 1869 3199 rnu-

1095 3255 1150 3301 ture
1164 3250 1345 3307 conuenerant,
1360 3258 1444 3297 secum
1455 3243 1545 3293 ductis.
1578 3247 1610 3294 nl
1627 3243 1663 3295 illi
1681 3256 1739 3294 eum
1759 3256 1807 3293 nun
1825 3255 1869 3291 ex-

1096 3347 1252 3411 spectarunt,
1265 3342 1307 3393 sed
1321 3343 1378 3404 liuga
1398 3352 1426 3391 se
1441 3343 1588 3403 receperunt
1600 3340 1624 3388 in
1643 3351 1700 3389 euru
1718 3338 1812 3397 locum,
1826 3338 1869 3387 ubi

1096 3435 1208 3487 conversi
1229 3433 1356 3485 commode
1370 3446 1413 3482 ens
1433 3432 1567 3495 aggressuri
1588 3435 1667 3481 eraut.
1701 3435 1792 3482 narras
1811 3442 1871 3479 uero

1099 3530 1148 3580 doli
1161 3528 1269 3592 nunnus,
1284 3524 1377 3589 longius
1395 3537 1437 3574 eos
1450 3527 1610 3587 persecutus,
1627 3522 1711 3571 lucum
1731 3521 1755 3570 in
1767 3533 1816 3583 quo
1832 3522 1869 3569 in·

1097 3621 1166 3671 sidia
1185 3619 1272 3683 positu
1299 3619 1370 3668 erant
1390 3614 1515 3682 preteriit.
1573 3617 1636 3664 Tum
1655 3619 1680 3664 cl
1698 3613 1870 3664 insidiatorum

1096 3726 1184 3763 manus
1200 3710 1322 3770 surrexit,
1337 3710 1363 3758 et
1375 3707 1418 3770 qui
1434 3708 1548 3769 ingerant
1566 3720 1593 3757 se
1605 3710 1798 3768 converterunt,
1813 3720 1869 3757 eos·

1096 3822 1144 3872 que
1156 3807 1336 3859 circumventos
1349 3801 1485 3867 multisque
1497 3802 1619 3866 lapidibus
1632 3806 1749 3853 contusos
1762 3803 1786 3859 in
1799 3815 1872 3852 suam

1096 3911 1243 3973 potestatem
1260 3905 1413 3969 redegerunt.
1430 3904 1484 3953 linc
1498 3902 1563 3953 enin
1577 3903 1670 3953 domini
1684 3903 1720 3954 eis
1733 3902 1871 3953 mandam·

1096 4012 1160 4067 rant,
1169 4012 1198 4057 ut
1206 4006 1374 4056 adolescentes
1385 4002 1454 4052 rivus
1466 4000 1498 4052 ad
1509 4015 1536 4051 se
1547 4001 1705 4052 adducerent.

1127 4105 1220 4157 lxxx.
1231 4106 1323 4152 llemus
1337 4100 1412 4162 igilur
1426 4098 1473 4148 buc
1490 4097 1563 4148 modo
1575 4101 1662 4162 captus
1677 4095 1799 4145 abductus
1812 4100 1871 4145 est:

1098 4201 1139 4252 sed
1165 4203 1193 4249 nl
1207 4198 1292 4249 scribit
1300 4198 1378 4248 AElius
1390 4195 1496 4255 Tubero,
1510 4194 1630 4258 gravissi
1644 4192 1746 4257 diligens
1763 4193 1789 4243 ln
1803 4193 1872 4243 colli·

1097 4296 1176 4361 ganda
1185 4293 1287 4345 historia
1299 4295 1394 4352 auctor,
1402 4289 1536 4342 Numitoris
1554 4294 1677 4352 pastores,
1688 4302 1746 4340 cum
1758 4302 1870 4353 prasen-

1098 4392 1187 4444 alsseut
1201 4390 1366 4440 aunlmcmtes
1375 4387 1516 4451 Lupercalia
1525 4386 1690 4437 celebraturus
1700 4389 1726 4437 et
1735 4387 1793 4435 Puni
1804 4398 1873 4437 more

1100 4491 1227 4550 Arcadici),
1235 4493 1262 4539 ut
1270 4485 1535 4545 Evanderinslitueral,
1548 4483 1696 4535 sacrificium
1708 4484 1823 4541 tacturos,
1831 4485 1874 4533 illo

1099 4600 1225 4638 sacrorum
1239 4588 1348 4648 ternpore
1367 4582 1465 4633 lnndlas
1484 4581 1518 4632 eis
1540 4584 1694 4640 struxerunt,
1709 4594 1760 4642 quo
1774 4585 1871 4644 oporte·

1099 4684 1143 4734 bat
1154 4684 1254 4733 iuvenes
1265 4680 1309 4744 qui
1318 4681 1405 4755 collem
1418 4678 1557 4729 Palatinum
1569 4678 1705 4733 hinniebant
1726 4680 1781 4742 post
1792 4690 1865 4741 para·

1099 4786 1168 4832 clum
1189 4778 1337 4830 sacriticluru
1354 4791 1386 4827 ea
1402 4776 1529 4841 Lupercali
1547 4776 1670 4840 prolectas
1689 4788 1778 4839 pagum
1792 4773 1875 4830 nudus

1100 4900 1174 4937 cursu
1182 4883 1320 4944 circumire,
1330 4882 1434 4948 panibus
1443 4881 1599 4932 uictimarum
1608 4892 1694 4931 raucus
1705 4882 1868 4930 nnctubrurn

1099 4980 1214 5046 pudenda
1227 4980 1374 5029 succinctus.
1414 4977 1443 5027 ld
1457 4979 1540 5026 numm
1560 4976 1613 5025 crat
1631 4973 1756 5036 quoddam
1781 4971 1871 5022 lustra-

1102 5075 1175 5125 tionis
1185 5086 1262 5138 gcnns
1272 5072 1337 5137 apuu
1348 5084 1454 5136 paganus
1466 5083 1534 5120 ruore
1545 5070 1625 5133 patrio
1640 5071 1768 5131 receptum
1784 5082 1792 5113 τ
1804 5066 1871 5130 qnod

1099 5182 1164 5219 nunc
1180 5181 1278 5233 quoque
1296 5167 1347 5218 neri
1359 5166 1429 5217 solet.
1452 5169 1487 5216 Eo
1500 5164 1574 5229 igitur
1583 5168 1691 5228 ternpore
1704 5161 1813 5223 bubulci,
1826 5160 1871 5224 qui
