4048 5924
629 420 925 496 ANTIQUITATUM
948 422 1097 486 Roman.
1121 425 1193 487 LIB.
1216 426 1293 488 vili.
1697 433 1756 490 tir

147 580 161 608 ιι
177 553 305 633 γυναῖκας
325 551 522 626 κοινωνησάσας
536 555 615 662 ίερῦν
628 576 692 613 ποτε
707 553 753 614 καὶ
769 551 864 613 θσίων·
878 555 924 613 καὶ

147 669 161 696 ιι
177 640 373 722 παραλαῦσῦσα
391 640 459 720 μετὰ
483 644 596 714 σεαυτῆς
620 641 804 719 Οὐολουμνίαν
824 665 853 700 τε
875 642 923 713 τὴν

147 756 161 781 ιι
178 730 279 876 ἇγδαθήν
291 737 403 809 γυναῖκα
418 729 464 790 καὶ
476 729 536 797 τοῦς
547 732 691 797 παῖδας’
663 733 743 801 αυτῆς
753 729 799 789 καλ
814 728 860 797 τδις
873 730 926 790 lxt-

147 844 161 871 ιι
177 818 219 876 τιδ
221 842 252 886 ας
271 822 343 893 ἡμᾶς
361 817 490 899 ρερσύσας
505 816 584 876 ιδ’
552 840 635 889 νηπια
648 817 740 890 ταυτὶ,
759 808 848 891 tac*
826 842 850 879 ω
865 842 923 897 γιν·

148 932 160 958 ι
176 906 258 980 ναίσι,
273 906 308 965 ἴθι
328 904 430 986 πρδς
406 927 451 964 τον
469 905 524 964 υίδν
543 908 641 964 καλ
608 911 683 964 πεῖθε
699 927 745 963 και
734 899 868 984 λιπσίρει
878 905 924 964 καί

148 1021 161 1047 ιι
179 992 247 1072 μὴ’
232 999 296 1074 ανῇς
317 995 437 1074 δεομένη,
453 992 516 1072 μίαν
535 993 593 1053 ἀντί
605 994 758 1054 πσλλιῗιν’
722 1017 800 1075 χαριυ
813 996 924 1054 αίτσῦσα

148 1109 161 1135 ιι
178 1084 242 1164 παρ’
257 1086 352 1162 αὐτοῦ,
375 1083 533 1143 σπείσασθαι
547 1081 613 1162 πρὸς
625 1082 684 1150 τούς
702 1086 797 1142 ἑαυτοῦ
816 1083 925 1151 πολίτας

148 1197 161 1224 ιι
179 1173 224 1230 καὶ
245 1175 379 1232 κατιλθοῖν
400 1175 437 1239 ιίς
461 1171 509 1242 τὴν
527 1169 653 1248 δεομένην
677 1171 819 1230 σἰπολαύιῖν
846 1172 924 1231 αὐτὸν

147 1285 161 1310 ιι
180 1260 304 1340 πατρίδα·
321 1259 420 1327 πείσεις
437 1248 537 1336 γδιρ,εῦ
547 1256 611 1330 ἴσθι,
622 1257 668 1316 καὶ
679 1259 710 1317 σύ
725 1250 882 1341 περιόψεταί
894 1282 924 1319 σε

94 1383 119 1422 ,η
147 1373 160 1401 ιι
177 1350 337 1430 ἐρριμμένην
352 1349 426 1429 παρλ
439 1350 493 1416 τοῖς
507 1351 601 1406 ἑαυτοῦ
621 1346 698 1407 πσσλν
714 1346 781 1427 ἀνὴρ
800 1348 922 1422 εύσεύής.

148 1439 378 1518 ιιΙίαταγαγσῦσα
396 1435 424 1496 δί
445 1435 489 1494 τδν
508 1434 563 1494 υίδν
586 1437 621 1502 είς
645 1435 692 1508 τὴν
714 1439 789 1495 πολιν
813 1436 879 1508 αὐτή
893 1460 924 1496 τε

147 1550 160 1577 ι
177 1525 307 1587 σἰθσίνατσν
324 1524 390 1595 ἔξεις
403 1525 497 1601 κλέος,
510 1521 601 1603 ὥσπερ
618 1523 702 1596 οἰκὸς,
721 1527 752 1584 ἐκ
766 1523 922 1598 τηλικούτου

147 1639 160 1663 ιι
177 1615 297 1676 κινδύνου
312 1614 359 1674 καὶ
368 1611 451 1694 ρόύου
464 1609 598 1692 ρυσαμίνη
608 1612 656 1683 τὴν
669 1613 793 1694 πατρίδα,
805 1613 851 1673 καὶ
860 1616 924 1690 ἡμῖν

148 1728 161 1755 ιι
178 1709 258 1781 τιμῆς
270 1727 338 1771 τινος
352 1702 425 1762 αἰτία
447 1700 519 1779 παρὰ
532 1708 586 1768 τοῖς
601 1701 726 1781 ἀνδράσιν
748 1702 807 1780 ε’τῃ,
823 1705 864 1761 ὅτι
879 1701 923 1760 τὸν

146 1818 160 1845 ιι
179 1794 209 1851 σθ
230 1794 372 1866 δυνηθέντα
392 1793 437 1850 ὑπ’
451 1792 557 1850 ἐκείνων
573 1791 793 1862 διασκεδασθῆναι
809 1791 923 1867 πόλεμον

145 1908 160 1932 ιι
179 1881 256 1940 αύταὶ
275 1880 447 1955 διελύσαμεν·
469 1878 574 1938 ίκείνων
587 1900 617 1936 τι
631 1879 736 1950 ἀληθῶς
754 1877 856 1956 ίγγσνσι
870 1881 923 1937 τῶν

145 1996 159 2021 ιι
179 1974 311 2046 γυναικῶν
326 1968 513 2051 φανησόμεθα,
530 1964 559 2026 al
573 1966 618 2026 τὸν
633 1969 767 2028 συστάντα
789 1967 923 2051 Ῥωμύλῳ

145 2083 158 2108 ιι
175 2056 242 2138 πρδς
277 2055 407 2123 Σαύίνσυς
440 2054 555 2132 πόλεμον
587 2054 666 2114 αύταὶ
693 2054 923 2135 πρισόιυσύμεναι

146 2170 159 2197 ιι
175 2145 313 2218 διελυσαν,
326 2143 373 2204 καί
392 2149 588 2224 συναγαγοῦσαι
607 2141 666 2211 τούς
677 2165 706 2202 τι
723 2145 856 2252 ἡγεμόνας
877 2143 922 2203 καί

89 2232 209 2292 θλιιτλ
227 2232 288 2306 ίθνη
309 2232 428 2312 μεγάλην
450 2234 481 2292 ίκ
502 2240 597 2343 μικρᾶς
613 2230 787 2303 ἐποίησαν
759 2255 807 2303 την
831 2230 919 2290 πολιν.

146 2320 268 2388 «llatae
298 2326 312 2380 θ
338 2321 473 2393 κίνδυνος,
498 2344 521 2379 ω
502 2310 755 2400 Ὀύιτουρία,
729 2342 774 2379 τον
797 2320 852 2380 υἱὸν
875 2344 923 2380 uo·

145 2408 320 2485 ιιμίσασθαι,
343 2410 515 2488 ίλευθιριῦσαι
541 2405 590 2480 τὴν
613 2406 746 2488 πατρίδα,
767 2412 852 2470 σῶσαι
875 2409 923 2477 τὰς

145 2501 270 2571 ιιίαυτῆς
295 2498 447 2572 πολίτιδας,
471 2495 576 2564 κλέος
561 2500 656 2577 αρετῆς
677 2496 807 2559 altiores
825 2499 920 2581 [ίγγόι

146 2588 248 2666 ινσις]
264 2594 317 2654 τοῖς
328 2587 461 2665 ἐσομένοις
472 2588 638 2647 καταλιπεῖν
680 2585 731 2653 aa<
744 2588 808 2664 ἡμῖν
822 2591 921 2649 ἑκοῦσα

89 2684 153 2729 ²⁶«
153 2675 222 2735 ικαλ
245 2676 313 2753 μετδ
334 2675 516 2756 προθυμίαςτ
500 2675 548 2748 την
569 2674 647 2784 χέριγ
673 2675 719 2734 καί
740 2683 871 2751 σπεῦσον,
896 2703 919 2738 ω

146 2764 335 2844 «Οὐετουρία.
391 2763 495 2838 Βουλὴν
522 2762 573 2845 γὰρ
596 2762 699 2845 γρόνιυν
714 2765 774 2825 ὁ
746 2767 863 2834 κινδυνσς
884 2766 922 2826 ὢν

144 2853 226 2912 «aaa
240 2851 400 2934 ίπιδίχεται.
417 2874 434 2911 ι)

981 584 992 609 ι
1007 564 1093 616 liberis
1105 566 1225 632 nobisque
1237 567 1407 632 supplicibus,
1423 581 1481 634 quas
1494 568 1542 620 hos
1552 568 1660 622 infantes
1671 574 1757 636 porta-

981 680 993 705 ι
1007 676 1079 722 mus
1093 663 1130 713 ito
1149 663 1182 714 ad
1199 663 1294 723 lilium,
1310 679 1327 715 o
1344 665 1439 729 optima
1452 665 1560 726 femina,
1584 667 1619 717 ito
1640 672 1666 718 et
1678 673 1757 721 oraet

981 758 1127 820 «obsecra,
1145 773 1191 810 nec
1203 758 1288 811 desine
1307 761 1415 824 precari,
1430 764 1459 812 ut
1476 761 1522 811 tibi
1537 762 1688 813 haricuriam
1705 779 1759 829 gra·

981 874 994 898 ιι
1009 854 1069 905 tiam
1082 869 1128 920 pro
1139 859 1177 906 tot
1194 856 1319 907 beneficiis
1338 856 1475 921 reposcenti
1492 856 1601 918 reserat,
1618 865 1694 925 atque
1713 876 1758 926 pa-

980 971 994 999 ιι
1006 966 1061 1004 cem
1080 967 1138 1004 eum
1160 955 1213 1005 suis
1237 953 1335 1005 civibm
1350 954 1441 1015 iaciat,
1464 958 1544 1021 utque
1559 957 1584 1008 in
1602 959 1724 1032 patriam,
1742 976 1757 1011 a

981 1070 993 1095 ι
1006 1065 1058 1116 qua
1068 1050 1233 1113 desideratur,
1245 1053 1347 1111 ‚redeat
1380 1056 1442 1104 Rem
1461 1053 1528 1104 enim
1547 1054 1570 1105 ei
1582 1059 1590 1117 (
1601 1060 1670 1107 certo
1689 1058 1760 1132 scias)

981 1166 993 1189 ιι
1007 1148 1185 1211 persuadebis,
1198 1152 1276 1200 necte
1289 1149 1322 1200 ad
1333 1164 1392 1200 suos
1404 1150 1481 1215 pedes
1496 1166 1597 1204 manere
1607 1158 1758 1219 prostratam

981 1265 993 1289 ι
1010 1244 1049 1293 rir
1061 1245 1117 1308 pius
1130 1246 1248 1310 patietur.
1282 1246 1356 1306 Quod
1374 1248 1394 1297 si
1411 1248 1490 1298 lilium
1513 1250 1539 1299 in
1556 1251 1661 1314 patriam
1681 1252 1758 1304 redu·

981 1364 993 1387 ι
1008 1342 1088 1405 xoris,
1102 1344 1194 1409 etipsa
1207 1348 1252 1407 (ut
1261 1345 1395 1397 verisimile
1407 1348 1461 1410 est)
1473 1347 1641 1401 immortalem
1653 1350 1758 1416 gloriam

981 1461 993 1484 ιι
1010 1441 1181 1505 consequeris,
1198 1442 1293 1507 quippe
1302 1456 1361 1508 quas
1371 1446 1442 1494 tanto
1456 1445 1567 1508 periculo
1584 1451 1610 1497 et
1628 1448 1758 1500 tormidine

980 1558 993 1584 ιι
1006 1539 1114 1604 patriam
1131 1538 1290 1604 liberareris3
1301 1544 1327 1591 et
1341 1555 1386 1592 uos
1399 1541 1569 1593 honoratiores
1578 1544 1646 1608 apud
1655 1547 1758 1601 maritos

980 1635 1099 1699 «iacies,
1119 1635 1282 1701 quodquam
1303 1637 1362 1689 belli
1385 1639 1477 1692 nubem
1498 1641 1546 1707 ipsi
1573 1640 1689 1706 disjicere
1709 1659 1758 1696 non

981 1730 1150 1796 «potuerint,
1165 1744 1210 1781 uos
1231 1731 1425 1797 dispulerimus;
1446 1737 1480 1803 et,
1496 1750 1612 1801 germana
1631 1741 1758 1804 progenies

980 1850 993 1874 ιι
1007 1830 1108 1882 ἰΙΙοιιιιιι
1137 1831 1272 1882 mulierum
1295 1831 1447 1893 videbimur,
1476 1847 1546 1898 quae,
1578 1834 1672 1886 bellum
1693 1836 1758 1887 inter

980 1933 1140 1984 ollomulum
1163 1937 1189 1983 et
1210 1933 1315 1985 Sabinos
1338 1938 1451 1986 coortum
1478 1934 1539 1999 ipsa
1561 1949 1607 1986 sua
1636 1936 1758 1999 legatione

979 2044 992 2067 ι
1007 2024 1137 2089 sedantes,
1158 2032 1183 2079 et
1203 2029 1281 2081 duces
1303 2044 1332 2080 ac
1352 2031 1457 2096 populos
1475 2030 1650 2094 mnciliantes,
1670 2032 1758 2085 urbem

978 2143 991 2167 ι
1008 2138 1039 2175 ex
1049 2138 1126 2189 parra
1138 2140 1252 2190 magnam
1266 2126 1382 2179 fecerant.
1395 2129 1546 2180 Praeclarum
1557 2134 1596 2181 est
1608 2131 1756 2197 periculum,

978 2243 991 2267 ι
1007 2223 1124 2285 veturia,
1141 2223 1221 2274 illium
1232 2224 1358 2290 recipere,
1371 2226 1478 2291 patriam
1489 2226 1610 2287 liberare,
1621 2243 1681 2280 suos
1691 2230 1758 2281 cives

979 2341 992 2367 ι
1006 2334 1121 2383 servare,
1144 2325 1171 2372 et
1191 2322 1357 2374 immortalem
1383 2324 1486 2389 gloriam
1512 2327 1652 2391 posteritati
1678 2329 1754 2380 reliu-

979 2440 992 2465 ι
1005 2433 1091 2484 ιγιιοιο.
1124 2421 1224 2484 Largire
1241 2421 1313 2473 nobis
1325 2421 1414 2474 lubens
1426 2425 1453 2473 et
1471 2423 1588 2474 alacriter
1604 2424 1653 2475 hoc
1664 2425 1755 2477 beneti-

979 2540 992 2565 ι
1006 2518 1087 2579 mum,
1108 2523 1184 2585 atque
1201 2532 1320 2584 propera,
1340 2521 1452 2571 Veturia.
1486 2520 1559 2572 lstud
1572 2523 1638 2574 enim
1658 2525 1757 2588 pericu·

978 2643 991 2670 ιι
1006 2623 1081 2674 lum
1073 2638 1124 2675 rum
1142 2623 1274 2676 imminens
1314 2637 1361 2676 noc
1378 2624 1586 2677 consultationem
1611 2639 1657 2677 nec
1675 2639 1758 2677 moras

978 2725 1109 2789 «patitur.
1122 2744 1134 2769 ι

180 2942 257 3005 XLI,
281 2940 380 3020 Ημδν
395 2940 427 3015 δὴ
444 2965 530 3002 ταυτα
552 2943 662 3003 εἰποῦσα
681 2941 828 3003 καὶπολλὰ
840 2967 920 3024 προς.
1010 2948 1071 2997 XLI·
1089 2945 1136 2997 illa
1147 2944 1224 3009 igitur
1240 2944 1280 2996 hii
1300 2943 1376 2996 (lictis
1398 2950 1424 2997 et
1443 2945 1531 2998 multia
1550 2945 1758 2999 lacrimiseffusis

141 3032 321 3114 μίνηδσίκρυιι
334 3031 465 3112 ἐσίγησεν.
508 3032 692 3114 Ὀδυρομίνσιν
706 3033 792 3093 δὲκαὶ
806 3038 858 3094 τῶν
873 3037 922 3095 ἀλ.
978 3034 1107 3085 conticuit.
1130 3034 1336 3085 lamentantibus
1353 3038 1439 3086 autem
1458 3039 1485 3086 et
1496 3034 1599 3101 reliquis
1609 3036 1757 3089 mulieribus

87 3124 115 3165 ³⁰
141 3123 193 3181 λων
206 3124 335 3201 γυναικῶν
348 3120 394 3180 καί
409 3120 509 3190 πολλδις
522 3119 810 3199 δοιίσειςποισυμίνων,
828 3123 921 3205 μικρδν
978 3122 1112 3174 timulsti
1130 3136 1217 3187 1³¹²oess
1237 3122 1430 3183 adhibentibus.
1448 3125 1567 3185 Veturia,
1584 3129 1756 3191 paalparvam

141 3211 288 3291 ίπισχοῦσα
303 3214 320 3283 ἡ
337 3208 482 3289 Οὐετουρία
495 3208 544 3269 καί
563 3207 717 3289 δακύρσασα
732 3200 921 3281 stravam<
977 3226 1082 3276 moram,
1095 3212 1227 3263 lacrimans
1240 3212 1385 3277 rospondit.
1406 3213 1472 3264 aad
1488 3214 1614 3265 infirmam
1627 3217 1653 3265 et
1666 3214 1756 3266 erilem

142 3302 271 3372 ιιίσθενῆ
285 3297 331 3358 καί
342 3296 440 3372 λεπτὴν
452 3299 529 3359 ίλπι
530 3322 547 3356 α
561 3298 794 3378 καταπεφεύγατε,
808 3325 831 3361 ω
811 3290 920 3363 Οθα·
979 3316 1073 3368 «apem
1093 3301 1254 3366 wusussislis
1267 3300 1367 3353 Valeria
1374 3316 1482 3367 nempe
1493 3303 1526 3354 ad
1538 3307 1649 3354 nostram
1666 3318 1754 3370 opem.

143 3388 269 3471 ιλσρία,
292 3388 340 3461 τὴν
360 3386 388 3456 ἐξ
406 3390 515 3535 ἡμῶνὸ
507 3387 604 3447 ἀθλίων
626 3393 756 3466 γυναικῶν
781 3389 918 3467 βοήθειαν,
979 3413 991 3437 ι
1004 3407 1063 3460 quae
1075 3392 1172 3443 misera
1189 3405 1277 3443 sumus
1291 3392 1423 3451 mulieres,
1436 3392 1530 3456 quibm
1548 3393 1640 3444 caritas
1653 3394 1756 3459 quidem

145 3502 158 3531 ιι
175 3467 217 3544 αἷς
231 3480 249 3548 ἡ
265 3473 356 3552 μίν
327 3479 446 3547 ευνσιαὴ
463 3475 528 3589 πρὸς
516 3475 596 3547 τλςν
617 3499 673 3534 πατ
690 3474 733 3534 ίδα
746 3479 860 3583 πάρεστι
874 3481 920 3538 καὶ
978 3503 991 3529 ι
1006 3497 1063 3546 erga
1077 3481 1185 3546 patriam
1200 3481 1286 3542 adest,
1298 3485 1325 3531 et
1337 3481 1454 3532 voluutas
1466 3481 1583 3532 servandi
1601 3483 1678 3543 cives,
1691 3496 1756 3548 qua-

85 3577 115 3617 85
145 3565 206 3625 ιιτδ
220 3565 304 3625 θίλιιν
317 3562 447 3634 σώζεσθαι
458 3562 518 3631 τους
531 3563 641 3631 πολίτας
662 3498 711 3622 σίσί
731 3586 793 3624 ποτε
786 3568 918 3643 'alcimi
978 3592 991 3615 ιι
1005 3571 1139 3634 tescunque
1159 3568 1196 3618 illi
1218 3572 1292 3629 sunt3
1312 3568 1356 3619 sed
1376 3569 1443 3621 vires
1469 3569 1561 3621 desunt
1581 3573 1607 3621 et
1626 3571 1663 3621 rei
1688 3584 1757 3635 pera-

143 3654 204 3714 «aa
219 3652 295 3734 Ισχυς
309 3652 392 3712 καί
368 3675 398 3712 τσ
409 3653 534 3713 δύνασθαι
545 3653 628 3712 ποιεῖν
643 3652 661 3710 δ
675 3653 782 3730 θίλσμιν
798 3653 917 3718 ἄπεστιν.
977 3679 990 3706 ιι
1007 3657 1093 3723 gendo
1104 3657 1218 3708 facultas.
1252 3658 1362 3708 Marcius
1380 3659 1460 3719 enim,
1479 3659 1597 3720 Valeria,
1616 3673 1662 3709 nos
1683 3672 1756 3709 aver·

143 3742 371 3824 ιιἈιτίστρσπται
385 3743 437 3824 γὰρ
456 3749 543 3820 ἡμᾶς,
563 3767 586 3802 ω
613 3742 769 3820 Οὐαλερία,
783 3742 835 3805 Μιί
836 3765 919 3824 ρκισς,
977 3769 990 3793 ι
1006 3752 1085 3808 satur,
1098 3762 1130 3798 οι
1141 3760 1193 3811 qno
1204 3747 1274 3811 plebs
1283 3761 1342 3797 cum
1356 3747 1445 3799 acerbo
1455 3747 1499 3799 illo
1507 3747 1600 3799 iudicio
1611 3747 1754 3804 damnarit,

142 3831 200 3900 ιιίξ
221 3821 315 3905 σῦτὴν
335 3854 399 3912 πικρ
401 3832 432 3890 διν
448 3832 549 3905 ἐκιίνην
564 3835 578 3891 ὁ
593 3833 675 3908 δῆμος
697 3833 776 3893 αὐτοῦ
801 3833 920 3914 κατέγνω
976 3858 989 3883 ι
1006 3842 1032 3889 et
1055 3851 1105 3887 una
1127 3850 1185 3887 cum
1206 3834 1288 3900 patria
1308 3837 1386 3886 totam
1408 3834 1529 3886 familiam
1546 3834 1604 3886 odio
1625 3835 1755 3900 pmscqui·

142 3949 156 3974 ι
173 3922 267 3997 δίκην,
292 3920 340 3982 καλ
366 3921 500 3999 μιμίσηκε
525 3922 572 3992 τὴν
591 3922 718 3995 δύστηνον
745 3924 828 3983 οὶκίαν
856 3927 920 3997 ὅλην
977 3946 989 3970 ιι
1004 3930 1055 3977 tur.
1088 3927 1250 3984 limantem,
1268 3922 1505 3988 nouabalioquam
1518 3923 1572 3988 ipso
1582 3922 1756 3973 Marclooom·

82 4026 113 4065 ευ
142 4037 156 4063 ιι
173 4009 272 4093 όματῇ
287 4010 654 4090 πατρίδι-τσῦτσδδύμῑνσύ
667 4015 730 4093 παρ’
747 4014 827 4075 ἄλλου
840 4009 918 4086 τινὸς,
976 4036 990 4061 ιι
1004 4018 1104 4082 portum
1120 4027 1164 4065 nos
1180 4012 1285 4073 habere,
1310 4012 1394 4063 dicere
1409 4011 1481 4063 robis
1497 4024 1638 4077 possumus.
1671 4014 1756 4070 Quum

142 4125 156 4151 ιι
170 4099 241 4159 ἀλλὰ
252 4100 314 4181 παρ’
331 4102 412 4159 αὐτοῦ
426 4099 550 4181 Μαρκίου
566 4105 699 4178 μαθοῦσαι
715 4101 801 4178 λέγειν
814 4103 919 4182 ἔχομεν.

142 4215 156 4241 ιι
171 4188 239 4249 Ὅτι
264 4189 317 4270 γὰρ
343 4186 423 4257 ἃλσῦς
443 4193 491 4262 τῆν
513 4189 588 4263 δίκην
611 4181 688 4261 ἦλθαν
705 4193 741 4257 είς
765 4190 813 4264 τλν
834 4192 919 4251 οἰκίαν

141 4302 154 4328 ιι
171 4278 392 4356 προπεμπόμενος
416 4278 469 4339 ύπδ
503 4281 555 4338 τῦιν
588 4279 717 4389 ἑταίριμν,
752 4279 915 4340 καταλαύδιν

141 4393 154 4418 ι
171 4372 243 4444 ἡμᾶς
261 4367 415 4444 καθημένας
434 4371 461 4429 a
477 4368 611 4447 πενθίμοις
630 4368 758 4450 τρύχεσι,
772 4369 917 4444 ταπεινός,

143 4481 155 4507 ιι
172 4454 322 4536 κρατούσας
333 4457 361 4514 έν
375 4463 430 4525 τοῖς
445 4456 537 4536 γόνασι
559 4457 684 4519 τὰτέκνα
698 4460 794 4532 αὐτοῦ,
812 4458 917 4535 στενού-

141 4572 155 4596 ιι
172 4569 221 4611 σας
232 4567 261 4604 τι
275 4535 318 4606 οἶα
333 4544 401 4612 ιίκδς
414 4544 460 4605 καί
473 4547 683 4624 ἀνακλαιομένας
694 4545 743 4620 τλν
759 4547 918 4617 καθέξουσαν

142 4659 155 4683 ι
174 4634 289 4709 ἡμᾶς’
259 4657 362 4714 τυχην,
387 4637 561 4717 στερουμίνας
586 4636 705 4709 ίκείνσυ,
736 4634 800 4703 στλς
824 4636 918 4716 μικρὸν

141 4748 155 4773 ιι
173 4721 275 4782 όπωθιν
290 4727 366 4800 θμῦν
386 4724 556 4807 όδακρυς,”
535 4748 627 4806 ωσπερ
643 4726 730 4797 λίθος,
746 4725 792 4784 καί
806 4727 916 4798 αἰτινής

140 4835 153 4860 ιι
171 4807 307 4888 Οίχεται,
331 4814 426 4893 ρησίν,
451 4814 514 4888 ύμῖν
537 4802 723 4894 Μάρκιος,
702 4837 726 4871 ω
748 4817 832 4893 μῆτερ
837 4812 917 4890 ἅμα

140 4925 154 4950 ι
171 4896 255 4957 καί
229 4919 278 4970 συ,
293 4924 315 4960 ω
296 4890 506 4978 Οὐολουμνία,
518 4899 647 4981 κρατίστη
661 4903 812 5007 γυναικῦγ,
828 4899 917 4970 δξελα·

139 5014 153 5041 ιι
171 4985 224 5054 θεὶς
235 4988 332 5049 tao*
297 5013 349 5049 των
362 4994 492 5066 πσλιτῶν,
505 4989 546 5049 ότι
563 4998 681 5069 γινναίσς
700 4981 732 5062 ἤν
746 5012 792 5048 και
781 4989 917 5070 ριλύπσ·

138 5104 152 5130 ι
169 5079 209 5146 λις
225 5099 271 5137 και
261 5078 396 5148 πολλοὺς
411 5079 550 5157 ὑπέμεινεν
563 5078 677 5158 ύπίρ
643 5101 692 5152 της
708 5078 861 5159 πατρίδος’
845 5102 916 5158 αγω·

137 5192 151 5219 ιι
167 5190 225 5235 νας.
279 5166 348 5231 Ἀλλ’
371 5175 408 5238 ὡς
430 5169 526 5251 πρίπιι
547 5167 663 5249 γυναιῖιν
688 5170 822 5247 ἀγαθαῖς,
847 5168 916 5231 lato

137 5281 151 5307 ιι
169 5256 262 5338 φέρετε
291 5257 339 5325 aar
364 5257 500 5341 συμρορδις
532 5258 614 5336 μηδὲν
637 5258 761 5340 ἄσχημον
793 5263 916 5320 ποιοῦσαι

977 4127 990 4151 ι
1004 4107 1071 4158 enim
1087 4105 1222 4156 damnatus
1238 4101 1332 4153 iudicio
1351 4101 1454 4152 domum
1475 4101 1507 4152 ab
1523 4100 1610 4153 amicis
1632 4099 1756 4153 deductus

975 4215 988 4238 ι
1001 4195 1129 4254 rediisset,
1151 4198 1178 4245 et
1197 4207 1243 4244 nos
1251 4192 1365 4257 lugentes
1378 4190 1515 4242 invenisset
1537 4193 1564 4242 et
1577 4190 1719 4243 sordidatas
1729 4194 1755 4242 et

976 4304 989 4329 ιι
1004 4285 1108 4335 miseros
1127 4283 1190 4334 lilios
1207 4295 1266 4333 suos
1283 4281 1310 4331 iu
1323 4281 1416 4345 gremio
1438 4282 1563 4343 tenentes,
1582 4284 1608 4331 el
1629 4284 1756 4346 gementes

975 4391 988 4415 ι
1006 4374 1047 4432 et,
1059 4374 1090 4421 ut
1108 4384 1154 4436 par
1167 4373 1231 4431 erat,
1243 4369 1400 4434 deplorantes
1417 4366 1558 4433 fortunam,
1573 4368 1600 4419 in
1609 4382 1659 4432 qua
1676 4368 1755 4418 vitam

976 4481 990 4505 ι
1003 4460 1048 4512 illo
1061 4460 1164 4517 orbatae.
1177 4462 1340 4510 transactura
1355 4472 1475 4517 essemus.
1496 4472 1627 4523 quumque
1640 4457 1755 4521 aliquan·

976 4550 1085 4601 «tulum
1103 4563 1119 4599 a
1135 4549 1206 4600 nobis
1219 4552 1331 4600 minutus
1342 4549 1396 4600 sine
1417 4547 1542 4608 lacrimis,
1557 4547 1637 4598 instar
1649 4544 1753 4609 lapidis,

975 4660 988 4685 ιι
1002 4642 1028 4691 et
1038 4637 1150 4691 immotis
1168 4637 1248 4688 oculis
1267 4638 1379 4689 stetisset
1390 4655 1396 4686 ι
1408 4638 1487 4689 Periit
1513 4635 1584 4687 robis
1599 4634 1723 4695 Marcius,
1739 4647 1755 4683 o

976 4729 1097 4781 «meteri
1114 4732 1140 4779 et
1159 4731 1188 4778 tu
1198 4740 1315 4793 quoque,
1332 4726 1480 4789 Volumnia,
1496 4725 1631 4776 mulierum
1642 4724 1754 4788 optima,

975 4832 1017 4869 a
1033 4818 1132 4870 civibus
1152 4817 1289 4882 expulsus,
1315 4817 1383 4883 quod
1401 4816 1441 4867 rir
1464 4828 1598 4880 generosus
1619 4816 1645 4864 et
1665 4814 1754 4877 patrias

975 4926 988 4955 ι
1002 4922 1090 4960 amans
1126 4913 1180 4960 erat
1193 4908 1312 4973 quodque
1323 4922 1369 4973 pro
1381 4922 1411 4959 ea
1428 4906 1509 4959 multa
1521 4905 1657 4958 οοιῑαισίσι
1670 4904 1755 4956 subie-

974 5016 987 5041 ιι
1001 5000 1049 5048 ιιι,
1083 5000 1181 5059 Quare,
1200 5001 1229 5048 ut
1249 4996 1320 5049 derat
1344 4997 1422 5048 bonas
1442 4996 1577 5057 mulieres,
1599 4995 1754 5045 calamitates

974 5106 986 5129 ι
1002 5084 1083 5146 terte,
1097 5085 1160 5137 nihil
1170 5084 1332 5146 indecorum,
1351 5084 1414 5136 nilril
1430 5084 1552 5136 illiberale
1564 5083 1697 5143 fauentes,
1715 5086 1753 5133 at·

974 5197 987 5222 ιι
1001 5191 1052 5242 quo
1075 5177 1122 5229 hos
1143 5190 1235 5243 pucros
1258 5190 1322 5229 mere
1345 5177 1464 5229 ιθοοιιθω
1492 5177 1610 5229 solatium
1631 5175 1753 5228 habentes

975 5289 987 5313 ι
1003 5267 1125 5332 musam,
1144 5270 1219 5334 prout
1244 5270 1328 5320 vestm
1350 5271 1493 5334 vestraeque
1517 5265 1619 5320 lamiis
1638 5264 1754 5333 dignitate
