4088 5936
674 420 966 496 suuiourmuuu
987 420 1134 483 unuin.
1157 422 1231 483 am.
1256 424 1304 484 ιι.
1456 387 1461 397 ’
1726 427 1788 489 εον

171 556 286 640 εἰρχοιίας
301 559 485 629 κατασκευῆς,
502 554 641 637 βουληθείη
657 564 761 637 μετρεῖν
779 555 862 627 αύτλν
881 555 951 615 κατδι
1007 568 1125 625 serrant,
1139 565 1247 617 soluerit
1261 566 1340 631 ipsam
1352 566 1435 618 metiri
1450 568 1546 617 etcum
1563 567 1718 618 Athenarum
1730 581 1785 619 am·

171 648 216 707 τὸν
246 646 368 719 Ἀθηνῶν
395 648 503 716 κύκλον,
520 647 565 705 τὀν
591 644 749 726 περιέχοντα
772 644 802 704 τὸ
823 644 900 717 niuno,
921 646 951 702 οὗ
1024 701 1030 713 ,
1593 707 1598 718 ,
1694 707 1700 719 ι

174 736 263 814 πολλῷ
285 759 336 793 τιν,
363 735 458 812 μείζων
486 732 692 811 &dmm
708 735 740 794 ἂν
766 736 838 814 αὐτῷ
856 731 950 813 φανείη
1006 703 1190 768 bstnconierre,
1206 707 1424 756 certenoumuito
1437 705 1787 773 itomaeambrtusmamrap-

171 824 274 889 κύκλος·
320 824 396 883 Ἀλλ’
406 822 472 902 ὑπὲρ
488 822 536 902 μὲν
552 827 598 883 τοῦ
618 822 740 900 μεγέθους
763 845 792 881 τε
814 821 860 882 καί
882 822 950 880 κᾶλ-
1006 841 1111 904 parebit.
1132 841 1181 892 Sed
1205 842 1236 892 de
1254 843 1423 906 magnitudine
1441 846 1468 894 et
1491 842 1677 908 pulchritudine
1699 846 1787 911 urbis,

127 921 143 959 ὓ
171 916 230 978 λους
243 915 291 982 τῆς
300 914 420 987 πόλεως,
446 915 481 978 ῶς
499 910 568 971 κατδι
583 911 632 982 τλν
647 911 712 987 ἐμὴν
737 900 809 990 εἶχεν
827 908 950 983 ἡλικίαν,

170 1004 257 1080 έτερσς
270 999 391 1082 ίατειτῇ
407 1003 528 1079 διηγήσει
543 1002 635 1081 καιρὸς
650 1001 869 1080 ἐπιτηδειότερος.

213 1088 290 1150 xiv.
312 1088 346 1149 ‘0
372 1090 414 1151 di.
426 1090 560 1162 Τύλλιος,
576 1090 666 1162 ἐπειδὴ
687 1090 747 1156 τοὺς
763 1087 830 1147 ἑπτὰ
852 1087 951 1169 λόφθυς

172 1178 211 1238 tot
226 1178 306 1257 τείχει
314 1178 484 1256 περιέλαόεν,
496 1182 533 1246 εἰς
545 1178 673 1258 τέτταρας
688 1178 779 1257 μοίρας
798 1176 891 1236 διελὼν
904 1176 952 1248 τὴν

171 1267 258 1339 πόλιν,
270 1269 317 1326 καί
335 1266 440 1343 θέμενος
456 1267 499 1326 ini
517 1269 570 1326 τῶν
592 1266 680 1349 λόφων
703 1268 761 1332 ταῖς
784 1267 887 1346 μοίραις
907 1264 954 1332 τάς

116 1370 145 1411 to
173 1358 389 1438 έπικλήσεις,τῇ
412 1355 460 1433 μέν
477 1355 649 1435 Παλατίνην,
672 1356 751 1436 τῇδὲ
775 1354 951 1436 Σοόωράνην,

172 1452 206 1527 τῇ
230 1445 258 1504 δὲ
285 1450 361 1525 τρίτῃ
387 1446 529 1519 Κολλίνην,
554 1451 587 1527 τῇ
609 1446 636 1505 it
658 1446 772 1524 τετάρτῃ
790 1449 842 1503 τῶν
855 1449 953 1527 μοιρῶν
1007 1440 1162 1502 Palatinam,
1181 1441 1315 1493 secundam
1326 1443 1498 1505 Suburanam,
1511 1448 1610 1497 tertiam
1624 1449 1788 1513 cotiatinam,

173 1535 354 1609 Ἐτκυλίνην,
367 1535 528 1617 τετράφυλον
543 1534 653 1605 ἐποίησε
664 1535 712 1607 τὴν
726 1536 802 1592 πολιν
817 1524 954 1613 εἶναιτρί-
1009 1548 1122 1609 quartam
1132 1528 1284 1612 Esqoiiinam
1298 1548 1450 1614 :effecitque
1466 1553 1494 1602 ut
1507 1553 1568 1604 urbs
1582 1559 1690 1617 quatuor
1708 1556 1789 1608 tribus

173 1628 253 1703 φυλον
268 1617 349 1684 οὖσαν
367 1625 444 1703 τέως,
460 1624 575 1691 καὶτοὺς
592 1624 742 1702 ἀνθρώπους
754 1621 843 1701 ἔταξε,
857 1623 918 1691 τοὺς
927 1627 954 1684 ἐν

174 1713 275 1792 έαάστη
286 1714 367 1796 μοίρφ
380 1718 433 1773 τῶν
447 1714 579 1795 τεττάρων
592 1717 739 1785 οἰκοῦντας,
752 1710 842 1793 ῶσπερ
857 1715 956 1790 κωμή-

117 1824 145 1861 ισ
174 1826 223 1870 τας
241 1802 309 1877 μήτε
321 1804 535 1882 μεταλαμύάνειν
551 1802 643 1883 ἑτέραν
657 1801 771 1877 οίκησιν,
781 1803 845 1881 μήτ’
859 1802 956 1863 άλλοσί

175 1915 223 1951 ποι
238 1896 385 1966 συντελεῖν,
410 1893 458 1963 τάς
479 1916 509 1952 τε
523 1890 695 1972 καταγραφὰς
713 1896 766 1950 τῶν
788 1894 957 1974 στρατιωτῶν

175 1981 225 2040 καλ
240 1982 286 2048 τὰς
300 1981 449 2061 εἰσπράξεις
472 1983 524 2040 τῶν
545 1979 702 2063 χρημάτων,
715 1979 762 2047 τδς
773 1978 911 2057 γινομένας
922 1983 958 2046 τῖς
1010 1983 1151 2043 transferre,
1171 1995 1250 2046 neque
1264 1982 1322 2033 aiibi
1336 1981 1430 2033 tributa
1444 1983 1566 2045 mnierre,
1581 1986 1608 2033 et
1622 1984 1730 2036 miiitum
1743 1985 1789 2038 de·

176 2068 211 2129 τόν
236 2072 411 2147 στρατιωτικὰ
434 2070 479 2130 καί
500 2069 547 2136 τὰς
563 2071 646 2136 ἄλλα(
668 2068 769 2148 χρείας,
791 2066 822 2136 ἃς
846 2066 957 2128 ἕκαστον
1010 2088 1089 2138 iectus
1105 2090 1132 2138 et
1148 2087 1297 2139 tributorum
1315 2086 1340 2136 in
1364 2100 1424 2136 usus
1444 2086 1545 2138 beiiioos
1562 2078 1705 2152 descriptio,
1723 2095 1749 2143 et
1768 2092 1791 2145 si

176 2159 230 2219 ίδει
246 2163 284 2239 τῷ
295 2164 374 2241 κοινῷ
386 2160 531 2241 παρέχειν,
548 2159 636 2219 οὐκέτι
647 2156 717 2218 κατθι
728 2157 775 2224 τὰς
790 2166 859 2238 τρεῖς
875 2157 958 2238 φυλθις

120 2271 151 2308 ευ
176 2249 223 2315 τὰς
233 2248 355 2325 γενικὰς,
372 2252 407 2316 ὡς
421 2250 570 2330 πρότερον,
594 2248 664 2308 diti
677 2245 746 2306 κατὰ
766 2245 813 2312 τδις
828 2244 958 2326 τέτταρας

176 2335 223 2403 τὰς
239 2337 359 2415 τοπικὰς,
374 2336 422 2406 τθς
443 2339 485 2419 ὑφ’
501 2340 596 2396 ἑαυτοῦ
610 2334 807 2415 διαταχθείσας,
823 2336 957 2409 ἐποιεῖτο,

178 2426 310 2504 ἡγεμόνας
335 2429 377 2508 ἐφ’
390 2426 506 2498 ἑκάστης
521 2424 660 2495 ἀποδείξας
684 2423 844 2503 συμμορίας,
868 2422 958 2503 ῶσπερ

179 2514 326 2595 φυλάρχους
341 2514 358 2587 ἢ
373 2515 532 2596 κωμάρχας,
545 2505 584 2580 οἶς
597 2512 756 2593 προσέταξεν
769 2512 865 2571 εἰδέναι
880 2511 958 2571 ποίαν
1009 2514 1100 2579 cuique
1120 2512 1213 2576 regioni
1234 2511 1340 2563 ducibus
1360 2512 1513 2577 propositis,
1537 2517 1655 2580 tanquam
1680 2518 1791 2570 tribuum

178 2602 262 2661 οἰκίαν
278 2603 390 2671 ἕκαστος
398 2607 474 2663 οἰκεῖ.
518 2601 633 2664 Ἔπειτα
644 2601 713 2662 anet
725 2601 826 2670 πάντας
839 2601 960 2665 ἐκέλευσε
1009 2619 1049 2670 vei
1059 2630 1178 2682 pagorum
1188 2615 1325 2679 magistris,
1336 2614 1428 2679 quibus
1440 2616 1569 2669 mandarit
1580 2622 1609 2669 ut
1620 2620 1712 2671 seirent
1723 2621 1790 2685 quod

120 2709 150 2749 ’ὅ
180 2693 241 2757 τοὺς
261 2690 410 2759 στενωποὺς
426 2689 516 2774 [stiffi]
529 2693 810 2770 ἐγκατασκευασθῆνθῑ
829 2692 959 2760 καλιάδας
1010 2726 1079 2773 esset
1107 2719 1302 2784 uniuscuiusque
1329 2719 1506 2771 domiciiium:
1532 2722 1621 2774 deinde
1644 2727 1790 2789 peremnia

178 2777 231 2836 ὑπὸ
262 2783 312 2837 τῶν
337 2782 460 2860 γειτόνων
485 2779 572 2859 ἥρωσι
599 2777 777 2860 προνωπίοις,
803 2779 850 2836 καλ
870 2780 959 2848 θυσίας

179 2869 265 2935 αὐτοῖς
280 2868 469 2945 ἐνομοθέτησεν
479 2871 656 2929 ἐπιτελεῖσθαι
670 2870 730 2927 καθ’
745 2866 857 2928 ἕκαστον
873 2870 958 2928 durno·

182 2955 366 3027 τδν,πελάνους
374 2956 542 3038 εἰσφερούσης
552 2956 665 3029 ἑκάστης
676 2955 770 3023 οἰκίας.
814 2958 878 3023 Τοῖς
886 2956 914 3015 δὲ
924 2958 959 3017 τά

178 3046 301 3126 περὶτῶν
311 3046 436 3125 γειτόνων
450 3046 507 3126 ἰερὰ
518 3049 685 3106 συντελοῦσιν
696 3047 724 3104 έν
737 3045 960 3124 τοῖςπρονωπίοις
1010 3041 1080 3099 ῑθθίι
1099 3037 1202 3102 Singilis
1218 3035 1318 3089 fifflffiss
1330 3035 1379 3086 libi
1393 3035 1563 3088 θίῖθῐθῦίῑθῑῐθ·
1600 3036 1652 3087 ῙΙΠθ
1667 3050 1736 3098 vem,
1747 3037 1791 3101 ‘issi

122 3150 152 3192 ao
178 3132 279 3201 αὐτούς
293 3135 455 3215 ἐλευθέρους,
472 3132 541 3193 ἀλλὰ
555 3134 614 3203 τοὺς
628 3135 734 3200 δούλους
747 3132 821 3202 ίταξε
834 3137 960 3213 παρεῖναί
1010 3154 1056 3206 pro
1083 3138 1171 3189 rieints
1196 3149 1266 3188 saera
1286 3137 1396 3187 iacerent
1413 3135 1439 3185 io
1458 3135 1587 3199 compitis,
1609 3149 1658 3185 non
1679 3134 1791 3188 homines

179 3243 210 3280 τε
233 3222 278 3281 καὶ
298 3230 504 3302 συνιερουργεῖν,
520 3225 556 3288 ὡς
578 3223 773 3303 κεχαρισμένης
799 3230 852 3289 τοῖς
873 3221 959 3302 ἥρωσι
1010 3246 1137 3309 ingenuos,
1155 3238 1200 3291 sed
1219 3253 1306 3291 seruos
1322 3238 1410 3289 adesse
1424 3238 1525 3297 statuit,
1540 3239 1583 3300 qni
1599 3237 1655 3288 iiius
1672 3237 1697 3287 in
1714 3236 1792 3289 saeris

177 3312 226 3381 τῆς
237 3314 290 3370 τῶν
299 3312 465 3391 θεραπόντων
479 3313 641 3391 ὑπηρεσίας·
655 3312 688 3384 ἣν
703 3312 742 3370 ίτι
756 3309 801 3369 καὶ
815 3314 874 3370 καθ’
887 3316 959 3390 ἡμᾶς

177 3400 270 3480 έορτην
296 3399 415 3479 ἄγοντες,
432 3400 564 3477 Ῥωμαῖοι
578 3400 708 3460 διετέλουν
727 3402 828 3477 ὀλίγαις
849 3399 957 3482 ὕστερον

177 3489 289 3569 ἡμέραις
301 3492 355 3548 τῶν
371 3489 502 3567 Κρονίων,
516 3487 615 3566 σεμνὴν
630 3494 656 3549 έν
671 3489 725 3557 τοῖς
738 3489 808 3548 πάνυ
819 3480 957 3548 καλπολυᾸ

122 3595 151 3635 σε
177 3579 254 3648 τελῆ,
280 3577 452 3652 Κομπιτάλια
472 3575 710 3658 προσαγορεύοντες
734 3575 819 3649 αύι-λν
839 3576 883 3636 ini
907 3581 959 3636 τῶν

180 3668 337 3724 στενωπῶν·
360 3667 504 3745 κομπίτους
519 3666 570 3747 γάρ
584 3666 646 3734 τοὺς
661 3665 810 3735 στενωποὺς
831 3666 958 3725 καλοῦσι·
1011 3668 1075 3728 bus,
1088 3677 1145 3715 oum
1161 3661 1248 3726 primis
1261 3671 1359 3709 sacrum
1371 3661 1398 3707 et
1411 3658 1596 3722 sumptuosum,
1607 3658 1757 3722 compitalia
1777 3672 1792 3707 a

178 3755 227 3813 καὶ
250 3753 405 3833 φυλάττουσι
428 3755 472 3816 τόν
498 3762 607 3838 ἀρχαῖον
630 3756 730 3835 κόσμον
747 3754 790 3815 tui
807 3759 861 3814 τῶν
881 3757 958 3835 ἱερῶν
1013 3768 1129 3834 compitis
1141 3778 1199 3817 eum
1210 3764 1329 3813 rorantes
1344 3780 1350 3809 :
1363 3760 1499 3815 στενωποὺς
1509 3760 1575 3811 enim
1591 3759 1699 3823 compita
1713 3759 1793 3822 appet-

179 3839 225 3900 διὰ
248 3845 300 3900 τῶν
323 3843 486 3920 θεραπόντων
511 3845 571 3913 τοὺς
596 3844 686 3925 ⁴iiim<
702 3843 887 3921 ἱλθθθόίθῑθθῑν
912 3845 958 3905 καὶ
1012 3876 1115 3926 Ισυῖιεῑ
1126 3871 1226 3923 servant
1236 3864 1426 3932 prisoomritum
1437 3862 1559 3922 iusseris,
1569 3860 1793 3925 siquidemiaribns

179 3928 252 3989 ἅπαν
267 3929 297 3989 τὸ
317 3931 407 3992 δοῦλον
421 3937 594 4014 ἀφαιροῦντες
616 3935 702 3992 εύτῶν
716 3935 743 3991 έν
769 3940 826 4000 ταῖς
844 3930 958 4013 ἡμέραις

122 4038 152 4082 εθ
179 4018 302 4092 ἐκείναις,
316 4018 404 4099 ἵνατίξΙ
431 4021 614 4106 φιλανθρωπία
640 4019 724 4102 ταύτῃ
745 4020 958 4098 τιθασσευόμενοι

181 4108 252 4185 μέγα
265 4132 290 4167 τι
300 4110 346 4168 καὶ
358 4111 453 4185 σεμνὸν
470 4112 567 4192 ἐχούσῃ
578 4110 744 4193 χαριέστεροι
754 4109 877 4191 γίνωνται
897 4110 958 4189 περὶ

1007 989 1064 1040 ηοω
1072 977 1172 1041 quidem
1185 991 1240 1028 mea
1250 982 1324 1031 aetate
1333 984 1399 1041 erat,
1412 981 1460 1032 aiio
1472 981 1528 1032 loco
1540 982 1696 1033 commodius
1705 997 1786 1049 agam.

1037 1119 1104 1168 xlv.
1124 1120 1240 1170 ceterum
1258 1121 1361 1182 Tullius,
1382 1124 1513 1185 postquam
1533 1125 1627 1188 septem
1646 1123 1722 1175 nolles
1738 1139 1788 1176 unu

1007 1238 1079 1276 muro
1086 1227 1283 1291 complexusest,
1295 1228 1320 1277 iu
1329 1233 1437 1292 quatuor
1445 1230 1556 1292 regiones
1566 1232 1652 1282 urbem
1660 1232 1755 1297 divisit,
1763 1235 1789 1286 et

1007 1333 1040 1385 ab
1063 1333 1123 1398 ipsis
1146 1333 1253 1384 collibus
1276 1348 1477 1400 unamquamque
1501 1338 1637 1390 nominauit
1660 1341 1789 1404 :primam

1009 1654 1121 1718 baberet,
1132 1670 1189 1719 quae
1199 1656 1231 1707 ad
1245 1657 1270 1707 id
1289 1671 1371 1722 nsque
1387 1660 1485 1724 tempus
1503 1663 1557 1711 tres
1582 1663 1681 1714 tantum
1697 1664 1790 1717 habue-

1008 1765 1066 1813 rat:
1081 1765 1107 1814 et
1117 1763 1192 1814 iussit
1200 1777 1252 1823 eos,
1264 1764 1308 1826 qui
1319 1764 1342 1814 in
1355 1779 1500 1829 unaquaque
1519 1766 1616 1818 iliarum
1630 1773 1737 1832 quatuor
1750 1784 1789 1821 re·

1010 1874 1112 1934 gionum
1133 1873 1274 1924 habitarent
1290 1878 1417 1937 tamquam
1430 1875 1535 1939 pagani,
1551 1890 1632 1940 neque
1649 1877 1700 1928 alio
1718 1878 1791 1930 sedes

1009 2208 1065 2259 quae
1085 2195 1133 2246 alia
1148 2195 1183 2245 rei
1203 2194 1308 2260 publicas
1322 2197 1441 2259 praestare
1461 2176 1563 2246 munera
1578 2201 1720 2263 oporteret,
1741 2214 1791 2252 non

1009 2316 1039 2351 ex
1053 2301 1103 2351 iiiis
1120 2301 1200 2352 tribus
1213 2300 1343 2363 gentiiieiis
1357 2300 1481 2363 tribubus,
1494 2305 1522 2352 ui
1536 2307 1616 2364 antea,
1634 2305 1679 2355 sed
1698 2320 1729 2357 ex
1750 2307 1791 2358 bis

1009 2410 1116 2472 quantor
1128 2405 1265 2457 seeundum
1275 2404 1387 2470 regium
1398 2418 1413 2455 a
1424 2419 1452 2456 se
1464 2405 1579 2471 digestis,
1589 2409 1728 2474 ordinabat,
1740 2412 1792 2463 nui·

1009 2802 1118 2894 compita
1140 2827 1213 2879 iussit
1238 2823 1362 2875 asininis
1384 2825 1479 2876 taribus
1500 2827 1613 2892 propitiis
1636 2831 1726 2881 sanetis
1749 2844 1791 2882 ex.

1010 2933 1088 2993 strui,
1101 2934 1127 2984 et
1142 2932 1196 2996 iege
1214 2930 1304 2981 statuit
1321 2932 1350 2980 ut
1370 2930 1504 2993 quotannis
1528 2931 1648 2982 sauriiioia
1670 2931 1720 2984 iilis
1744 2933 1792 2985 tie-

1013 3348 1130 3401 taciendis
1147 3347 1301 3405 adiuvarent,
1311 3342 1378 3409 quod
1396 3343 1543 3392 tsmutomm
1561 3341 1723 3393 ministerium
1735 3342 1791 3394 iari-

1010 3463 1058 3517 θυι
1070 3462 1137 3513 esset
1150 3459 1250 3522 gratius.
1288 3457 1360 3505 itanc
1376 3452 1442 3503 dem
1463 3453 1554 3505 testum
1569 3455 1674 3505 Romani
1689 3455 1721 3506 ad
1736 3469 1792 3507 mea

1011 3579 1092 3629 usque
1108 3566 1221 3623 tempora
1237 3557 1410 3614 celebrabant,
1428 3556 1517 3620 paucis
1526 3558 1582 3620 post
1590 3558 1728 3608 Saturnalia
1738 3558 1793 3610 die·

1012 3993 1055 4046 per
1066 3989 1152 4030 servos
1160 3975 1302 4040 operantur,
1313 3968 1380 4018 omni
1389 3965 1519 4017 servitutis
1530 3963 1623 4014 indicio
1632 3963 1680 4013 iitis
1692 3977 1736 4028 per
1750 3978 1793 4014 eos

1011 4084 1066 4135 dies
1078 4082 1195 4146 adempto
1206 4080 1250 4137 ut,
1264 4073 1340 4125 huius
1352 4068 1514 4122 humanitatis
1525 4081 1613 4133 magna
1624 4072 1649 4119 et
1659 4068 1793 4120 honoritiea

1013 4184 1093 4251 specie
1109 4180 1213 4241 deliniti,
1227 4175 1341 4228 dominon
1358 4186 1417 4224 suos
1436 4170 1543 4223 cariores
1565 4170 1718 4241 habeantet
1740 4173 1792 4222 tor-

177 4195 238 4263 τοθς
249 4197 390 4271 δεσπότας,
405 4200 451 4260 καλ
464 4200 499 4259 τά
515 4200 623 4281 λυπηρά
651 4204 697 4272 τῆς
717 4199 800 4280 τύχης
815 4190 894 4270 ἦττον
909 4202 959 4279 βα-

179 4283 317 4365 ρύνωνται.
626 4289 630 4298 ’
1012 4291 1081 4340 tunae
1094 4282 1275 4337 inclementiam
1289 4283 1371 4335 lenius
1384 4283 1472 4334 ierant.

218 4376 281 4436 XV·
302 4378 390 4471 Δί’ἶλί
413 4377 441 4437 δὲ
464 4378 510 4438 ²²²
535 4379 583 4450 Τθν
603 4377 695 4458 χώραν
721 4378 844 4457 &mis
859 4380 895 4446 ὡς
909 4377 958 4456 μίν
1044 4415 1097 4463 XV.
1114 4409 1288 4460 Diuisiietiam
1303 4412 1383 4461 totum
1393 4418 1487 4472 agrum
1500 4406 1626 4458 utFabius
1639 4402 1739 4469 quidem
1750 4403 1793 4465 ait,

121 4477 151 4518 aa
178 4460 283 4529 Φόόιός
305 4485 397 4544 φησιν,
422 4464 460 4531 είς
478 4463 573 4546 μοίρας
592 4464 662 4533 δξτε
676 4464 722 4524 καὶ
735 4463 851 4541 εἴκοσιν,
868 4462 958 4531 άςκαὶ
1847 4491 1850 4499 ·

178 4551 260 4618 αθτδς
272 4553 350 4609 καλεῖ
360 4550 455 4630 φυλάς,
468 4553 513 4612 καὶ
522 4551 569 4622 τθς
581 4552 690 4622 ιἰστικθις
704 4552 853 4633 προστιθείς
867 4557 959 4621 αύταῖς

1012 4533 1038 4584 in
1049 4534 1132 4599 partes
1143 4530 1230 4594 viginti
1243 4543 1293 4589 sex,
1307 4543 1370 4595 quas
1379 4533 1405 4581 et
1418 4530 1483 4595 ipsas
1495 4529 1574 4580 tribus
1588 4526 1704 4592 appellat,
1716 4527 1750 4575 ita
1764 4528 1794 4590 ut

177 4637 320 4717 τέτταρας,
333 4639 475 4721 τριάκοντα
496 4642 578 4721 φυλάς
601 4642 755 4723 ἀμφοτέρων
778 4643 822 4702 tsi
841 4641 958 4703 Τυλλίου
1012 4660 1119 4720 quatuor
1127 4651 1228 4703 urbanis
1241 4650 1334 4701 adilias
1343 4650 1444 4711 additis,
1452 4649 1551 4713 triginta
1561 4648 1691 4710 utriusque
1700 4644 1793 4709 generis

177 4727 228 4793 τὰς
249 4728 336 4795 πάσας
350 4729 471 4808 γενέσθαι
484 4730 563 4806 λέγει·
579 4733 614 4798 ῶς
633 4733 660 4791 δὲ
673 4729 834 4798 Οὐεννώνιος
849 4731 957 4810 ἱστόρη-

177 4839 239 4888 κεν,
252 4817 288 4883 είς
305 4819 369 4894 μίαν
389 4840 419 4876 τε
435 4818 482 4878 καλ
492 4821 650 4899 τριάκοντα,
664 4819 735 4881 ῶστιΙ
752 4818 799 4879 oto
811 4822 870 4887 ταῖς
889 4820 957 4879 κατὰ

121 4927 151 4963 ευ
177 4902 227 4975 τὴν
243 4905 321 4964 πόλιν
334 4906 424 4975 οὔσαις
435 4909 655 4987 ἐκπεπληρῶσθαι
670 4908 717 4977 τδις
726 4906 765 4966 ἔτι
780 4907 826 4968 καὶ
838 4910 874 4976 εἰς
888 4913 959 4985 ἡμᾶς
1012 4920 1073 4957 ῖθῐθ
1082 4906 1166 4955 Misit
1175 4904 1201 4954 ‘¹¹
1210 4902 1289 4955 ίῐίθθθ
1300 4902 1399 4965 ῐήθὶθῑῑ
1411 4902 1439 4952 θί
1450 4912 1535 4959 ”mma
1547 4900 1577 4947 ¹¹²
1588 4894 1689 4946 ⁰¹¹³⁸¹¹i5
1700 4892 1793 4947 ‘dm

177 4992 346 5099 θεριρχούσας
357 4994 498 5075 τριάκοντα
506 4993 552 5053 καὶ
563 4995 640 5055 πέντε
650 4997 744 5075 φυλάς·
758 4994 856 5055 Κάπυν
869 4994 958 5070 μέντοι
1012 5030 1111 5095 triginta
1122 5028 1293 5093 qumquem
1304 5040 1369 5077 „unc
1378 5028 1437 5076 sung
1446 5023 1602 5083 emergam„
1615 5021 1678 5071 0310
1686 5033 1747 5072 vero
1755 5020 1795 5072 ης,

177 5100 279 5137 τωτων
304 5078 510 5161 ἀξιοπιστότερος
529 5078 583 5157 ῶν,
607 5084 658 5163 οὐχ
682 5081 761 5162 όρίξει
783 5084 835 5140 τῶν
859 5086 956 5160 μοιρῶν

177 5168 224 5228 τὸν
234 5168 356 5248 ἀριθμόν.
400 5168 500 5231 Διελὼν
510 5171 534 5229 δ’
548 5162 592 5229 σύν
606 5176 621 5230 ό
633 5170 746 5236 Τύλλιος
755 5173 790 5237 είς
799 5168 897 5237 ὁπόσας
911 5171 957 5241 δή·

178 5278 244 5318 ποτε
257 5256 353 5339 μοίρας
367 5257 416 5333 rip
430 5263 497 5338 γἠν,
515 5258 585 5320 κατά
601 5258 660 5328 τούς
682 5257 797 5341 ὀρεινοὺς
817 5261 864 5320 καὶ
888 5256 957 5318 πολὺ
1006 5269 1093 5332 igitur,
1103 5267 1185 5319 diviso
1196 5281 1256 5333 agro
1270 5266 1296 5317 in
1308 5269 1469 5331 quotcunque
1481 5266 1573 5330 partes,
1585 5261 1611 5312 in
1623 5258 1737 5320 noiibus,
1751 5252 1795 5321 qni

1012 4782 1092 4834 tribus
1106 4793 1121 4830 a
1135 4777 1215 4829 'initio
1235 4775 1362 4826 institutas
1381 4788 1437 4826 esso
1456 4772 1553 4833 tradat;
1567 4773 1634 4823 siout
1654 4770 1796 4821 Vennonius

1016 5146 1162 5211 locupietior
1175 5145 1245 5196 iestis
1259 5145 1370 5196 tribuum
1384 5156 1514 5194 numerum
1530 5154 1579 5191 nou
1596 5137 1687 5190 reddit.
1701 5137 1796 5188 Tullius
