4048 5924
220 405 280 467 396

260 540 325 602 ΧΠ.
353 536 417 599 Ἐπί
433 540 523 594 τοῦτον
539 532 572 605 δέ,
590 531 634 591 τὀν
650 530 837 610 Ἀριστόδημον
853 531 909 598 ἔτος
929 534 994 608 όμσῦ

219 654 245 690 τι
266 623 549 708 τεσσαρεσκαιδέκατον
568 621 620 694 ήδη
635 625 810 701 τυραννοῦντα
835 622 931 697 Κύμης
970 623 993 680 οῖ

738 408 903 474 DlONYSll
923 412 1301 475 HattcAttNassEnsls

1076 551 1132 601 ΧΠ.
1153 550 1215 600 cum
1227 551 1304 615 igitur
1320 552 1354 602 ad
1367 552 1434 604 bunc
1453 553 1655 619 aristodemum,
1671 560 1715 623 qui
1735 574 1829 616 anuum

1048 641 1099 693 lam
1120 643 1198 696 lenae
1213 660 1257 695 ειν
1290 647 1446 710 tyrannidem
1463 650 1550 700 dumis
1568 651 1711 715 obtinebat,
1729 657 1830 709 exsules

220 719 267 779 σὺν
288 718 428 798 Ταρκυνίῳ
451 713 564 796 φυγάδες
579 709 766 784 καθιστάμενοι
789 709 838 783 τὴν
863 715 932 768 κατὰ
947 713 995 782 τῆς
1048 738 1175 803 Tarquinii
1191 740 1252 791 socii
1269 743 1402 804 venissent,
1419 743 1541 795 iudicium
1559 751 1645 800 conus
1659 752 1765 814 patriam
1783 767 1829 818 ρε-

218 807 342 888 πατρίδσς
368 804 505 865 ἐόοόλσντο
535 801 738 861 συντελέσασθαι
767 799 853 871 δίκην.
896 800 932 859 Oi
966 798 992 859 δλ

176 904 190 943 ⁶
219 897 341 981 πρέσόεις
355 899 407 955 τῶν
422 893 567 972 Ῥωμαίων
580 891 646 958 τέως
662 890 710 964 μέν
725 893 872 969 ἀντιλεγον,
885 893 921 959 ὡς
934 888 993 952 οὔτε

217 987 261 1047 ἐπὶ
275 989 366 1045 τοῦτον
381 983 489 1055 ἥκοντες
509 979 554 1039 τόν
567 980 656 1055 ἀγῶνα
676 977 730 1039 οὔτ’
744 980 861 1051 ἐξουσίαν
876 979 991 1060 ἔχοντες,

216 1076 307 1148 ἣνοῦκ
325 1075 465 1153 ἐπέτρεψεν
489 1072 606 1140 αότσῖςὴ
624 1067 705 1147 βουλὴ
730 1070 791 1150 περὶ
818 1073 865 1142 τῆς
891 1069 992 1135 πόλεως

217 1165 433 1243 ἀπολογήσασθαι
447 1160 533 1232 δίκην.
577 1156 624 1224 Ὦς
634 1157 661 1216 δέ
672 1156 745 1216 οθθέν
760 1156 906 1238 ἐπέραινον,
922 1157 991 1217 ἀλλά

216 1251 386 1334 ἐγκεκλικότα
406 1249 451 1308 τόν
473 1249 598 1329 τύραννον
617 1245 706 1327 ἐώρων
721 1245 765 1305 ἐπὶ
787 1245 884 1326 θάτερα
900 1244 968 1325 μέρη

164 1352 189 1392 ¹⁰
217 1341 259 1401 διδι
276 1342 324 1408 τάς
342 1337 457 1404 σπουδὰς
469 1338 514 1397 καὶ
536 1335 584 1403 τάς
596 1331 779 1414 παρακλήσεις
790 1338 840 1394 τῶν
856 1335 988 1414 φυγάδων,

217 1430 388 1507 αἰτησάμενοι
401 1425 495 1507 χρόνον
507 1426 543 1491 εἷς
555 1422 710 1501 ἀπολογίαν,
728 1423 773 1482 καλ
790 1425 990 1502 διεγγυήσαντες

214 1518 248 1578 τά
273 1514 385 1593 σιίιματα
407 1513 565 1595 χρημάτων,
589 1514 616 1571 ἐν
631 1515 670 1591 τῷ
685 1511 728 1571 διά
745 1511 825 1589 μέσου
851 1517 898 1584 τῆς
917 1511 989 1583 δίκης

214 1606 316 1673 οὐθενός
329 1606 368 1665 ἐτι
382 1602 556 1682 φυλάττοντος
578 1599 671 1665 αὐτοὺς
689 1600 849 1681 ἀποδράντες
874 1598 987 1681 ᾤχοντο.

216 1694 385 1775 Θιράποντας
399 1691 427 1751 δέ
443 1687 584 1749 αὐτῶνκαὶ
598 1688 631 1747 τά
648 1687 776 1768 ὑποζύγια
789 1686 835 1746 καλ
849 1685 884 1746 τδι
898 1686 942 1746 ἐπὶ
956 1692 989 1767 τῇ

162 1798 185 1837 lb
214 1782 321 1864 σιτωνίφ
344 1778 502 1859 κομισθέντα
515 1776 658 1858 χρήματα,
680 1780 694 1835 θ
714 1778 840 1856 τύραννος
862 1776 987 1856 κατέσχε.

213 1868 329 1935 Ταύταις
344 1867 391 1946 μίν
412 1859 456 1927 οὖν
471 1867 527 1933 ταῖς
541 1863 693 1946 πρεσέείαις
717 1869 827 1923 τοιαῦτα
842 1864 988 1931 παθούσαις

213 1961 356 2041 ἀπράκτοις
371 1954 533 2037 ἀναστρέψαι
545 1953 652 2026 συνέάη.
698 1953 748 2037 Ἐκ
761 1952 789 2012 δέ
802 1958 853 2014 τῶν
874 1958 900 2014 ἐν
917 1957 989 2031 Τυρ-

213 2050 290 2131 ρηνίφ
305 2049 407 2108 πόλεων
432 2049 455 2106 οἱ
473 2043 636 2125 πεμφθέντες
657 2043 784 2123 κέγχρους
812 2066 840 2101 τε
863 2042 908 2102 καὶ
929 2039 989 2110 ζέας

211 2138 424 2214 συνωνησάμενοι
438 2138 494 2201 ταῖς
512 2141 675 2211 ποταμηγοῖς
686 2131 799 2212 σκάφαις
813 2129 991 2205 κατεκόμισαν

158 2255 183 2294 ιο
212 2232 248 2295 είς
271 2230 320 2300 τὴν
335 2226 424 2287 πόλιν.
468 2222 543 2295 alar,
558 2222 658 2303 βραχύν
688 2245 747 2280 τινα
759 2221 883 2301 χρόνονή
904 2217 993 2298 ἀγορδι

212 2316 360 2396 Ῥωμαίους
369 2313 516 2395 διέθρεψεν·
531 2312 622 2372 ἔπειτα
633 2311 825 2380 ἐξαναλωθεῖσα
839 2312 874 2376 εἰς
884 2308 930 2375 τάς
940 2310 987 2367 αθ·

211 2405 257 2473 τάς
272 2405 382 2486 ἀπορίας
397 2404 558 2476 κατέστησεν
575 2402 679 2468 αὐτούς.
723 2389 779 2462 Ἦν
795 2397 818 2456 δ’
834 2397 907 2458 οθθέν
922 2387 988 2465 εἶδος

211 2493 356 2574 ἀναγκαίας
375 2496 486 2572 τροφῆς,
508 2490 522 2550 δ
536 2493 583 2550 οὐκ
595 2487 730 2566 ἐπείραζόν
749 2509 836 2566 τινες,
850 2483 987 2546 συνέόαινέ

210 2609 239 2646 τι
247 2588 293 2647 οίικ
308 2586 405 2663 ὀλίγοις
416 2585 512 2655 αὐτῶν,
523 2579 557 2640 τά
568 2581 614 2658 μὲν
626 2580 669 2638 διά
678 2579 725 2649 τήν
738 2578 848 2648 σπάνιν,
859 2577 893 2637 τά
906 2576 934 2635 δδ
944 2576 988 2635 ira

158 2698 182 2738 τε
209 2675 256 2747 τήν
272 2674 384 2735 ἀτοπίαν
402 2677 450 2743 τῆς
470 2675 517 2731 οὐκ
543 2669 663 2736 εἰωθυίας
678 2667 787 2740 ἐδωδῆς,
802 2675 856 2734 τοῖς
875 2664 922 2744 μέν
937 2668 987 2747 ἀρ-

209 2763 316 2844 ράιστως
331 2765 478 2821 διακεῖσθαι
497 2758 678 2837 τὰσώματα,
704 2765 757 2825 τοῖς
770 2759 797 2816 δέ
823 2758 986 2835 παρημελη-

209 2851 292 2928 μένως
306 2850 350 2909 διδι
360 2849 452 2910 πενίαν
467 2848 513 2908 καί
526 2846 695 2908 παντάπασιν
711 2845 854 2911 ἀδυνάτοις.
896 2843 944 2910 Ὡς
958 2842 985 2901 δέ

207 2948 284 3002 τοῦτο
304 2941 420 3019 ἔγνωσαν
441 2940 465 2997 ol
491 2938 583 2996 leucri
604 2935 795 3014 κεκρατημένοι
812 2940 851 3015 τῷ
876 2934 986 3012 πολέμῳ

208 3034 390 3103 Οὐολοῦσκοι,
426 3026 572 3108 πρεσόειῶν
602 3025 760 3105 ἀπορρήτων
801 3025 987 3089 διαποστολαῖς

155 3137 181 3179 tu
206 3125 296 3203 ἐνῆγον
312 3120 440 3190 ἀλλήλους
454 3122 490 3183 εἰς
503 3117 548 3175 τὸν
562 3115 622 3174 κατ’
635 3115 721 3172 αὐτῶν
736 3113 861 3191 πολεμον,
875 3116 911 3180 ὡς
923 3113 988 3171 ἀδυ-

206 3215 292 3274 νάτων
309 3212 452 3289 ἐσομένων,
468 3207 493 3267 εἴ
506 3231 545 3273 τις
565 3207 651 3271 αὐτοῖς
665 3203 779 3263 ἐπίθοιτο
791 3201 985 3277 κεκακωμένοις

206 3304 316 3382 πολέμῳ
328 3325 357 3360 τε
375 3300 420 3359 καὶ
432 3302 512 3379 λιμῷ,
529 3295 658 3374 ἀντέχειν.
700 3295 776 3354 θεῶν
792 3290 820 3349 δέ
835 3314 875 3357 τις
886 3288 984 3367 εὔνοια,

206 3384 244 3460 οἷς
269 3391 371 3474 φροντὶς
386 3382 418 3457 {a
439 3387 476 3465 μή
492 3386 619 3467 περιϊδεῖν
639 3381 690 3441 ὑπό
717 3389 768 3447 τοῖς
792 3383 895 3459 ἐχθροῖς
913 3378 983 3439 Ῥω-

206 3480 299 3559 μαίους
313 3478 478 3558 γενομένους,
494 3472 677 3555 ἐκφανέστατα
691 3470 738 3530 καὶ
753 3469 812 3528 τότε

1011 2843 1014 2854 ι

1047 833 1133 884 tcbant
1146 852 1153 884 z
1169 838 1195 885 at
1204 838 1372 888 Romanorum
1385 838 1460 919 legati
1472 840 1626 904 aliquamdiu
1636 846 1789 913 restiterunt,
1797 860 1826 908 nt

1046 927 1088 990 qui
1099 941 1145 978 uec
1159 927 1192 978 ad
1200 929 1247 980 boc
1256 930 1375 985 iudicium
1389 933 1523 995 venissent,
1536 948 1582 987 nec
1596 940 1747 1002 potestatem
1759 960 1828 1010 agan.

1045 1020 1086 1070 de
1095 1034 1191 1071 caussa
1205 1022 1309 1085 publicae
1322 1023 1401 1074 ullam
1414 1025 1549 1090 habereut,
1560 1043 1636 1092 quam
1651 1046 1667 1082 a
1680 1038 1770 1087 senatu
1782 1052 1829 1089 non

1046 1112 1205 1176 accepissent.
1238 1113 1287 1165 Sed
1309 1128 1367 1165 cum
1384 1116 1445 1166 nillil
1467 1118 1631 1185 proicerent,
1656 1128 1682 1175 et
1712 1128 1827 1186 viderent

1046 1217 1178 1273 tyrannum
1202 1209 1225 1257 in
1255 1209 1359 1260 alterurn
1384 1212 1480 1273 partem
1504 1216 1690 1278 propensiorem
1715 1234 1771 1275 esse
1799 1226 1831 1277 ob

1045 1303 1155 1371 studium
1169 1305 1195 1352 et
1208 1315 1296 1366 preces
1310 1306 1440 1366 exsulum,
1464 1307 1542 1370 petito
1564 1312 1686 1375 temporis
1702 1317 1784 1380 spatio
1800 1322 1829 1373 ad

1045 1398 1175 1449 dicendam
1188 1411 1310 1460 caussam,
1324 1405 1350 1451 et
1360 1402 1469 1465 pmuniis
1482 1415 1526 1467 pro
1535 1404 1676 1459 vadimonio
1688 1413 1825 1473 promissis,

1046 1493 1068 1545 si
1081 1494 1106 1544 id
1118 1494 1270 1557 desererent,
1289 1496 1410 1557 pendente
1426 1497 1510 1549 adbuc
1524 1513 1622 1563 caussa,
1640 1504 1712 1555 nullo
1724 1508 1829 1573 amplias

1048 1602 1092 1639 eos
1113 1589 1261 1642 observante
1284 1593 1440 1657 aufugerunt.
1473 1598 1568 1646 Horum
1589 1612 1649 1650 vero
1672 1601 1777 1656 famulos
1803 1611 1827 1658 et

1049 1684 1160 1735 iumenta
1170 1687 1196 1735 ct
1219 1687 1335 1748 pecunias
1349 1686 1477 1740 coemendi
1497 1691 1615 1743 frumenti
1636 1707 1726 1747 caussa
1745 1699 1828 1751 allatas

1048 1782 1168 1842 tyrannas
1192 1778 1302 1830 retinuit.
1335 1780 1381 1830 llis
1400 1782 1475 1846 igitur
1495 1783 1657 1849 legationibus
1676 1792 1789 1855 contigit,
1803 1802 1828 1849 ut

1049 1873 1112 1924 tales
1129 1873 1232 1925 iniurias
1253 1888 1331 1939 passa
1352 1889 1380 1927 re
1392 1876 1481 1928 inlecta
1500 1878 1603 1930 domum
1625 1883 1747 1938 redirent.
1782 1888 1829 1939 Sed

1049 1965 1093 2028 qui
1106 1964 1175 2017 missi
1193 1970 1264 2017 erant
1276 1967 1301 2016 iu
1319 1968 1455 2032 Etruriam,
1469 1970 1567 2021 milium
1585 1977 1612 2024 at
1623 1974 1661 2025 lar
1678 1978 1711 2027 ab
1725 1980 1781 2030 eius
1794 1994 1828 2032 re

1048 2056 1233 2123 giouispopulis
1256 2065 1396 2126 coemptum
1412 2063 1554 2114 llurialibus
1576 2067 1672 2120 ratibus
1695 2070 1721 2120 in
1742 2072 1829 2124 urbem

1047 2156 1243 2214 comportarunt.
1277 2154 1322 2204 ille
1335 2159 1490 2207 commeatus
1501 2160 1626 2211 llomancs
1634 2163 1751 2227 exigrrum
1763 2170 1826 2219 tem·

1042 2247 1109 2312 poris
1129 2249 1237 2312 spatium
1254 2250 1404 2301 sustentavit
1420 2270 1427 2301 r
1441 2253 1486 2303 aed
1512 2259 1596 2317 postca
1614 2270 1644 2307 eo
1656 2257 1772 2311 absumta
1786 2262 1819 2314 ad

1041 2342 1155 2394 camdem
1172 2342 1289 2406 inopiam,
1307 2358 1359 2407 qua
1374 2348 1431 2396 ante
1450 2345 1610 2410 laborabant,
1634 2351 1729 2403 redacti
1753 2358 1815 2407 sunt

1040 2434 1141 2485 Nullum
1159 2439 1243 2486 autem
1259 2434 1308 2486 cibi
1319 2450 1396 2501 genus
1408 2437 1438 2486 ad
1460 2439 1526 2500 quod
1544 2443 1681 2492 necessitas
1699 2443 1765 2496 solet
1781 2446 1827 2495 tro-

1042 2526 1120 2576 mincs
1133 2528 1240 2593 adigere,
1253 2527 1405 2579 intentatum
1420 2530 1585 2595 reliquerunt,
1601 2535 1743 2600 acciditque
1763 2542 1828 2590 mul·

1042 2623 1074 2674 tls
1086 2635 1181 2684 eorum,
1192 2625 1247 2672 tam
1258 2621 1380 2672 obreram
1396 2624 1533 2687 penuriam,
1551 2629 1606 2677 tum
1619 2628 1651 2679 ob
1665 2628 1827 2688 insolentiam

1041 2715 1131 2767 insueti
1142 2715 1199 2777 cibi,
1220 2718 1249 2764 ut
1261 2714 1303 2764 alil
1314 2715 1416 2779 quidem
1439 2717 1504 2766 male
1521 2717 1618 2770 allectis
1639 2727 1726 2774 esseut
1738 2738 1830 2791 corpo-

1040 2809 1118 2869 ribus,
1140 2807 1183 2858 alii
1197 2821 1257 2858 vero
1277 2806 1309 2856 ob
1324 2805 1433 2871 inopiam
1456 2807 1559 2871 neglecti
1587 2823 1695 2874 prorsus
1721 2815 1828 2869 invalidi

1040 2906 1130 2954 essent.
1163 2904 1254 2961 Quare
1266 2901 1371 2963 cognita,
1383 2901 1474 2963 Volsci,
1497 2915 1576 2966 nuper
1591 2903 1655 2956 bello
1679 2906 1784 2973 devicti,
1798 2928 1826 2971 sc

1039 2994 1146 3046 invicem
1158 2993 1263 3044 occultis
1274 2994 1437 3059 legationibus
1449 2994 1481 3044 ad
1491 2994 1585 3046 bellum
1602 3002 1694 3049 contra
1707 3003 1833 3057 Romanos

1043 3085 1206 3145 solicitabant,
1221 3084 1277 3145 rati,
1292 3084 1378 3149 siquis
1392 3083 1508 3136 eosbello
1519 3089 1545 3135 et
1558 3085 1624 3137 lame
1641 3093 1748 3144 vexatos
1762 3094 1827 3146 ado-

1039 3180 1212 3242 circinnium,
1229 3181 1258 3228 ut
1267 3178 1302 3228 illi
1311 3178 1425 3229 llostibus
1437 3179 1556 3230 resistcre
1568 3195 1617 3232 neu
1633 3190 1745 3246 possent.
1778 3186 1827 3240 Sed

1032 3275 1115 3327 divim
1137 3273 1299 3340 providentia,
1324 3274 1365 3323 cui
1394 3285 1466 3323 cura
1480 3277 1535 3323 crat
1559 3288 1610 3325 nou
1629 3277 1682 3339 pati
1705 3278 1824 3342 populum

1033 3373 1169 3421 llornauum
1186 3367 1212 3417 in
1230 3365 1338 3415 bostium
1358 3368 1506 3430 potestatem
1524 3365 1618 3426 venire,
1638 3371 1698 3419 tuac
1722 3383 1824 3434 quoque

826 3467 875 3540 tpl„
890 3473 985 3542 ἑαυτῆ,
1032 3462 1231 3514 manifestissime
1253 3461 1304 3511 rim
1326 3474 1398 3510 suam
1421 3459 1613 3511 demonstrarit.
1657 3464 1736 3514 Tanta
1753 3464 1821 3516 enim

156 3580 179 3619 ’ὅ
205 3572 315 3649 δύναμιν
328 3567 490 3636 ἀπεδείξατο.
533 3568 663 3628 Τοσοῦτος
677 3559 729 3640 γάρ
744 3582 783 3626 τις
802 3558 924 3639 ἀφνωεῖς
937 3560 983 3628 τὰς
1033 3556 1173 3623 pestilentia
1192 3559 1293 3620 repente
1313 3554 1461 3605 Volscorum
1480 3554 1558 3605 urbes
1575 3555 1684 3620 invasit,
1700 3562 1823 3623 quantum

205 3658 292 3728 rdet<
308 3662 360 3718 τῶν
380 3654 558 3718 Οὗθλοῦσκων
579 3649 671 3733 φθόρος
690 3647 808 3724 λοιμικὸς
822 3648 982 3729 ἐνέσκηψεν,
1033 3670 1164 3720 nusquam,
1176 3654 1215 3705 rel
1225 3650 1291 3717 apud
1301 3652 1410 3712 crocos,
1421 3651 1461 3701 vel
1474 3650 1540 3715 apud
1552 3650 1679 3714 barbaros,
1705 3652 1826 3708 accidisse

204 3750 263 3818 ὅσος
281 3752 307 3809 ἐν
326 3746 410 3808 οὖδενλ
425 3745 499 3823 τόπῳ
523 3741 598 3822 ἀλλο)
615 3737 808 3817 μνημονεύεται
822 3736 977 3815 γενόμενος,

204 3836 260 3898 οὗθ’
273 3837 403 3904 Ἑλλάδος
416 3833 475 3896 οὔτε
488 3830 623 3913 βαρόάρσυ
634 3832 696 3905 γῆς,
711 3832 801 3879 πᾶσαν
816 3823 922 3897 ἡλικίαν
936 3826 982 3885 καλ

205 3926 288 4008 τάχην
303 3928 348 3986 καί
362 3926 438 4006 φύσιν
456 3919 611 4004 ἐρρωμένων
625 3939 654 3975 τε
664 3927 710 3974 καί
721 3917 835 3972 ἀσθενῶν
849 3912 980 3990 σωμάτων

155 4016 177 4056 ¹⁰
204 4015 299 4092 ὁμοίως
316 4012 523 4093 διεργαξόμενος,
565 4005 703 4079 Ἐδήλωσε
722 4004 749 4062 δέ
760 4002 807 4074 τήν
832 4002 980 4081 θπερόολήν

1037 3749 1164 3802 memoriae
1180 3747 1306 3813 proditum
1325 3750 1378 3807 est·,
1394 3746 1484 3810 quippe
1503 3756 1560 3809 (γεω
1576 3744 1641 3795 nulli
1665 3746 1746 3810 atati,
1760 3748 1824 3800 nulli

1036 3848 1179 3906 conditioni,
1191 3846 1251 3897 nulli
1261 3843 1331 3895 serni
1339 3846 1458 3908 parceret,
1467 3840 1592 3906 sedeque
1602 3842 1770 3907 ralidaatque
1780 3845 1823 3896 in·

1035 3945 1117 3997 satida
1126 3957 1230 4008 corpora
1240 3942 1380 3992 conluceret.
1414 3940 1491 3992 Gutus
1504 3937 1609 4001 ingentis
1627 3938 1707 3989 cladis
1722 3941 1820 4005 magui·

1035 4040 1096 4091 tudo
1115 4037 1176 4091 sabb
1195 4037 1309 4101 cognosci
1330 4033 1411 4100 potuit
1430 4047 1462 4085 επ
1477 4032 1565 4098 insigni
1583 4032 1732 4085 volscorum
1746 4036 1821 4097 urbe,

203 4106 250 4174 aa<
264 4111 400 4179 συμφορᾶς
418 4102 493 4166 πόέιῑῖ
503 4095 631 4179 wlff
643 4096 695 4152 τῶν
710 4088 897 4164 Οὐολούσκων’
910 4092 981 4206 ⁰35⁸
1033 4141 1076 4194 cni
1088 4151 1178 4190 nemen
1201 4138 1255 4187 erat
1274 4132 1384 4191 Velitras,
1403 4142 1460 4192 qun
1471 4131 1531 4179 tuac
1550 4128 1633 4188 ampla
1655 4130 1681 4179 et
1696 4128 1818 4194 nequens

202 4194 290 4272 lorpes
304 4188 387 4266 broprs
400 4193 480 4269 αὐτῇ,
489 4188 592 4266 μεγάλη
602 4209 631 4245 τε
646 4183 691 4243 καὶ
702 4180 905 4260 πολυάνθρωπος
915 4205 981 4241 ουσα

203 4279 279 4354 τέως,
291 4270 323 4352 ἧς
334 4278 448 4354 όλοιμδς
458 4277 520 4355 μίαν
531 4275 685 4336 ἀπελείπετο
699 4275 792 4351 μοῖραν
800 4271 830 4328 ἐκ
841 4273 892 4328 τῶν
905 4271 980 4347 δεκα,

203 4369 251 4437 τάς
263 4366 290 4427 δέ
308 4368 391 4435 άλλιις
406 4365 548 4426 ἀπολαόὼν
563 4362 707 4441 ἀπήνεγκε.
753 4362 936 4427 Τελευτῶντες
953 4362 980 4420 δὲ

155 4459 175 4499 ¹⁶
204 4448 249 4519 οδν
260 4458 316 4519 ὅσοι
340 4463 470 4539 περιῆσαν
492 4457 523 4514 ἐκ
538 4458 585 4527 τῆς
602 4461 737 4533 συμφορᾶς
751 4448 980 4531 πρεσὸιυσάμενοι

204 4546 348 4623 Ῥωμαίοις
362 4545 480 4627 ἔφρασαν
494 4543 541 4617 τὴν
556 4542 686 4625 ἐρημίαν,
711 4541 754 4600 καὶ
768 4540 920 4617 παρέδοσαν
931 4539 979 4612 τὴν

203 4638 291 4698 πολιν.
333 4633 450 4716 Ἔτυχον
475 4635 502 4696 δλ
525 4632 571 4694 καί
587 4635 666 4710 πρότε

204 4723 312 4803 Ῥώμης
327 4727 471 4805 εἰληφότες,
488 4724 534 4800 ἀφ’
548 4714 580 4795 ἧς
595 4719 680 4786 αἰτίας
693 4718 739 4778 καὶ
750 4718 781 4778 τό
792 4716 909 4797 δεύτερον
920 4714 980 4783 τοὺς
1034 4712 1097 4772 Quia
1111 4724 1143 4762 au

205 4814 367 4896 κληρούχους
381 4816 444 4895 παρ’
464 4816 550 4874 αὐτῶν
565 4811 657 4892 ᾔτουν.

926 4269 934 4291 ι
1033 4242 1101 4299 ειεθς
1118 4236 1189 4287 cuius
1206 4236 1301 4284 mutam
1317 4227 1453 4279 incolarum
1476 4224 1662 4276 multitudinem
1680 4227 1758 4291 pestis
1774 4241 1822 4278 εχ.

1034 4336 1126 4397 hausit,
1142 4340 1171 4386 ut
1184 4334 1215 4384 de
1232 4331 1320 4382 decem
1336 4326 1447 4397 partibus
1459 4302 1534 4375 unam
1552 4327 1654 4374 mnium
1670 4325 1816 4390 reliquerit.

1034 4435 1129 4484 ceteras
1141 4441 1201 4478 vero
1213 4421 1361 4486 corripuerit
1377 4422 1402 4470 el
1416 4417 1589 4482 absumpserit.
1623 4417 1673 4476 Qui
1684 4430 1743 4468 vcro
1758 4421 1813 4467 tan.

1033 4527 1091 4576 dem
1109 4521 1244 4572 incolumes
1255 4532 1285 4569 ει
1296 4530 1326 4568 ea
1334 4514 1404 4566 clade
1416 4513 1569 4577 superfuere,
1590 4510 1677 4576 legatis
1686 4523 1755 4561 suam
1766 4509 1811 4560 de·

670 4653 712 4710 9⁰⁹
737 4628 857 4696 ἐποίκους
881 4630 911 4686 ςχ
933 4633 980 4699 ,ἧς
1034 4607 1455 4671 solationemllomanisiudicaruut,
1466 4603 1586 4655 eturbem
1596 4603 1646 4655 illis
1657 4600 1813 4655 dediderunt.

1144 4713 1194 4759 tem
1209 4704 1284 4757 etiam
1307 4709 1380 4753 antea
1395 4699 1496 4750 colonos
1512 4700 1590 4748 Roma
1610 4698 1701 4748 missas
1712 4708 1814 4760 accepe-

1035 4805 1099 4861 rant,
1108 4799 1165 4850 ideo
1180 4806 1256 4846 noros
1266 4792 1365 4843 colonus
1375 4786 1467 4838 abillis
1477 4785 1600 4850 petebant.

151 4942 178 4983 50
245 4906 323 4968 xltl.
347 4908 444 4967 'fabra
475 4907 528 4972 τοῖς
543 4901 689 4979 Ῥωμαίοις
716 4902 829 4973 μαθοῦσι
858 4899 906 4968 τῆς
932 4894 980 4973 μίν
1065 4900 1131 4949 lllll.
1149 4899 1200 4946 llac
1222 4906 1248 4943 re
1269 4889 1381 4951 cognita,
1403 4888 1526 4936 Romanos
1547 4896 1634 4934 aarum
1663 4879 1814 4932 calanumtls

207 5005 341 5072 ενννορες
367 4985 451 5061 νίκας
479 4995 579 5074 armar·
605 4992 651 5051 νει
677 4988 740 5048 aa

741 4994 792 5047 εῖν.
817 4984 900 5069 ᾤοντο
928 4986 982 5054 τοῖς
1034 4988 1160 5041 miseratio
1169 4984 1245 5036 subiit
1256 5002 1262 5032 :
1275 4992 1321 5032 nec
1338 4979 1485 5031 censuerunt
1496 4975 1521 5025 in
1535 4978 1586 5024 tam
1601 4972 1695 5024 afflicta
1712 4972 1815 5023 romana

206 5085 310 5163 ἐχθροῖς
324 5083 368 5142 ἐπὶ
382 5084 518 5149 τοιαύταις
536 5082 630 5162 τύχαις
644 5079 827 5157 μνησικακεῖν,
842 5079 877 5144 ὡς
887 5074 980 5142 ίκανδις
1034 5076 1226 5130 reminiscentias
1237 5079 1262 5127 et
1275 5068 1467 5138 persequendas
1481 5064 1591 5117 bostium
1611 5061 1725 5123 iniurias,
1739 5057 1814 5123 quasi

205 5169 333 5234 δεδωκόσι
350 5176 404 5239 τοῖς
415 5174 480 5239 θεοῖς
495 5171 559 5251 ὑπὲρ
573 5175 644 5250 σφῶν
659 5166 733 5232 δίκας
743 5166 800 5225 ἀνθ’
817 5157 853 5225 ὧν
870 5164 979 5238 ἔμελλον
1034 5167 1096 5219 satis
1109 5178 1236 5230 poenarum
1258 5161 1316 5221 dlis,
1332 5173 1376 5225 pro
1395 5156 1488 5209 seelera
1505 5154 1600 5205 contre
1613 5148 1743 5215 populum
1764 5148 1812 5197 lto·

206 5263 320 5345 δράσειν.
361 5260 508 5340 Οὐελίτρας
529 5259 556 5318 δέ
574 5253 795 5338 παραλαμόάνειν
812 5251 895 5313 ἐδόκει
912 5256 978 5325 κλη-
1007 5230 1011 5284 ¹
1034 5268 1143 5307 manum
1162 5253 1284 5317 cogitato,
1298 5249 1432 5300 dedissent.
1466 5244 1573 5297 Velitras
1590 5242 1673 5293 autam
1700 5234 1815 5298 recipere
