4034 5922
288 437 328 497 st
808 433 974 495 DlONYSll
996 432 1373 494 Halicarnassunsls

285 566 399 648 Θρηίκην
423 565 578 647 ἀρεκόμενοι
600 565 670 625 κατὰ
688 564 735 638 τήν
774 565 943 646 ερρόννησον,
966 566 985 638 ή
1011 588 1062 624 κα-

287 659 371 716 λεῖται
383 652 523 727 Παλλήνη,
535 653 697 732 ωρμίσαντο.
742 588 823 733 Ιίίχον
836 653 861 711 δ’
879 653 960 723 αὐτὴν
973 652 1063 732 ὥσπερ

288 741 352 822 ἰρην
368 740 513 821 βάρόαροε,
538 744 682 822 Κρουσαῖοι
706 740 881 817 καλούμενοι,
907 740 953 801 καί
976 740 1060 821 παρέ-

287 854 352 911 σχον
367 833 456 895 αὐτοῖς
480 828 528 896 τὰς
551 828 710 906 καταγωγὰς
736 830 874 910 ἀσφαλεῖς.
917 826 1064 894 Μείναντες

244 933 261 976 ii
288 918 315 976 δέ
343 919 392 991 τήν
422 916 576 998 χειμερινήν
604 914 676 996 ὥραν
705 918 796 977 αὐτόθι
821 914 886 975 νείυν
907 914 1064 997 Ἀφροδίτης

287 1005 427 1085 ἱδρύσαντο
449 1004 492 1063 inl
509 1005 562 1061 τῶν
585 1002 759 1082 ἀκρωτηρίων
776 1002 850 1079 ένθς,
870 1002 917 1062 καί
929 1005 1006 1061 πολιν
1018 1004 1064 1061 Al-

287 1116 356 1154 νιιαν
383 1093 505 1164 έκτισαν,
528 1094 554 1150 έν
578 1082 596 1170 ᾔ
616 1091 676 1157 τούς
700 1092 723 1149 θ’
745 1090 796 1149 ὑπὸ
815 1091 943 1168 καμάτων
964 1091 1062 1149 ἀδυνά-

286 1204 346 1247 τους
360 1182 435 1241 πλεῑν
458 1179 504 1239 καλ
523 1179 592 1245 ὅσοις
617 1179 697 1238 αὐτοῦ
720 1177 806 1253 μένειν
823 1178 990 1255 βουλομένοις
1012 1169 1062 1254 ήν,

286 1272 321 1334 ὣς
336 1270 362 1325 ἰν
378 1267 463 1346 οἰκείῳ
485 1271 519 1347 γῇ
540 1266 571 1324 τδ
591 1265 683 1325 λοιπὸν
710 1267 869 1340 ἐσομένους,
896 1262 1063 1322 ὑπελίποντο.

232 1369 262 1414 it
281 1357 356 1428 Δύτη
373 1359 501 1431 διέμεινεν
522 1353 571 1420 ἰως
594 1358 642 1426 τῆς
662 1354 824 1414 Μακεδόνων
840 1353 993 1418 δυναστείας
1015 1356 1063 1423 τ’ής

286 1449 355 1507 κατὰ
380 1445 439 1512 τοὺς
464 1443 602 1522 διαδόχους
626 1440 686 1508 τοῦς
711 1440 881 1519 Ἀλεξάνδρου
902 1437 1062 1518 γενομένης,

286 1537 329 1594 ἰπὶ
352 1534 380 1594 ti
410 1538 458 1605 τῆς
492 1530 649 1610 Κασάνδρου
680 1528 816 1609 βασιλείας
841 1527 989 1607 καθῃρέθη,
1020 1524 1063 1585 ὅτε

286 1621 472 1691 Θεσσαλονίκη
501 1620 579 1684 πολις
605 1618 732 1690 ἐκτίζετο,
753 1615 799 1677 καί
822 1617 847 1674 ol
860 1617 988 1675 Αἰνεᾶται
1016 1612 1063 1672 σθν

286 1708 375 1775 ἀλλοις
394 1707 501 1774 πολλοῖς
514 1711 551 1774 εἰς
566 1706 614 1778 τὴν
627 1708 777 1767 νεόκτιστον
789 1703 960 1783 μετῴκησαν.

231 1814 260 1858 it
325 1798 361 1860 L.
374 1795 425 1856 ’Ex
436 1793 464 1855 δί
479 1800 526 1866 τῆς
541 1794 686 1867 Παλλήνης
695 1795 807 1874 άραντες
820 1796 845 1852 οἱ
857 1794 946 1872 Τρῶες
960 1792 996 1857 εἰς
1005 1793 1062 1863 Δῆ-

287 1887 331 1944 λον
347 1886 516 1964 ἀφικνοῦνται
521 1928 530 1957 ,
555 1883 735 1963 βασιλεύοντος
744 1884 834 1959 [αὑτῆς
854 1879 1013 1941 Ἀνίου·καί
1030 1871 1062 1951 ήν

286 1971 374 2037 πολλὰ
385 1970 474 2045 σημεῖ’
490 1974 517 2030 ἰν
531 1971 612 2050 Δήλῳ
623 1977 670 2044 τῆς
679 1970 783 2031 Αἰνείου
796 1993 825 2029 τε
842 1970 888 2028 καὶ
899 1968 998 2046 Τρώων
1011 1991 1063 2027 πα·

288 2058 408 2138 ρουσίας,
429 2060 478 2125 ἕως
496 2056 569 2130 ήνθεε
582 2082 611 2117 τε
624 2057 670 2118 καί
683 2059 773 2140 ᾠκήθη
787 2063 804 2130 ή
816 2064 904 2130 νῆσος.
945 2053 1062 2117 Ἔπειτα

287 2152 324 2214 εἰς
336 2147 446 2226 Κύθηρα
459 2152 538 2219 νῆσον
550 2147 653 2228 έτίραν,
666 2148 684 2219 ἣ
695 2148 830 2226 πρόκειται
843 2147 1062 2217 Πελοποννήσου,

231 2257 259 2297 ευ
286 2238 497 2317 παραγενόμενοι
524 2237 595 2317 ἱερὸν
624 2236 776 2319 Ἀρροδιτης
809 2236 954 2315 ἱδρύονται.
999 2234 1063 2294 Ἀπὸ

286 2325 314 2384 δέ
338 2325 467 2406 Κυθήρων
492 2324 644 2403 ποιούμενοι
665 2325 709 2385 τὸν
735 2329 818 2387 πλοῦν
846 2326 876 2383 οὗ
901 2323 993 2403 πρόσω
1016 2326 1063 2395 τῆς

287 2415 488 2485 Πελοποννήσου
509 2412 706 2486 τιλευτήσαντα
725 2417 777 2472 τῶν
794 2414 905 2493 ἑταίρων
927 2411 987 2471 τινὰ
1008 2416 1062 2470 τῶν

281 2501 384 2563 Αἰνείου
400 2501 522 2564 Κίναιθον
545 2502 589 2561 ἰπὶ
613 2507 665 2562 τῶν
690 2502 861 2583 ἀκρωτηρίων
877 2501 931 2567 ἑνός
949 2499 1061 2560 θάπτου·

288 2614 346 2666 σιν,
371 2590 385 2649 δ
410 2596 454 2649 νῦν
469 2591 516 2648 ἀπ’
531 2591 635 2650 ἐκείνου
649 2590 783 2652 Κιναίθιον
800 2589 996 2649 καλεῖται·καί
1014 2586 1063 2658 τήν

231 2709 257 2747 25
288 2681 354 2761 πρὸς
372 2678 501 2759 Ἀρκάδας
524 2679 677 2757 συγγένειαν
700 2678 930 2754 ἀνανεωσάμενοι,
951 2674 1013 2753 περὶ
1032 2667 1063 2747 ἧς

287 2769 314 2826 ἰν
330 2766 432 2848 ὑστέρῳ
447 2767 519 2846 λόγῳ
535 2768 711 2844 διηγήσομαι,
737 2767 829 2846 χρόνον
849 2768 873 2823 τ’
895 2763 980 2841 ὀλίγον
1002 2762 1063 2841 περί

288 2859 370 2913 ταῦτα
384 2853 418 2912 τά
440 2853 526 2933 χωρία
547 2854 729 2935 διατρίψαντες
747 2855 792 2912 καί
810 2849 1011 2924 δπολειπόμενοί
1024 2873 1062 2907 τι·

286 2965 332 3008 νας
355 2944 522 3021 σρῶναθτιῦν
546 2944 581 3007 εἰς
601 2941 733 3002 Ζάκυνθον
755 2945 933 3022 ἀρικνοῦνται.
978 2937 1061 3006 Δεξα-

287 3029 372 3105 μένων
399 3032 423 3089 δ’
451 3030 544 3098 αὐτοὺς
568 3030 685 3090 καὶτῶν
710 3028 860 3090 Ζακυνθίων
888 3028 952 3106 πρὸς
974 3025 1062 3106 ριλίαν

231 3145 258 3185 no
284 3116 328 3177 διὰ
343 3117 373 3176 τδ
396 3117 532 3196 συγγενές·
549 3118 679 3198 Δαρδάνῳ
696 3118 747 3197 γδιρ
767 3121 805 3196 τῷ
824 3118 886 3181 Διὸς
907 3115 953 3173 καὶ
965 3112 1063 3172 Ἠλέκ-

283 3228 346 3284 τρας
369 3209 417 3276 τῆς
441 3205 609 3272 Ἀτλαντίδος
631 3204 676 3264 δύο
701 3204 820 3281 γενέσθαι
849 3205 929 3286 ρασίν
951 3205 981 3262 tn
1004 3207 1062 3264 Bs-

283 3292 365 3360 τιείας
383 3294 493 3370 παῖδας,
507 3294 639 3354 Ζάκυνθόν
664 3317 693 3351 τε
713 3291 758 3350 καί
784 3291 961 3374 Ἐριχθόνιον,
984 3282 1020 3349 διν
1048 3295 1062 3350 δ

286 3380 333 3456 μέν
344 3380 446 3441 Αἰνείου
462 3386 587 3460 πρόγονος
611 3372 659 3453 ήν,
678 3381 809 3446 Ζάκυνθος
829 3379 851 3437 δ’
874 3384 888 3437 ὁ
910 3383 958 3447 τῆς
981 3378 1062 3449 νήσου

285 3468 405 3540 κτίστης·
423 3469 520 3541 ταύτης
534 3492 563 3527 τε
582 3468 614 3541 δή
629 3472 675 3540 τῆς
693 3467 843 3547 συγγενείας
858 3465 1003 3540 ἀναμνήσει
1016 3465 1062 3524 καί

231 3582 259 3623 ss
286 3556 461 3638 ριλορροσύνη
486 3559 538 3616 τῦν
554 3557 707 3637 ἐπιχωρίων
723 3554 899 3635 δεατρίάοντες
915 3553 1002 3612 αὐτόθι
1017 3552 1063 3611 καὶ

286 3644 337 3718 ἀμ’
356 3646 454 3726 άπλοίρ
476 3645 673 3725 κατειργόμενοι
697 3643 800 3703 θύουσιν
836 3641 974 3722 Ἀφροδίτη
995 3641 1061 3720 πρὸς

286 3735 324 3813 τῷ
345 3731 584 3791 κατασκευασθέντι
602 3735 664 3813 ἱερῷ
678 3730 784 3803 θυσίαν,
799 3731 833 3803 ήν
847 3735 883 3797 εἰς
894 3729 953 3789 τάδε
968 3732 1062 3810 χρόνον

287 3825 438 3883 συντελοῦσι
465 3824 539 3900 κοινῇ
564 3821 721 3896 Ζακύνθιοι,
753 3820 799 3879 καὶ
828 3823 917 3895 ἀγῶνα
943 3824 1061 3877 ποιοῦσιν

286 3908 392 3981 έοήῦοις
404 3912 456 3968 τῶν
473 3908 499 3968 τ’
516 3908 603 3966 ἄλλων
615 3908 805 3985 ἀγωνισμάτων
830 3907 875 3966 καί
898 3906 1009 3985 δρόμου,
1032 3906 1063 3965 τό

232 4025 259 4064 sn
281 3998 309 4057 δί
332 3996 483 4075 νικητήριον
496 4001 510 4056 ό
525 3999 626 4078 πρῶτος
638 3995 719 4055 ἐλθὼν
733 3997 769 4062 εἰς
782 3994 825 4054 τὸν
843 3993 906 4053 νεὼν
918 3993 1062 4070 λαμῦάνει·

288 4083 393 4162 λέγεται
409 4085 540 4144 δ’λίνείου
552 4086 599 4145 καλ
613 4084 764 4162 Ἀφροδίτης
779 4087 793 4140 ὁ
807 4084 908 4162 δρόμος,
926 4081 970 4140 καί
984 4081 1063 4149 ξόανα

287 4171 385 4230 τούτων
402 4169 512 4243 ἕστηκεν
528 4172 692 4253 ἀμροτέρων.
736 4171 854 4232 Ἐκεῖθεν
877 4169 906 4230 δέ
937 4171 1062 4247 πελάγιον

289 4256 463 4333 ποιησάμενοι
490 4259 534 4318 τόν
563 4263 645 4319 πλοῦν
675 4262 710 4326 εἰς
735 4259 860 4320 Λευκάδα
876 4254 1060 4333 κατάγονται,

289 4344 453 4424 κατεχόντων
474 4345 511 4403 ίτι
529 4344 559 4404 τδ
580 4349 678 4425 χοιρίον
700 4346 886 4423 Ἀκαρνάνων,
905 4348 954 4403 κάν
978 4345 1061 4425 ταύτῃ

233 4461 260 4501 ςς
289 4433 373 4495 πάλιν
392 4431 461 4512 ίερδν
477 4432 625 4512 Ἀφροδίτης
644 4434 775 4512 ἱδρύονται
796 4440 891 4506 τοῦτο,
907 4432 977 4492 δνῦν
991 4436 1060 4491 ἰστιν

289 4526 314 4581 ἰν
328 4527 362 4602 τῇ
377 4521 465 4593 νησῖδι
487 4525 521 4599 τῇ
550 4520 647 4597 μεταξύ
668 4527 713 4581 τοῦ
737 4523 880 4601 Διορύκτου
897 4544 927 4580 τε
952 4522 1060 4592 καὶτῆς

288 4611 403 4682 πολεως,
416 4610 538 4669 καλεῖται
560 4607 584 4667 δ’
605 4607 757 4688 Ἀφροδίτης
778 4608 921 4676 Αἰνειάδος.
964 4604 1061 4688 Ἀραν·

287 4719 329 4764 τες
353 4695 375 4755 δ’
395 4696 501 4757 αὐτόθεν
527 4695 571 4755 ἰπί
587 4698 614 4754 τ’
646 4693 750 4755 Ἄκτιον
774 4696 890 4763 ἰλθόντες
914 4697 1062 4775 ὁρμίζονται

288 4790 334 4846 τοῦ
349 4784 530 4865 Ἀμόρακικοῦ
563 4783 661 4844 κόλπου
687 4785 751 4863 πρός
764 4785 794 4843 τὸ
813 4784 986 4864 ἀκρωτήριον,
1012 4787 1062 4845 κά-

232 4896 262 4936 εο
288 4878 372 4932 κεῖθεν
387 4874 423 4938 εἰς
437 4866 600 4951 Ἀμόρακίαν
623 4873 791 4952 ἀφικνοῦνται
813 4873 903 4945 πολιν,
924 4863 955 4943 ής
973 4871 1063 4932 eonst-

288 4962 360 5020 λευεν
393 4959 513 5039 Ἀμόραξ
534 4964 549 5019 ό
579 4960 727 5034 Δεξαμενοῦ
748 4966 793 5019 τοῦ
816 4959 993 5041 Ἡρακλέους·
1017 4960 1063 5018 καὶ

290 5047 473 5107 ὑπολείπονται
500 5047 643 5128 ἑκατέρωθι
668 5055 785 5124 μνημεῖα
817 5054 863 5120 τῆς
885 5048 1009 5128 ἀρίξεως,
1035 5051 1061 5108 ἰν

289 5134 384 5214 Ἀκτίῳ
408 5132 455 5210 μέν
470 5136 628 5217 Ἀφροδίτης
637 5135 773 5205 Αἰνειάδος
786 5137 871 5217 ίερδν,
890 5137 936 5196 καί
950 5136 1061 5208 πλησίον

288 5224 370 5283 αὐτοῦ
380 5225 445 5282 θεῶν
461 5224 598 5303 μεγάλων,
613 5224 630 5285 θ
644 5224 692 5287 καί
707 5226 744 5293 εἰς
768 5226 816 5303 ipsi
839 5215 888 5297 ἦν·
909 5227 936 5283 ἰν
955 5225 980 5283 δ’
1001 5224 1062 5304 Ἀμ·

1116 573 1227 623 Primum
1248 571 1349 637 quidem
1371 571 1397 622 hr
1417 571 1547 623 Thraciam
1560 575 1688 634 venerunt,
1701 576 1728 624 et
1745 573 1777 624 ad
1799 575 1895 638 penm-

1116 661 1205 720 sulnm,
1218 673 1276 722 qum
1290 660 1387 711 Pallene
1399 663 1511 720 vocatur,
1534 659 1689 724 appulerunt
1720 662 1791 711 lianc
1810 666 1896 714 autem

1117 748 1254 800 incolebant
1274 750 1318 811 (nt
1339 748 1407 812 dixi)
1419 749 1514 801 barbari
1534 731 1638 814 quidam·
1659 752 1752 802 cmrsaei
1765 752 1897 818 appellati,

1117 837 1228 901 ipsisque
1249 839 1332 888 tntum
1358 836 1494 901 hospitium
1521 837 1687 900 prebuerunt.
1728 840 1842 902 cumque
1860 840 1897 890 ibi

1117 930 1194 977 totam
1214 925 1320 977 hiemem
1338 926 1499 989 mansissent,
1515 926 1606 979 veneri
1623 929 1743 992 tempium
1764 933 1894 989 emunxe-

1116 1019 1175 1064 runt
1194 1015 1218 1063 ln
1236 1013 1413 1079 promontoriis
1428 1013 1528 1079 aliquo,
1545 1017 1572 1065 et
1584 1015 1703 1079 oppidum
1718 1019 1821 1068 AEneam
1834 1032 1895 1068 oon·

1116 1102 1241 1162 diderunt,
1261 1102 1287 1152 in
1308 1116 1359 1165 quo
1385 1116 1427 1152 eos
1449 1101 1492 1164 qui
1512 1109 1611 1167 propior
1631 1102 1745 1153 laborum
1769 1104 1899 1157 molestias

1117 1192 1297 1256 navigationem
1311 1192 1361 1257 pati
1374 1204 1423 1242 non
1434 1194 1557 1256 poterant,
1573 1195 1599 1242 ci
1609 1195 1732 1256 quotquot
1744 1192 1779 1254 lbi
1793 1208 1896 1246 manere

1118 1280 1256 1342 coluerunt,
1279 1282 1395 1344 tanquam
1409 1281 1435 1331 in
1454 1280 1532 1347 patrio
1553 1280 1605 1331 solo
1623 1282 1724 1345 posthac
1741 1280 1897 1334 habitaturos

1117 1368 1278 1434 reliquerint.
1312 1369 1366 1418 iioc
1378 1367 1495 1432 oppidum
1513 1367 1614 1419 durarit
1626 1369 1748 1431 usquead
1761 1369 1897 1434 imperinm

1117 1457 1291 1519 Macedonum,
1306 1455 1374 1520 quod
1388 1455 1515 1508 Alexandri
1526 1469 1682 1508 successores
1704 1457 1854 1520 babuerunt,
1869 1465 1896 1510 et

1118 1545 1254 1597 emsaudro
1275 1550 1393 1611 regnante
1416 1559 1530 1598 eversum
1556 1549 1609 1607 est,
1633 1560 1684 1609 quo
1704 1550 1812 1611 tempore
1834 1548 1898 1601 urbs

1117 1633 1289 1686 Thessalonica
1314 1633 1474 1694 condebatur,
1493 1640 1520 1688 et
1542 1637 1652 1686 Euentu
1669 1649 1727 1687 cum
1744 1636 1829 1687 multis
1840 1636 1898 1686 aliis

1116 1722 1142 1773 in
1153 1722 1218 1773 hanc
1230 1722 1317 1773 urbem
1330 1735 1415 1773 recens
1429 1721 1552 1773 conditam
1562 1723 1707 1790 migrarunt.

1149 1816 1177 1864 b.
1195 1813 1294 1864 Troiani
1302 1817 1384 1863 autem
1397 1826 1427 1863 ex
1435 1813 1533 1864 Pallene
1545 1815 1651 1879 proiecti
1661 1815 1750 1865 licium
1764 1819 1893 1875 venerunt,

1116 1903 1141 1954 in
1159 1917 1210 1968 qua
1222 1904 1299 1954 Aulus
1315 1904 1433 1966 regnabat
1447 1923 1454 1953 ι
1468 1909 1543 1968 atque
1561 1905 1585 1955 in
1601 1905 1648 1956 hac
1665 1905 1753 1970 iasub,
1774 1906 1835 1956 dum
1853 1920 1893 1957 res

1116 1996 1170 2046 eius
1193 1995 1312 2046 ilorebant
1333 1999 1360 2046 ct
1374 1995 1542 2059 habitabatur,
1561 1995 1640 2047 muita
1657 1996 1747 2047 indicia
1762 1996 1897 2047 manebant

1117 2089 1200 2137 AEnem
1213 2090 1239 2138 et
1261 2089 1421 2137 Troianorum
1443 2087 1575 2138 adrentum
1596 2088 1720 2139 testantia.
1752 2088 1845 2139 Deinde
1870 2087 1896 2136 in

1117 2175 1189 2226 aliam
1202 2176 1306 2225 insulam
1324 2176 1445 2239 Cythera,
1458 2189 1515 2239 quae
1529 2191 1574 2240 pro
1597 2177 1764 2241 Peloponneso
1777 2177 1825 2228 sita
1845 2181 1896 2235 est,

1116 2271 1254 2327 venenant,
1271 2267 1442 2331 templumque
1463 2268 1552 2318 veneri
1566 2267 1736 2319 condiderunt.
1769 2271 1832 2318 cnm
1852 2282 1896 2318 an-

1116 2360 1167 2408 tem
1189 2371 1220 2409 aa
1241 2357 1353 2422 Cytheris
1375 2359 1513 2419 noluissent,
1536 2372 1584 2410 non
1608 2359 1677 2423 longp
1696 2372 1712 2409 a
1731 2359 1898 2424 Peloponneso

1116 2449 1196 2500 erecti
1207 2453 1330 2499 manuum
1345 2448 1469 2514 quendam
1489 2453 1573 2500 AEncae
1586 2450 1680 2500 socium
1700 2450 1797 2500 nomine
1812 2451 1895 2499 cinna·

1116 2540 1187 2590 tirum
1205 2539 1231 2590 in
1245 2539 1411 2604 promontorio
1428 2541 1538 2605 quodam
1555 2541 1729 2605 sepeliverunt,
1746 2541 1813 2606 quod
1829 2554 1898 2591 nnnc

1116 2630 1148 2682 ab
1159 2645 1189 2682 eo
1205 2630 1352 2683 Clnmtbium
1372 2635 1484 2683 uocatur.
1517 2635 1549 2683 Et
1568 2634 1718 2696 cognationis
1737 2632 1896 2684 inderecum

1116 2721 1251 2773 Arcadibus
1262 2725 1382 2774 renouato
1404 2722 1450 2788 (de
1465 2737 1515 2787 quo
1530 2724 1604 2788 paulo
1626 2726 1682 2787 post
1697 2722 1835 2789 dicemus),
1850 2738 1897 2775 nec

1115 2815 1160 2865 din
1173 2815 1198 2864 in
1211 2814 1252 2865 his
1274 2814 1335 2865 iocis
1350 2814 1511 2877 commorati,
1525 2819 1599 2879 atquo
1620 2815 1713 2879 aliquot
1734 2815 1766 2866 de
1783 2816 1834 2866 auis
1852 2815 1896 2867 bic

1116 2907 1216 2968 relictis,
1226 2906 1377 2970 Zacynthum
1385 2911 1511 2959 rencmnt.
1544 2911 1565 2957 A
1576 2908 1716 2972 zacynthiis
1725 2922 1785 2959 roro
1796 2910 1898 2983 propter

1116 2998 1171 3048 lura
1187 2999 1336 3062 cognationis
1355 2998 1432 3049 amico
1452 2998 1717 3062 recepti-Dardanum
1733 3000 1811 3060 enim,
1824 3001 1896 3050 loris

1116 3093 1142 3139 et
1162 3089 1265 3139 Electrn
1277 3088 1406 3139 Atlantidis
1419 3088 1505 3152 illlum,
1517 3089 1581 3139 duos
1591 3101 1623 3140 cx
1644 3090 1714 3140 llatla
1726 3089 1790 3140 lilios
1810 3101 1895 3139 susce·

1117 3180 1182 3244 pisso
1203 3179 1317 3241 uadunt,
1337 3180 1498 3243 Zacynthium
1520 3183 1546 3231 el
1567 3179 1764 3242 Erichthonium,
1788 3194 1896 3245 quorum

1116 3269 1179 3320 alter
1195 3283 1227 3320 ex
1241 3272 1324 3320 AEneae
1341 3269 1476 3320 maioribus
1489 3272 1555 3332 erat,
1573 3269 1713 3335 zacynthus
1734 3285 1793 3321 vero
1806 3271 1895 3323 insulas

1116 3359 1274 3412 conditor-
1299 3359 1331 3411 cb
1344 3360 1409 3411 hanc
1430 3361 1507 3425 igitur
1525 3362 1615 3426 prisco
1639 3362 1790 3426 cognationis
1810 3375 1894 3412 recor·

1116 3452 1257 3513 dationem,
1275 3453 1302 3501 ct
1321 3450 1353 3501 ob
1368 3449 1539 3516 indigenarum
1560 3451 1752 3513 humanitatem,
1774 3453 1895 3516 temporis

1118 3542 1219 3606 aliquod
1234 3541 1343 3606 spatium
1364 3541 1398 3593 ibi
1417 3541 1576 3605 commorati,
1597 3542 1671 3595 simnl
1691 3544 1767 3594 etlam
1790 3543 1895 3594 adversa

1117 3628 1271 3697 navigatione
1279 3631 1399 3695 impediti,
1407 3632 1636 3699 Veneriintemplo,
1646 3634 1713 3697 quod
1727 3633 1895 3686 ibienalrure-

1117 3724 1181 3782 rant,
1199 3719 1348 3771 sacrificinm
1367 3721 1490 3782 iecerunty
1504 3721 1571 3785 quod
1592 3721 1681 3773 adhoc
1696 3735 1774 3786 usquo
1793 3728 1895 3788 tempus

1117 3809 1241 3872 Zacynthii
1256 3809 1356 3873 publico
1372 3809 1475 3869 iaciunt,
1486 3810 1529 3873 qul
1542 3811 1601 3861 item
1621 3824 1678 3861 cnm
1691 3809 1794 3862 αίίατυιυ
1817 3824 1893 3862 σκοτ-

1117 3897 1259 3948 citationum
1269 3902 1323 3949 tram
1338 3899 1412 3950 eliam
1427 3911 1516 3949 curans
1529 3899 1661 3950 certamina
1671 3898 1795 3949 iuniorum
1805 3901 1895 3963 agunt,

1117 3988 1142 4037 in
1155 3988 1245 4052 quibus
1256 3989 1298 4052 qni
1312 3990 1406 4053 primus
1424 3990 1543 4054 tempium
1558 3988 1692 4055 ingreditur
1703 3987 1814 4040 victorino
1829 4001 1894 4053 prae-

1117 4079 1194 4129 mium
1218 4079 1315 4144 accipit.
1348 4079 1395 4130 liic
1418 4082 1502 4130 aulem
1526 4091 1614 4130 marsus
1628 4079 1713 4130 dines
1738 4080 1765 4128 et
1787 4077 1893 4129 Veneris

1118 4167 1261 4232 appellatur,
1285 4170 1311 4218 et
1330 4167 1421 4218 horum
1440 4168 1569 4220 amborum
1594 4171 1685 4219 statuar
1704 4168 1800 4218 estant.
1834 4166 1894 4219 inde

1116 4270 1177 4307 vero
1190 4269 1235 4320 per
1257 4257 1334 4307 altum
1359 4257 1502 4321 navigantes
1516 4259 1548 4308 ad
1574 4256 1711 4309 Leucadem
1731 4255 1892 4321 appulerunt,

1116 4358 1190 4407 quem
1201 4345 1281 4399 locum
1295 4352 1432 4395 Acarnanes
1446 4347 1590 4396 etiamtum
1599 4345 1723 4396 tenebant.
1756 4347 1836 4411 Atque
1849 4344 1892 4395 hlc

1116 4446 1215 4497 qunque
1227 4432 1316 4483 Veneri
1330 4432 1356 4483 id
1369 4433 1486 4497 templum
1501 4438 1685 4494 exstruxerunt,
1699 4433 1766 4499 quod
1776 4447 1842 4484 nnnc
1852 4438 1892 4484 est

1118 4525 1142 4574 in
1169 4537 1245 4589 parra
1263 4522 1352 4581 insuia,
1373 4537 1430 4587 quan
1452 4526 1490 4576 est
1512 4525 1576 4576 inter
1597 4503 1739 4589 Dioryctum
1762 4528 1789 4575 et
1805 4522 1893 4574 urbem

1115 4612 1207 4676 ipsam,
1223 4615 1249 4662 et
1275 4611 1378 4663 Venerin
1396 4613 1511 4664 &cadis
1533 4613 1606 4664 aedes
1621 4618 1734 4664 uocatur.
1768 4615 1832 4663 cum
1846 4625 1891 4661 au·

1116 4704 1166 4752 tem
1185 4699 1243 4751 binc
1259 4700 1430 4752 discessissent
1442 4704 1468 4751 et
1484 4699 1581 4750 Actium
1596 4699 1755 4764 appulissent,
1772 4697 1805 4748 ad
1823 4698 1893 4746 sinus

1116 4790 1239 4842 Ambracii
1270 4790 1463 4854 promontorium
1491 4790 1621 4839 stationem
1653 4786 1801 4837 habuerunt.
1830 4785 1891 4835 inde

1116 4879 1142 4930 in
1166 4879 1252 4930 urbem
1268 4877 1422 4929 Ambraciam
1445 4880 1574 4936 acuerunt,
1593 4876 1619 4925 in
1640 4889 1689 4940 qua
1702 4873 1818 4937 regnabat
1833 4881 1892 4922 am-

1116 4967 1178 5019 brax
1197 4967 1334 5018 Dexameui
1347 4966 1424 5028 libus,
1443 4964 1556 5016 Herculis
1576 4977 1652 5028 nepos
1668 4982 1675 5013 ι
1693 4966 1719 5015 et
1738 4966 1843 5024 utroque
1865 4961 1892 5011 in

1116 5055 1170 5105 loco
1191 5054 1267 5105 huius
1288 5054 1407 5105 adrentus
1425 5053 1670 5115 rostigtansmanent
1691 5068 1698 5100 ι
1715 5050 1779 5100 Actii
1788 5048 1890 5114 quidem

1116 5144 1219 5194 veneris
1232 5141 1345 5194 AEneadis
1366 5140 1500 5205 templum,
1513 5141 1539 5191 et
1550 5151 1628 5204 prope
1646 5136 1694 5189 hoc
1704 5137 1821 5189 niteram
1835 5140 1889 5187 iia·

1116 5244 1219 5295 gnorum
1232 5230 1349 5291 deornm,
1370 5242 1425 5293 qun
1450 5227 1606 5278 nuncetiam
1625 5230 1700 5278 oemio
1718 5238 1772 5279 mea
1783 5230 1891 5278 extante
