4068 5924
655 436 949 510 AN'l'lQUlTA'l'UM
971 439 1119 501 ltullaN.
1143 441 1215 502 LlB.
1239 442 1292 502 lll.

173 595 189 627 ιι
208 570 272 651 έρη,
288 577 401 649 πρᾶγμα
417 569 529 641 ποιεῖτε,
543 561 565 627 ὦ
581 568 686 647 παῖδας,
696 572 735 649 τῷ
749 570 829 647 πατρὶ
844 573 947 645 ζῶντες,

172 684 189 716 ε
205 658 250 718 καλ
265 657 338 717 οὐδέν
360 656 422 716 άνευ
440 662 487 730 τῆς
509 659 574 736 ἐμῆς
589 655 696 734 γνώμης
718 657 947 737 διαπραττόμενοι·

172 772 190 804 ιε
206 750 295 825 καιρὸς
318 747 346 805 at
358 746 404 805 καὶ
426 746 495 823 ὑμᾶς
508 744 602 811 αύτούς
622 746 673 818 ἤδη
696 745 758 824 περὶ
775 748 849 822 ὑμῶν
864 747 897 805 τά
917 771 948 825 γε

171 862 189 893 ιι
205 839 353 906 τηλικαῦτα
373 834 511 912 φαίνεσθαι
535 838 699 915 φρονοῦντας.
755 833 949 905 Ὑπολαόόντις

125 951 139 986 s
171 949 188 981 ιε
204 915 248 984 σύν
263 923 305 982 τὸν
319 921 382 1001 ίμὸν
399 921 455 1000 βίον
469 921 521 993 ἤδη
542 920 616 989 τέλος
629 918 711 1001 ἔχειν,
734 923 846 1001 φανερὸν
868 922 948 995 ποιεί·

172 1038 189 1069 ιτ
207 1013 271 1072 σατέ
283 1034 345 1088 μοι,
360 1010 386 1070 τί
398 1009 431 1082 δή
445 1011 503 1070 ποτ’
518 1008 550 1069 ἂν
569 1010 643 1069 αὐτοὶ
657 1009 808 1087 προείλεσθε
821 1011 947 1089 πρέπειν

172 1124 190 1156 ε
207 1098 269 1159 άνευ
289 1103 336 1158 τοῦ
359 1097 456 1178 πατρὸς
476 1098 539 1178 περί
559 1102 612 1157 τῶν
635 1097 706 1155 ἰδίων
728 1098 948 1177 βουλευσάμενοι;

169 1216 185 1242 ι
205 1187 387 1267 Ἀποκρίνεται
410 1185 473 1265 πρδς
496 1186 574 1245 αὐτὸν
604 1185 817 1265 δπρεσόύτατος
846 1190 951 1247 τοιάδε·

171 1301 189 1334 ε
207 1275 363 1351 Ἐδεξάμεθ
377 1264 461 1351 δν,ιίι
480 1274 573 1353 πάτερ,
593 1275 637 1333 τὸν
653 1274 717 1354 ὑπέρ
740 1280 786 1346 τῆς
810 1276 950 1355 ἡγεμονίας

114 1387 137 1424 ιο
170 1388 189 1421 ε
208 1366 315 1443 ἀγῶνα,
330 1363 377 1422 καὶ
396 1362 510 1443 πάσχειν
524 1363 700 1439 ὑπεμείναμεν
720 1361 768 1422 ότι
785 1362 816 1422 δν
830 1367 868 1442 τῷ
887 1366 948 1423 δαι-

170 1474 190 1508 «
206 1452 289 1530 μονίῳ
312 1452 388 1528 δοκῇ·
413 1457 535 1510 τεθνάναι
554 1450 605 1530 γάρ
623 1449 656 1509 δν
674 1451 831 1530 βουλοίμεθα
847 1456 948 1531 μᾶλλον

173 1564 191 1600 ιι
207 1541 281 1615 ὴζῆν
295 1538 394 1609 ἀνάξιοι
405 1540 539 1616 γενόμενοι
558 1546 604 1600 σοῦ
620 1565 648 1599 τε
668 1542 711 1598 καί
731 1546 784 1601 τῶν
802 1544 948 1622 προγόνων·

171 1655 189 1688 ε
205 1632 236 1690 τό
256 1653 285 1689 τε
299 1631 364 1709 πρὸς
377 1629 436 1698 τοὺς
452 1628 571 1711 ἀνεψιούς
591 1628 713 1709 συγγενές
726 1632 776 1710 οὐχ
791 1635 868 1707 ἡμεῖς
887 1634 951 1715 πρό·

171 1744 189 1777 ε
205 1742 277 1799 rapot
294 1719 499 1796 λύσομεν,ὀίλλ’
515 1722 550 1786 ὡς
572 1717 623 1776 θπό
641 1721 687 1789 τῆς
703 1717 784 1796 τύχης
798 1720 949 1780 διαλελυται

115 1837 140 1875 ις
170 1832 190 1865 ιι
206 1806 358 1886 στέρξομεν.
401 1810 435 1867 let
454 1806 506 1888 γάρ
528 1805 678 1885 Κοριατίοις
700 1803 808 1866 ἔλαττον
835 1808 950 1888 κρίνεται

172 1920 192 1953 ε
206 1901 251 1955 τοῦ
264 1897 349 1954 καλοῦ
362 1894 393 1952 τό
413 1892 550 1973 συγγενές,
571 1893 624 1955 οὐδ’
642 1892 775 1973 Ὁρατίοις
793 1898 947 1977 τιμιώτερον

172 2008 190 2040 ε
207 1983 354 2065 φανήσεται
365 1983 396 2042 τδ
409 1982 481 2062 γένος
492 1987 539 2055 τῆς
554 1986 658 2063 ἀρετῆς.
679 2006 693 2039 ν
710 1981 744 2044 Ὁ
756 1984 784 2041 δέ
802 1984 906 2065 πατὴρ,
916 1990 952 2053 ὡς

169 2074 255 2146 ἔμαθε
269 2072 318 2143 τὴν
342 2072 457 2130 διάνοιαν
481 2073 583 2144 αὐτῶν,
597 2070 743 2151 περιχαρὴς
756 2071 893 2151 γενόμενος
906 2074 952 2133 καί

170 2161 220 2230 τὰς
233 2164 325 2240 χεῖρας
337 2158 460 2240 ἀνασχὼν
477 2162 513 2227 εἰς
526 2158 571 2218 τὸν
592 2159 700 2238 οὐρανὸν
713 2160 812 2228 πολλάς
828 2162 878 2243 ἔρη
898 2163 952 2242 χά-

115 2271 142 2310 εο
171 2272 246 2329 ριτας
259 2247 356 2308 εἰδέναι
370 2257 422 2316 τοῖς
436 2254 517 2326 θεοῖς,
530 2246 571 2307 ὅτι
589 2251 685 2315 παῖδας
699 2248 799 2306 ἔδωκαν
815 2252 887 2331 αὐτῷ
906 2273 950 2328 γε·

169 2338 262 2398 νέσθαι
273 2333 370 2401 καλοὺς
384 2337 429 2394 καί
442 2334 562 2414 ίγαθούς·
572 2333 663 2395 ἔπειτα
675 2336 825 2417 περιλαόὼν
840 2336 951 2398 ἕκαστον

171 2428 257 2485 αὐτῶν
269 2423 316 2482 καὶ
325 2421 372 2489 τὰς
380 2422 488 2494 ἡδίστας
498 2422 610 2491 άποδοθς
619 2426 768 2502 ἀσπασμῶν
780 2449 809 2486 τε
821 2426 951 2506 καίριλη-

173 2512 265 2589 μάτων
288 2507 492 2619 ριλορροσύνας,
509 2508 645 2591 «Ἔχετ’,
662 2512 726 2593 έρη,
751 2512 797 2572 καὶ
811 2512 858 2584 τὴν
882 2514 950 2591 ἐμὴν

176 2622 192 2654 ε
206 2597 329 2677 γνώμην,
341 2621 364 2654 ω
377 2598 468 2665 παῖδες
489 2599 590 2677 άγαθοί·
600 2600 646 2658 καί
663 2599 827 2679 πορευθέντες
839 2600 950 2682 ἀποκρί-

116 2714 144 2752 25
177 2710 194 2740 ει
209 2690 287 2744 νααθε
295 2686 392 2766 Τύλλῳ
404 2683 452 2757 τήν
464 2685 487 2743 τ’
502 2685 598 2760 εύσεόῆ
608 2687 747 2760 καίιιαλλν
765 2687 916 2768 άπόκρισιν.
933 2718 947 2744 ν

175 2775 212 2834 Ol
223 2772 271 2851 pb
285 2772 316 2845 δὴ
330 2772 466 2854 χαίροντες
478 2772 521 2832 iat
535 2798 568 2854 τη
586 2776 779 2854 παρακελεύσει
792 2782 838 2835 τοῦ
853 2780 952 2859 πατρὸς

174 2861 310 2940 ἀπῄεσαν,
331 2861 377 2920 καί
390 2861 576 2941 προσελθόντες
594 2866 632 2944 τῷ
654 2865 759 2944 βασιλεῖ
779 2866 952 2946 ἀναδέχονται

172 2951 217 3009 τὸν
244 2954 352 3029 ἀγῶνα,
377 2952 496 3017 κάκεῖνος
522 2951 687 3029 συγκαλέσας
710 2952 756 3024 τὴν
783 2955 880 3032 βουλὴν
905 2957 951 3015 καὶ

173 3038 284 3106 πολλοὺς
294 3038 416 3104 ἐπαίνους
430 3040 483 3098 τῶν
495 3039 638 3100 νεανίσκων
655 3041 804 3116 διαθέμενος
820 3043 950 3105 ἀποστέλ-

118 3150 146 3188 na
173 3130 212 3185 λιι
224 3127 349 3206 πρέσόεις
359 3125 424 3205 πρὸς
438 3126 619 3189 civilitatis
635 3127 696 3196 τοθς
709 3129 892 3206 δηλώσοντας,
909 3135 949 3191 ὅτι

174 3216 293 3294 δέχονται
317 3214 449 3293 Ῥωμαῖοι
471 3215 519 3286 τὴν
535 3215 633 3297 αἵρεσιν
655 3218 700 3276 καί
718 3219 875 3298 παρέξονται
893 3223 952 3292 τοὺς

173 3302 313 3382 Ὁρατίους
326 3305 561 3383 διαγωνιουμένους
576 3306 641 3386 ὑπέρ
652 3310 699 3378 τῆς
714 3310 807 3387 ἀρχῆς.

212 3393 320 3454 thlll.
333 3390 507 3465 Ἀπαιτούσης
520 3391 548 3451 δέ
555 3397 602 3465 τῆς
613 3394 759 3464 ὑποθέσεως
773 3396 819 3456 καί
832 3396 876 3457 τδν
890 3400 951 3480 τρό·

172 3503 221 3538 πον
231 3480 367 3550 διεξελθεῖν
377 3483 424 3551 τῆς
436 3480 524 3560 μάχης
533 3482 658 3561 exprim,
669 3483 758 3543 καὶτὰ
771 3484 839 3562 μετὰ
853 3486 951 3559 ταύτην

118 3603 147 3641 ,g
173 3565 381 3642 γινόμεναπάθη
390 3571 537 3647 θεατρικαῖς
550 3568 654 3628 ἐοικότα
663 3570 838 3650 περιπετείαις
848 3573 886 3647 μὴ
900 3578 948 3654 ρε-

174 3652 263 3727 θήεως
276 3655 399 3728 διελθεῖν,
409 3654 571 3736 πειράσομαι
582 3657 628 3722 καί
638 3660 700 3738 περὶ
714 3660 811 3718 τούτων
821 3662 865 3718 ἐπ’
877 3663 952 3742 ἀκρι-

177 3738 250 3806 όείας
273 3740 396 3817 ἕκαστον,
420 3746 455 3811 ὡς
470 3743 521 3820 ἰμὴ
546 3742 674 3821 δύναμις,
696 3748 788 3808 εἰπεῖν.
836 3746 949 3822 Ἐπειδὴ

175 3827 228 3907 γάρ
244 3832 259 3886 ὁ
273 3829 363 3907 χρόνος
374 3824 446 3904 ἧκεν,
459 3824 518 3914 ίνῷ
531 3832 605 3900 τέλος
618 3831 670 3894 ἔδει
685 3834 778 3894 λαθεῖν
791 3835 841 3903 τὰς
854 3840 951 3914 ὁμολο-

173 3916 249 3995 γίας,
270 3915 377 3996 ίξῄεσαν
396 3918 444 3995 μέν
466 3922 494 3978 αἱ
508 3924 560 3978 τῶν
580 3921 724 3999 Ῥωμαίων
744 3924 866 4002 δυνάμεις
879 3949 951 3987 παν·

120 4036 148 4077 to
174 4012 299 4086 στρατιᾷ,
316 4003 428 4082 ἐξῄεσαν
440 4008 468 4067 δὲ
479 4007 548 4083 μετὰ
559 4009 633 4068 ταῦθ’
647 4013 671 4068 οἱ
684 4010 815 4072 νεανίσκοι
828 4014 881 4081 τοῖς
895 4038 949 4073 πα-

172 4091 263 4170 τρῴοις
278 4095 344 4160 θεοῖς
358 4094 509 4171 εὐξάμενοι,
524 4096 570 4156 καῖ
581 4101 698 4176 προῆγον
713 4097 769 4171 ἅμα
781 4103 819 4179 τῷ
836 4103 950 4179 βασιλεῖ,

172 4181 418 4262 κατευφημούμενοί
434 4187 458 4241 θ’
475 4183 527 4243 barb
545 4184 644 4252 παντὸς
664 4191 710 4245 τοῦ
727 4186 796 4247 κατά
813 4190 860 4261 τὴν
874 4190 951 4249 πόλιν

172 4270 252 4350 ὄχλου
277 4271 324 4330 καὶ
345 4273 505 4347 παττόμενοι
526 4272 574 4339 τὰς
591 4274 706 4352 κεφαλὰς
729 4276 842 4336 άνθεσιν·
856 4277 908 4351 ἤδη
923 4277 951 4337 δέ

173 4361 217 4420 καῖ
238 4364 323 4431 ἡτῶν
338 4359 473 4421 Ἀλόανῶν
491 4361 639 4433 έξεληλύθει
660 4365 783 4442 στρατιά.
826 4364 904 4426 Ἐπεὶ
922 4366 950 4427 δέ

119 4480 146 4517 45
171 4450 500 4528 κατεστρατοπεδεύσαντο
513 4450 625 4523 πλησίον
641 4450 779 4524 ἀλλήλων,
794 4453 951 4536 μεταίχμιον

171 4540 350 4612 ποιησάμενοι
365 4537 409 4596 τὀν
428 4539 573 4618 διείργοντα
596 4540 645 4613 τὴν
668 4540 812 4619 Ῥωμαίων
833 4543 886 4603 άπὸ
904 4547 951 4616 τῆς

171 4624 309 4684 Ἁλόανῶν
333 4624 410 4706 όρον,
430 4625 493 4686 ίνθα
515 4628 562 4686 καὶ
585 4628 712 4707 πρότερον
736 4622 806 4710 εἶχον
832 4631 951 4709 ἑκάτεροι

171 4721 230 4780 τοὺς
243 4715 385 4794 χάρακας,
399 4718 504 4793 πρῶτον
519 4714 567 4794 μέν
582 4716 641 4796 ἱερά
653 4715 777 4786 θύσαντες
787 4716 896 4797 ὤμοσαν
906 4719 950 4779 ἐπὶ

171 4803 224 4859 τῶν
238 4801 363 4880 ἐμπύρων
385 4802 498 4882 στέρξειν
511 4803 560 4875 τὴν
581 4804 678 4885 τύχην,
693 4805 727 4878 ἥν
746 4805 778 4864 δν
792 4809 822 4866 ἐκ
835 4813 881 4879 τῆς
896 4807 954 4884 μοί-

118 4918 144 4958 ςς
174 4913 226 4969 χης
237 4892 291 4949 τιῗιν
310 4892 422 4971 ἀνεψιῶν
434 4891 546 4973 ίκατέρα
558 4894 633 4959 πόλις
646 4892 829 4974 ἐξενέγκηται,
842 4896 888 4954 καῖ
901 4920 952 4978 ρυ-

171 4976 261 5045 λάξειν
279 4976 328 5044 τὰς
343 4979 483 5058 ὁμολογίας
498 4979 641 5059 βεόαίους,
660 4981 760 5058 μηδένα
779 4983 954 5063 προσάγοντες

173 5068 268 5132 αὐτοῖς
281 5065 354 5125 δολον
369 5068 443 5127 αύτοί
454 5091 483 5128 τε
498 5069 543 5127 καὶ
555 5070 627 5148 γένος
640 5070 670 5129 τὸ
680 5069 707 5139 άξ
725 5073 822 5134 αὐτῶν.
876 5072 954 5134 Ἐπεί

171 5152 200 5212 δέ
213 5153 248 5212 τά
267 5152 334 5233 πρὸς
355 5154 425 5222 θεοὺς
446 5154 507 5215 όσια
520 5156 701 5236 διεπράξαντο,
721 5159 822 5237 θέμενοι
835 5160 870 5219 τά
883 5161 952 5222 όπλα

88 5306 93 5319 ,
173 5244 291 5319 προῆγον
307 5241 338 5299 ix
350 5247 395 5301 aas*
408 5243 526 5324 χάρακος
544 5245 686 5327 ἀμφότεροι
699 5248 790 5308 θεαταί
803 5252 850 5322 τῆς
864 5248 953 5329 μάχης

1718 431 1774 504 ιιι

1004 610 1016 634 ιι
1034 592 1146 654 (inquit)
1158 606 1174 641 o
1186 590 1228 641 dlii
1238 591 1328 652 tacitis,
1339 591 1381 654 qui
1389 591 1420 641 ad
1431 590 1507 655 patris
1517 591 1670 642 volumtatem
1681 591 1780 652 vivatis,

1004 716 1016 740 ι
1032 710 1113 761 nequae
1122 697 1255 760 quidquam
1264 696 1318 746 sine
1335 708 1391 746 meo
1402 709 1523 746 musensu
1540 695 1637 746 iacietis
1652 714 1659 745 ι
1674 693 1719 747 sed
1730 696 1780 746 ἰειπ

1004 823 1016 847 ιι
1032 806 1131 866 tempus
1144 804 1182 853 est
1191 807 1220 851 ut
1231 804 1256 852 ot
1268 815 1313 851 ros
1324 801 1370 865 ipsi
1382 804 1490 852 vestram
1499 800 1526 851 ln
1538 804 1607 851 lanto
1618 801 1716 865 nogotio
1725 814 1782 851 sen·

1033 909 1136 962 tentiam
1147 908 1287 959 declaretis.
1313 908 1408 972 Fingite
1417 907 1491 971 igitur
1502 920 1543 957 mc
1554 906 1603 963 inm
1613 906 1664 956 lato
1678 906 1780 957 ‹ieiuno-

1004 1035 1017 1060 ι
1031 1019 1085 1066 turn
1096 1019 1124 1066 et
1133 1015 1256 1067 declarate
1264 1016 1325 1066 mibi
1336 1016 1454 1080 quidnam
1467 1015 1635 1065 consultantes
1645 1015 1677 1064 de
1690 1015 1781 1065 restris

1005 1142 1017 1165 ι
1030 1121 1106 1172 υσθυε
1114 1121 1191 1185 patris
1201 1121 1514 1173 oonsiliodestitutiiacere
1522 1122 1678 1171 statueritis?
1690 1140 1703 1164 υ
1712 1122 1782 1169 Tunc

1003 1232 1126 1283 maximus
1142 1232 1203 1281 natu
1220 1230 1243 1281 el
1264 1229 1393 1294 respondit
1410 1249 1416 1279 :
1433 1228 1663 1294 «susciperemus,
1684 1229 1718 1278 mi
1739 1240 1782 1291 pn·

1005 1360 1017 1384 ι
1035 1344 1083 1401 tar,
1099 1338 1148 1388 boc
1163 1339 1288 1388 certamen
1307 1349 1353 1400 pro
1376 1334 1537 1400 principatu,
1555 1338 1581 1385 et
1602 1333 1782 1386 sustineremus

1005 1467 1017 1490 ι
1033 1444 1133 1509 quiduis
1157 1445 1222 1495 ferre
1242 1442 1311 1506 quod
1325 1442 1372 1493 deo
1396 1442 1530 1493 rideretur.
1564 1441 1698 1491 ltlallemus
1716 1438 1781 1491 enim

1005 1571 1018 1595 κ
1034 1552 1097 1602 mori
1106 1564 1181 1614 quarn
1198 1550 1279 1600 virere
1291 1552 1380 1615 praeter
1390 1551 1458 1599 tuam
1470 1550 1496 1599 et
1504 1549 1626 1599 maiorum
1640 1549 1782 1598 nostrorum

1005 1678 1018 1702 «
1034 1658 1186 1721 dignitatem.
1221 1657 1396 1721 cognationem
1408 1659 1502 1717 autern,
1513 1668 1570 1719 quo
1579 1655 1651 1706 nobis
1659 1668 1716 1705 cum
1726 1667 1784 1705 con·

1007 1786 1019 1810 ι
1034 1765 1140 1817 sobrinis
1151 1764 1294 1825 intercedit,
1311 1778 1360 1814 uon
1379 1776 1425 1814 nos
1440 1763 1536 1829 priores
1550 1763 1690 1822 solvemus,
1709 1762 1753 1812 sed
1768 1775 1782 1812 a

1006 1892 1019 1916 o
1035 1875 1134 1924 lartum
1152 1872 1300 1922 dissolutam
1328 1885 1401 1935 aequo
1420 1871 1502 1921 auimo
1520 1870 1636 1920 seramus.
1671 1870 1696 1918 Si
1717 1868 1783 1919 enim

1006 2002 1018 2026 ι
1035 1980 1138 2033 Curiatii
1160 1980 1315 2030 honestatem
1337 1976 1476 2043 cognationi
1494 1977 1658 2040 anteponunt,
1672 1978 1740 2025 certa
1753 1987 1784 2025 na

1007 2108 1018 2131 a
1034 2086 1239 2150 Homtiiquidem
1247 2085 1421 2151 gennsvirtuti
1433 2085 1576 2150 prestarent.
1589 2102 1601 2127 υ
1614 2084 1688 2132 Potor
1696 2081 1782 2146 igitur,

1005 2191 1102 2253 cognita
1111 2160 1196 2240 eorum
1211 2189 1347 2250 voluntate,
1362 2188 1448 2239 latitia
1463 2189 1586 2252 pertusus,
1598 2190 1624 2237 ct
1640 2183 1745 2235 sublatis
1758 2183 1783 2233 in

1005 2292 1095 2342 calum
1110 2290 1243 2352 manibus,
1259 2303 1372 2356 magnam
1387 2304 1414 2341 se
1425 2291 1475 2341 diis
1491 2292 1596 2353 gratiam
1607 2292 1698 2343 babere
1711 2292 1783 2355 dixit,
1831 2280 1836 2285 ’

1005 2390 1071 2455 quod
1091 2391 1138 2442 sibi
1158 2390 1250 2443 liberos
1262 2389 1372 2454 egregios
1389 2395 1416 2441 ot
1435 2390 1512 2440 tortos
1528 2390 1664 2442 dedissent.
1687 2391 1783 2445 llaiode

1005 2489 1156 2553 amplectens
1172 2487 1282 2554 singulos
1294 2491 1320 2539 et
1331 2487 1488 2538 suavissimis
1502 2487 1656 2552 amplexibus
1664 2502 1694 2538 ac
1705 2503 1781 2541 oscu-

1006 2597 1036 2648 lis
1056 2597 1132 2658 datis,
1149 2616 1161 2640 ι
1181 2595 1297 2655 Habetis,
1314 2595 1408 2660 inquit,
1421 2608 1501 2646 nicam
1514 2609 1614 2660 quoqare
1627 2597 1783 2656 sententiam,

1008 2714 1048 2751 ιο
1063 2700 1108 2752 lilii
1125 2699 1197 2761 θοαῖς
1208 2701 1234 2749 et
1244 2698 1339 2750 rarsrsi
1357 2698 1429 2749 Tullo
1443 2700 1496 2749 ιεενι
1507 2698 1576 2763 plum
1590 2700 1615 2749 et
1628 2703 1680 2749 tarn
1692 2698 1783 2752 bouca-

1007 2821 1019 2845 ιι
1035 2805 1092 2852 tum
1103 2814 1248 2865 responsum
1260 2799 1359 2851 resena.
1372 2819 1385 2844 ν
1398 2800 1436 2850 llli
1450 2799 1527 2864 igitur
1539 2800 1588 2851 lasti
1600 2801 1678 2865 patris
1689 2799 1782 2852 adbor-

1005 2907 1098 2958 tatione
1108 2906 1333 2968 abierunt,ctcu1u
1344 2906 1376 2955 ad
1390 2919 1472 2970 regem
1483 2904 1647 2957 accessissent
1658 2909 1783 2959 certamen

1005 3000 1175 3073 susceperunt.
1198 3012 1250 3060 lica
1272 3023 1332 3059 vero
1350 3011 1487 3060 murocato
1510 3011 1598 3059 acuatu
1612 3008 1716 3060 lomnes
1727 3023 1783 3074 piro·

1004 3111 1092 3163 liniare
1119 3113 1229 3165 oratioue
1252 3111 1416 3175 collaudavit,
1440 3115 1466 3163 st
1489 3111 1583 3177 legatos
1607 3111 1640 3162 ad
1662 3111 1783 3163 albanum

1004 3209 1081 3270 misit,
1099 3210 1143 3273 qui
1157 3209 1331 3275 significarent,
1355 3213 1478 3260 Romanos
1494 3209 1657 3275 conditionem
1673 3208 1785 3274 accipere

1004 3310 1030 3358 et
1041 3307 1188 3370 praebituros
1200 3308 1384 3368 casellomtios,
1396 3307 1440 3372 qui
1453 3307 1485 3357 de
1494 3307 1632 3372 principatu
1648 3310 1783 3359 certarent.

1037 3414 1112 3462 ltllll.
1130 3413 1253 3469 Quoniam
1277 3425 1339 3462 voro
1353 3426 1463 3476 pressos
1478 3417 1652 3476 argumentum
1665 3414 1783 3477 postulat.

1004 3512 1155 3559 utacourate
1164 3509 1245 3572 ipsum
1256 3509 1332 3560 etiam
1339 3523 1428 3573 pugno
1436 3509 1538 3559 madum
1548 3510 1696 3571 describam,
1704 3514 1784 3576 utque

1005 3600 1135 3668 diligenter
1146 3617 1244 3654 narrem
1256 3619 1328 3655 casus
1338 3607 1446 3669 tragicos
1455 3607 1497 3669 qui
1506 3606 1570 3656 banc
1579 3606 1708 3657 subsecuti
1717 3614 1782 3668 sunt,

1004 3695 1099 3759 singula
1109 3709 1154 3759 pro
1166 3695 1230 3746 virili
1243 3700 1314 3759 parte
1322 3702 1436 3748 accurata
1442 3711 1588 3762 percensere
1593 3700 1708 3750 conabor.
1719 3702 1783 3752 (lum

1004 3796 1068 3845 eobo
1077 3796 1177 3859 tempus
1186 3793 1303 3856 venisset,
1313 3798 1497 3858 nuopactomm
1507 3796 1658 3847 conditiones
1666 3797 1697 3847 nd
1710 3798 1784 3849 linem

1004 3892 1170 3958 perducendae
1179 3895 1258 3953 erant,
1268 3906 1353 3943 omnes
1360 3896 1526 3943 Romanorum
1537 3894 1613 3957 copiae
1623 3893 1782 3957 prodierunt:

1004 3994 1092 4057 postea
1102 4004 1164 4042 raro
1171 3989 1316 4055 prodierunt
1323 3989 1402 4055 stipsi
1412 3990 1514 4040 invenes
1522 3990 1616 4055 patrios
1624 3989 1684 4040 deos
1698 3991 1785 4054 adpre-

1006 4089 1069 4152 cati,
1084 4093 1175 4140 etcum
1187 4102 1244 4153 rege
1259 4087 1410 4148 incedentes,
1425 4099 1519 4151 eosque
1537 4090 1592 4137 tota
1607 4086 1702 4138 urbana
1716 4087 1782 4138 mul·

1006 4183 1086 4235 titudo
1094 4184 1198 4236 summis
1203 4184 1319 4235 madibus
1328 4184 1352 4234 cl
1361 4183 1457 4235 terebat
1465 4183 1596 4248 capitaque
1608 4184 1711 4237 tionibus
1721 4199 1781 4235 con·

1005 4279 1143 4344 spergebat.
1175 4281 1228 4330 lam
1247 4287 1331 4332 autem
1352 4284 1379 4332 et
1397 4281 1546 4333 albanorum
1566 4283 1644 4349 copiae
1663 4284 1782 4336 exierant.

1004 4381 1068 4429 Tam
1092 4377 1181 4428 castris
1202 4379 1228 4430 in
1246 4379 1384 4444 propinquo
1405 4380 1492 4444 positis
1525 4383 1635 4432 modium
1656 4394 1782 4445 campum,

1004 4453 1158 4539 quinctiani
1171 4479 1196 4526 a
1212 4476 1360 4542 boniagri
1377 4477 1438 4529 uns
1451 4477 1550 4539 uisui,
1566 4478 1610 4529 una
1623 4479 1697 4528 enen
1710 4480 1783 4529 antea

1005 4574 1105 4639 utrique
1122 4577 1205 4624 eastra
1227 4572 1313 4622 metati
1331 4577 1416 4634 erant,
1432 4588 1523 4639 pugna
1542 4574 1709 4624 destinarunt.
1746 4580 1782 4625 ac
1891 4624 1894 4636 ,

1005 4671 1112 4734 primum
1127 4670 1227 4735 quidem
1247 4671 1360 4721 mactatis
1374 4670 1501 4732 victimis,
1522 4671 1635 4720 iurarunt
1653 4684 1729 4734 super
1742 4685 1782 4721 ar-

1005 4771 1092 4822 dentes
1107 4782 1163 4819 aras
1185 4781 1213 4819 so
1232 4769 1257 4818 in
1279 4781 1309 4818 ea
1326 4768 1424 4817 somnne
1456 4767 1630 4832 acquieturos,
1655 4781 1729 4832 quiam
1751 4783 1782 4820 οε

1006 4867 1094 4930 proelio
1104 4864 1304 4916 consobrinorum
1323 4870 1430 4926 utraque
1441 4863 1530 4914 civitas
1547 4864 1680 4925 retulisset,
1694 4868 1720 4915 et
1737 4865 1782 4917 ite-

1006 4965 1067 5014 dara
1077 4964 1219 5013 mostantsr
1233 4964 1389 5022 servaturos,
1399 4964 1425 5011 st
1435 4973 1516 5024 neque
1531 4975 1559 5011 se
1574 4974 1655 5025 neque
1671 4965 1783 5026 posteros

1006 5072 1064 5109 suos
1075 5059 1151 5109 ullam
1169 5059 1280 5111 fraudem
1298 5060 1485 5111 commissuros.
1518 5059 1602 5111 Rebus
1618 5072 1679 5110 raro
1690 5060 1781 5111 divinis

1006 5156 1053 5207 rite
1066 5157 1188 5220 peractis,
1200 5158 1299 5223 utrique
1314 5156 1401 5222 positis
1413 5158 1491 5210 armis
1500 5156 1642 5223 prodierunt
1652 5170 1680 5209 er
1694 5140 1782 5207 castris

1008 5268 1096 5322 pugno
1105 5259 1255 5318 spectatores
1269 5257 1363 5319 loturi,
1374 5257 1459 5309 relicto
1475 5257 1535 5324 ipsis
1549 5256 1715 5309 certatoribus
1727 5268 1780 5306 rne-
