4070 5926
663 416 953 491 surrourrlruu
974 421 1120 485 uousn.
1145 394 1217 488 mc.
1242 430 1298 489 rx.

165 534 310 609 ἀνήκεστον
322 539 354 601 ἀν
368 564 394 601 τι
408 543 489 603 κακδν
507 545 702 628 ἐξειργάσαντο.
748 548 798 610 Ἐκ
809 549 836 610 δέ
848 550 941 611 τοὺτου

165 622 307 696 διειστήκει
321 635 397 686 πάσα
407 631 425 699 ή
436 632 527 707 πόλις,
542 632 588 691 καί
597 637 621 693 οί
632 632 697 701 τίως
707 638 884 716 ἡσυχάζοντες
893 637 942 709 δή·

165 735 266 794 μαρχοι
275 714 335 774 τότε
349 719 488 797 ἠγριοῦντο
509 721 554 778 καὶ
572 724 625 780 τῶν
639 723 747 784 ὑπάτων
767 725 940 806 κατηγόρουν.

166 804 349 885 Περιειατήκει
359 831 388 866 τε
400 812 416 880 ή
432 809 549 890 περὶτῆς
561 815 723 894 κληρουχίας
731 816 823 887 στάσις
838 822 874 888 είς
888 822 944 883 ἐτί-

123 912 136 950 ε
165 915 212 971 ραν
234 893 340 966 μείζονα
362 896 405 954 διδι
420 895 463 956 τόν
484 898 549 979 ὑπὲρ
564 907 609 959 τοὺ
625 905 727 982 κόσμου
743 910 790 978 τῆς
810 909 944 980 πολιτείας

164 981 263 1060 ἀγῶνα.
306 985 341 1045 0t
356 984 403 1063 μίν
418 1008 448 1064 γε
461 991 596 1068 πατρίκιοι
610 991 663 1059 τοῖς
682 992 791 1062 ὑπάτοις
810 999 846 1063 ὡς
859 1020 943 1057 κατα-

165 1072 294 1150 λυομένης
310 1079 397 1135 αὑτῶν
416 1079 465 1147 τῆς
483 1076 600 1147 ἐξουσίας
620 1087 878 1159 συναγανακτοῦντες
897 1083 942 1141 τόν

166 1162 317 1223 ἐπιόάλλειν
331 1172 385 1232 τοῖς
396 1164 540 1243 ὑπηρέταις
552 1167 723 1244 τολμήσαντα
738 1170 808 1231 κατδι
822 1175 942 1252 κρημνοῦ

167 1251 257 1330 βαλεῖν
271 1251 371 1324 ἠξίουν,
422 1256 458 1314 Οἱ
474 1253 501 1313 δέ
518 1255 655 1332 δημοτικοί
676 1259 871 1342 συστρίψαντες
890 1265 942 1319 αὑ-

114 1361 137 1398 ευ
165 1338 224 1408 τοὺς
242 1342 378 1403 κατεόόων
398 1366 426 1402 τε
443 1342 491 1402 καί
510 1346 719 1425 παρεκελεύοντο
735 1347 773 1426 μή
790 1348 942 1429 προδιδόναι
969 1380 972 1409 ι

165 1431 237 1507 σφῶν
249 1429 296 1501 τήν
308 1431 465 1511 ἐλευθερίαν,
480 1433 540 1492 ἀλλ’
553 1432 598 1493 ἐπὶ
608 1432 656 1506 τήν
675 1435 773 1516 βουλὴν
787 1435 818 1495 τὸ
828 1446 941 1518 πρᾶγμα

164 1515 236 1593 ἀγειν
257 1519 303 1576 καί
326 1525 377 1579 τῶν
394 1520 501 1579 ὑπάτων
521 1532 678 1603 κατηγορεῖν
702 1525 747 1584 καὶ
773 1524 846 1598 δίκης
871 1524 940 1590 τινός

163 1608 229 1685 παρ’
247 1608 333 1666 αὐτῶν
350 1606 437 1680 ἠξίουν
462 1609 566 1690 τυχεῖν,
593 1609 633 1669 ότι
652 1613 697 1671 τόν
715 1612 940 1688 ἐπικαλεσάμενον

163 1694 194 1750 ἐκ
210 1697 263 1753 τῶν
278 1697 425 1775 δημάρχων
442 1695 564 1774 βοήθειαν
588 1698 634 1758 καί
656 1702 682 1760 ἐν
697 1703 735 1780 τῷ
751 1700 830 1782 δήμῳ
853 1701 939 1779 κρίσιν

110 1805 134 1845 ts
163 1782 271 1862 ὑπέχειν
286 1785 310 1841 εί
324 1807 349 1841 τι
364 1786 517 1861 πλημμελεῖ
534 1785 691 1864 βουλόμενον
705 1788 841 1868 οὑδετίρου
850 1795 939 1867 τυχεῖν

162 1867 255 1928 εἴασαν
268 1875 320 1931 τῶν
346 1872 471 1945 δικαίων,
488 1873 548 1931 ἀλλ’
570 1874 597 1932 ἐν
614 1874 778 1953 ἀνδραπόδου
801 1874 881 1957 μαίρογ
895 1876 939 1935 τόν

160 1958 295 2037 ἐλεὺθερον
306 1960 351 2020 καὶ
369 1960 479 2034 πολίτην
500 1959 588 2022 ἔθεντο
605 1963 691 2022 παίειν
711 1963 937 2043 ἐπικελευόμενοι.

161 2047 401 2129 Ἀντιτεταγμίνων
433 2051 464 2122 δή
490 2049 604 2122 τούτων,
629 2051 676 2110 καί
703 2050 845 2133 οὑδετίρων
870 2043 937 2121 εἶξαι

1719 440 1777 502 535

998 564 1049 612 tem
1064 563 1139 625 facto,
1161 567 1187 616 in
1209 568 1308 619 diverse
1325 571 1409 623 studia
1422 576 1477 625 tota
1489 575 1579 639 civitas
1592 581 1631 629 cst
1648 578 1728 631 divisa
1751 586 1777 633 et

997 656 1099 717 tribuni,
1119 661 1164 724 qui
1184 660 1472 729 hactenusquievcmnt,
1490 672 1550 719 tunc
1570 669 1740 728 efferabantur
1752 684 1778 729 et

997 749 1023 801 iu
1041 753 1156 804 consules
1172 754 1363 817 invehebantur,
1390 763 1416 809 et
1438 760 1529 813 seditio
1548 764 1610 828 legis
1625 770 1728 831 agrarius
1751 773 1778 822 iu

995 844 1115 908 mutum,
1130 845 1162 895 ob
1178 849 1361 900 contentionem
1373 849 1405 901 cle
1425 851 1571 917 reipublice
1597 861 1666 909 statu
1686 864 1775 921 ortam,

997 939 1087 1003 erupit.
1115 942 1177 991 Nam
1191 942 1299 1006 patricii,
1309 944 1408 1009 indigue
1424 946 1533 1000 ferentes
1550 953 1679 1005 consulum
1692 961 1777 1021 potes·

998 1033 1075 1080 tutem
1094 1032 1158 1094 tolli,
1174 1046 1247 1093 eum,
1270 1034 1314 1100 qui
1332 1035 1463 1088 lictoribus
1481 1054 1571 1092 manus
1584 1042 1685 1107 injicere
1700 1062 1778 1100 ausus

998 1126 1060 1183 erat,
1071 1123 1103 1174 de
1119 1138 1180 1175 saxo
1197 1125 1303 1189 dejicere
1316 1128 1440 1180 volebant.
1462 1133 1553 1184 Contra
1565 1137 1651 1202 plebeii
1660 1143 1775 1193 caterva·

999 1216 1045 1266 tim
1058 1216 1269 1270 vociferabantur
1281 1225 1307 1272 et
1327 1236 1354 1272 se
1368 1224 1475 1277 invicem
1489 1229 1692 1294 cohortabantur,
1706 1250 1738 1287 ne
1748 1236 1777 1287 li-

997 1310 1120 1362 bertatem
1141 1327 1213 1364 susm
1221 1314 1369 1379 proderent3
1386 1320 1430 1370 secl
1442 1335 1494 1372 rem
1507 1324 1539 1373 acl
1553 1331 1666 1378 senatum
1683 1328 1777 1388 referre

997 1410 1023 1457 et
1031 1408 1144 1459 consules
1153 1422 1271 1461 accusare
1283 1415 1309 1461 ct
1319 1412 1556 1469 animaduersionem
1570 1421 1681 1487 aliquem
1696 1425 1723 1475 in
1734 1440 1777 1478 eos

997 1514 1099 1565 poscere
1112 1501 1238 1563 volebant,
1249 1503 1392 1569 quodcum,
1403 1508 1448 1572 qui
1464 1524 1537 1575 opem
1557 1513 1716 1568 tribunorum
1727 1520 1777 1571 im-

997 1593 1105 1659 plorarat
1122 1598 1147 1645 ct
1160 1596 1245 1661 populi
1259 1596 1420 1661 judicium,si
1436 1615 1513 1667 εμεαω
1533 1604 1649 1669 injuciam
1661 1610 1774 1673 fecisset,

998 1688 1083 1738 subire
1095 1689 1201 1749 volebat,
1218 1695 1307 1742 neutro
1318 1688 1375 1756 iulo
1387 1696 1462 1760 potiri
1472 1699 1538 1762 passi
1549 1706 1645 1763 essent,
1665 1706 1709 1756 sed
1729 1708 1774 1758 bo·

997 1779 1090 1830 minem
1111 1780 1245 1845 ingenuum
1266 1786 1291 1833 et
1312 1784 1392 1836 civem
1413 1790 1552 1842 Romanum
1571 1798 1600 1843 nt
1624 1799 1776 1863 mancipium

998 1875 1146 1925 tractassent
1166 1875 1425 1943 coniquejmsissenr.
1460 1882 1506 1933 llis
1518 1883 1594 1948 igitur
1606 1887 1653 1937 sibi
1669 1888 1775 1942 invicem

997 1964 1172 2017 resistentibus
1182 1972 1208 2018 et
1224 1971 1320 2021 neutris
1329 1971 1415 2023 alteris
1426 1974 1514 2026 cedere
1527 1976 1678 2042 volentibus,
1694 1986 1775 2037 totum

997 2059 1066 2110 illius
1075 2062 1221 2112 consulatus
1240 2064 1366 2129 reliquum
1380 2070 1480 2133 tempus
1493 2077 1652 2125 consumtum
1665 2080 1711 2137 est,
1731 2092 1776 2130 nec

164 2137 329 2216 βουλομένων
344 2143 397 2205 τοῖς
413 2134 519 2215 ίτίροις,
537 2135 607 2205 άπας
624 2139 638 2197 b
651 2138 741 2205 λοιπὸς
755 2140 803 2208 τῆς
817 2140 944 2207 ὑπατείας
997 2152 1057 2203 ultis
1068 2153 1143 2205 rebus
1155 2155 1181 2204 in
1199 2154 1264 2207 bello
1277 2159 1396 2222 preclare
1414 2162 1500 2226 gestis,
1515 2177 1561 2215 nec
1574 2166 1634 2218 ullis
1646 2170 1709 2220 actis
1718 2169 1776 2222 ciri·

110 2246 136 2284 eo
163 2224 263 2296 ἐκείνης
282 2223 433 2295 ἐδαπανήθη
449 2223 553 2304 χρόνος,
577 2223 636 2284 οὗτε
651 2227 808 2301 πολεμικαῖς
830 2225 943 2308 πράξεσι
963 2226 968 2266 ²
997 2240 1209 2299 ltuusmemoruu
1221 2250 1302 2315 dignis
1312 2258 1437 2306 ornatum.

163 2312 303 2389 κοσμηθεὶς
320 2311 483 2381 subsicciva
500 2316 647 2380 πολιτικαῖς
661 2314 739 2391 λόγου
746 2313 839 2383 ἀξίαις.

201 2404 263 2465 XL.
297 2403 481 2466 Ἐπιστάντων
507 2404 535 2463 δὲ
559 2405 612 2463 τῶν
639 2402 816 2486 ἀρχαιρεσίων
840 2400 939 2462 ὑπατοι

163 2492 210 2568 μὲν
234 2496 429 2574 ἀπεδείχθησαν
458 2491 570 2560 Αεὺκιος
602 2495 726 2573 Πινάριος
749 2495 795 2552 καὶ
822 2492 939 2556 Πόπλιος

162 2581 285 2662 Φοὺριος.
327 2580 373 2641 Ἐν
389 2584 459 2662 ἀρχῇ
475 2582 503 2640 δέ
521 2587 568 2640 τοὺ
582 2580 653 2648 ἐτους
666 2581 739 2648 εὑθὺς
754 2581 855 2647 ὀττείας
871 2580 940 2647 τινός

107 2689 134 2727 as
162 2672 270 2742 ἡπόλις
289 2670 429 2751 ἐπληρώθη
449 2669 495 2728 καὶ
512 2669 594 2751 ρόόου
612 2671 764 2749 δαιμονίου,
777 2669 894 2749 τεράτων
908 2692 938 2728 τε

161 2759 207 2819 καὶ
229 2761 347 2838 σημείων
369 2762 474 2819 πολλῶν
490 2760 657 2836 γενομένων,
677 2759 723 2819 καί
743 2756 771 2818 οἵ
787 2782 816 2818 τε
831 2758 937 2836 μάντεις

161 2849 273 2917 ἅπαντες
290 2850 336 2908 καῖ
353 2852 377 2909 οῖ
397 2851 448 2907 τῶν
467 2851 545 2929 ἱερῶν
559 2846 685 2927 ἐξηγηταί
699 2850 781 2928 χόλου
805 2847 937 2926 δαιμόνων

161 2938 305 3017 μηνύματα
319 2931 385 2997 εῖναι
399 2937 433 2997 τλ
446 2938 570 3016 γινόμενα
589 2936 750 3018 ἀπέφαινον,
768 2940 845 3019 ἱερῶν
861 2960 938 2995 τινων

160 3029 210 3110 οὑχ
228 3026 306 3096 ὁσίως
328 3025 387 3086 οὑδὲ
408 3030 529 3106 καθαρῶς
555 3026 777 3102 ἐπιτελουμένων.
831 3025 886 3086 Καὶ
909 3029 938 3086 οὑ

107 3130 135 3171 ³⁰
161 3118 230 3195 μετδι
246 3115 313 3178 πολὺ
327 3116 403 3184 νόσος
424 3115 568 3197 ίνίσκηψεν
586 3117 621 3182 είς
641 3115 689 3183 τὰς
706 3115 834 3193 γυναῖκας
850 3121 868 3188 ἡ
886 3137 937 3173 κα-

160 3207 276 3283 λουμένη
292 3204 401 3283 λοιμική
424 3204 470 3263 καὶ
494 3205 606 3270 θάνατος
622 3204 682 3271 όσος
704 3202 777 3263 οὑπω
794 3204 936 3285 πρότερον,

160 3297 276 3375 μάλιστα
300 3297 323 3356 δ’
352 3298 387 3361 εἷς
411 3293 459 3361 τδις
483 3294 641 3373 ἐγκύμονας.
686 3285 886 3372 Ὦμοτοκοὺσαί
908 3317 936 3353 τε

159 3386 210 3467 γάρ
232 3386 278 3446 καί
296 3384 376 3464 νεκρδ
402 3383 541 3442 τίκτουσαι
562 3381 776 3454 συναπίθνησκον
802 3390 855 3449 τοῖς
876 3382 938 3463 βρί-

159 3497 236 3555 proc·
250 3475 296 3535 καλ
312 3472 372 3535 οὔτε
386 3475 516 3557 λιτανεῖαι
539 3470 604 3553 πρδς
622 3470 692 3531 ίδεσι
707 3470 753 3530 καί
774 3474 872 3550 βωμοῖς
892 3495 934 3550 γι-

105 3571 132 3611 ii
159 3564 268 3641 νόμεναι
282 3567 367 3639 θεῶν,
388 3560 448 3623 οὔτε
470 3558 643 3642 καθαρτήριοι
657 3560 746 3618 θυσίαι
761 3557 824 3637 περί
840 3582 868 3617 τε
889 3558 937 3618 πό·

159 3656 225 3720 λεως
243 3653 288 3712 καὶ
308 3654 386 3712 οίκων
407 3651 481 3712 ίδίων
498 3648 700 3725 ίπιτελοὺμεναι
718 3648 825 3706 παῦλαν
849 3649 936 3716 αὑταῖς

159 3740 250 3821 ἐρερον
271 3743 324 3800 τῶν
346 3746 447 3802 κακῶν.
492 3740 540 3800 Ἔν
563 3737 673 3817 τοιεὺτῃ
689 3735 722 3815 δή
743 3746 867 3819 συμφορᾷ
891 3743 937 3810 τῆς

158 3831 259 3898 πόλεως
279 3829 377 3903 οὑσης,
402 3838 457 3898 τοῖς
485 3828 624 3906 ἐξηγηταῖς
653 3830 705 3887 τῶν
733 3829 811 3907 ἱερῶν
837 3828 937 3907 γίνεται

159 3921 270 3999 μήνυσις
293 3921 344 3980 ὑπὸ
367 3921 461 3980 δούλου
485 3919 572 3993 τινὸς,
591 3920 630 3977 δτι
651 3917 700 3994 μία
722 3918 774 3976 τῶν
797 3919 935 3997 ἱεροποιῶν

101 4036 132 4076 ευ
158 4012 293 4089 παρθένων
305 4014 358 4070 τῶν
372 4011 561 4088 φυλαττουσῶν
575 4006 607 4066 τὸ
622 4006 751 4067 ἀθάνατον
771 4011 827 4086 πῦρ,
840 4005 935 4087 Ὀρόι·

157 4100 200 4159 νία
213 4100 261 4173 τήν
277 4099 421 4182 παρθενίαν
437 4096 606 4169 ἀπολώλεκε,
626 4095 674 4155 καὶ
695 4094 729 4153 τὰ
751 4094 809 4175 ispi
832 4096 887 4155 θὺει
901 4097 935 4155 τδι

156 4194 204 4261 τῆς
216 4192 317 4257 πόλεως
340 4189 388 4248 οθκ
406 4178 473 4248 οὑσα
492 4186 608 4265 καθαρά.
654 4187 778 4246 Κάκεῖνοι
799 4186 933 4263 μεταστή-

157 4300 249 4343 σαντες
263 4277 345 4348 αὑτήν
360 4275 412 4335 ἀπὸ
430 4277 483 4333 τῶν
502 4277 596 4357 ἱερῶν,
611 4273 658 4334 καί
681 4273 819 4353 προθίντες
838 4272 932 4349 δίκην,

155 4366 247 4438 ἐπειδή
257 4364 412 4447 καταφανής
422 4363 524 4446 ἐγίνετο
539 4366 705 4445 ἐλεγχθεῖσα,
721 4362 827 4446 βάὺδοις
837 4363 860 4421 τ’
870 4367 934 4440 ίμα·

101 4482 128 4522 cs
155 4457 290 4535 ατίγωσαν
311 4453 359 4513 καῖ
380 4453 582 4531 πομπεύσαντες
596 4451 641 4512 δεδι
664 4456 711 4525 τῆς
725 4450 828 4518 πόλεως
848 4455 934 4522 ζῶσαν

154 4542 320 4623 κατώρυξαν.
372 4546 435 4604 Τῶν
457 4542 484 4602 bl
508 4540 728 4624 διαπραξαμίνων
754 4541 801 4612 τήν
825 4540 933 4600 ἀνοσίαν

154 4633 253 4715 φθοράν
267 4640 281 4694 ὁ
296 4632 344 4711 μίν
364 4632 453 4712 ἐτερος
467 4632 559 4691 ίαντὸν
582 4630 760 4712 διεχρήσατο,
775 4629 819 4689 τὸν
837 4630 861 4688 δ’
876 4629 933 4689 ἐπε·

155 4744 200 4800 ρον
215 4726 240 4780 οῖ
257 4726 309 4781 τῶν
333 4725 410 4801 ίερῶν
428 4720 570 4781 ἐπίσκοποι
592 4719 768 4786 συλλαόόντες
793 4721 821 4777 ἐν
847 4723 933 4799 ἀγορᾷ

154 4808 275 4887 μάστιξιν
295 4810 459 4888 αἰκισάμενοι
475 4809 597 4889 καθάπερ
619 4808 783 4888 ἀνδράποδον
807 4805 932 4866 ἀπόκτει-

97 4925 126 4963 so
152 4922 212 4959 ναν.
264 4897 298 4958 ‘il
325 4902 372 4979 μίν
396 4891 442 4961 οὑν
464 4900 537 4966 νόσος
560 4903 578 4970 ἡ
605 4899 640 4963 είς
667 4895 713 4963 τάς
730 4903 858 4974 γυναῖκας
887 4894 932 4954 καὶ

152 4984 261 5055 δπολὺς
286 4990 372 5049 αὐτῶν
395 4988 489 5070 ρθόρος
509 4985 577 5063 μετδι
602 4989 681 5044 τοῦτο
704 4982 734 5042 τὸ
754 4979 831 5061 ἔργον
858 4982 933 5049 εὑθὺς

152 5075 298 5138 ἐπαίσατο.

191 5166 274 5230 XLl.
298 5164 332 5228 ‘ti
354 5167 377 5226 δ’
392 5166 423 5223 ἐκ
438 5164 537 5223 πολλοῦ
550 5160 645 5243 χρόνου
660 5158 822 5236 διαμίνουσα
843 5160 871 5218 ἐν
895 5165 930 5243 τῇ

149 5252 227 5315 πόλει
247 5254 357 5327 στάσις,
374 5254 408 5326 ils
422 5255 447 5312 oi
469 5249 584 5330 δημόται
606 5250 670 5330 πρὸς
689 5248 748 5318 τοθς
772 5249 930 5347 πετραίους

1026 2413 1075 2460 lib.
1090 2415 1172 2472 Quum
1186 2417 1271 2464 autem
1281 2416 1440 2469 comitiorum
1453 2423 1554 2485 tempus
1569 2425 1684 2485 venisset,
1693 2430 1721 2478 L.
1733 2431 1774 2480 Pi·

995 2508 1080 2558 narius
1088 2512 1114 2558 et
1126 2511 1155 2559 P.
1178 2511 1267 2561 Furius
1289 2515 1403 2565 consules
1426 2517 1504 2566 creati
1523 2524 1590 2570 suut.
1624 2524 1705 2587 Hujus
1718 2528 1775 2577 aursi

996 2605 1124 2672 principio,
1138 2608 1199 2660 urbs
1212 2610 1329 2675 reiigione
1341 2613 1450 2676 quadarn
1461 2619 1486 2666 et
1495 2615 1574 2667 divini
1586 2622 1695 2672 numinis
1705 2628 1774 2676 metu

995 2704 1089 2769 repleta
1111 2710 1158 2762 est,
1182 2707 1250 2771 quod
1272 2709 1384 2774 prodigia
1401 2711 1521 2776 signaque
1538 2715 1619 2766 multu
1644 2721 1775 2783 apparuis-

995 2807 1058 2866 sent,
1071 2807 1096 2855 et
1105 2818 1191 2855 omnes
1206 2810 1276 2856 rates
1287 2811 1311 2857 et
1323 2808 1450 2872 pontifices
1462 2824 1491 2859 eu
1501 2811 1613 2877 prodigia
1624 2813 1717 2868 divium
1729 2817 1773 2871 irre

980 2902 1085 2953 indicia
1099 2917 1154 2954 esse
1169 2902 1296 2968 dicerent,
1319 2905 1387 2970 quocl
1414 2908 1500 2973 aliqua
1515 2924 1585 2961 suoru
1605 2926 1650 2963 nec
1669 2914 1709 2979 pie
1730 2931 1775 2969 nec

993 3014 1056 3066 pure
1074 3001 1168 3054 tierent.
1203 3006 1254 3055 Nec
1275 2984 1355 3056 multo
1367 3011 1435 3070 ,post
1457 3008 1569 3071 morbus,
1590 3011 1635 3075 qui
1658 3015 1775 3076 pestilens

994 3104 1106 3159 vocatur,
1120 3104 1197 3167 atque
1215 3116 1290 3165 mors,
1311 3108 1405 3169 quantu
1424 3113 1641 3172 nunquamantea,
1658 3113 1774 3166 mulieres

993 3200 1117 3265 praecipue
1143 3215 1203 3252 vero
1221 3202 1337 3266 gravidas
1360 3205 1452 3255 iurusit
1473 3227 1480 3257 ε
1502 3222 1561 3258 mm
1586 3210 1733 3264 immaturos
1748 3220 1773 3266 et

993 3301 1106 3347 mortuos
1116 3298 1192 3351 foetus
1209 3301 1334 3364 prurientes
1349 3315 1400 3351 una
1420 3316 1477 3352 cum
1495 3304 1557 3368 ipsis
1572 3304 1710 3359 infantibus
1722 3323 1775 3359 mo·

993 3396 1134 3459 riebrmtur3
1150 3412 1179 3448 ac
1201 3412 1283 3463 noque
1297 3397 1490 3463 supplicationes
1510 3401 1535 3452 in
1553 3403 1652 3468 templis
1666 3409 1691 3456 et
1708 3407 1773 3458 circa
1830 3461 1832 3466 .

993 3506 1050 3543 uras
1070 3492 1174 3543 deorum
1191 3494 1272 3550 fucta,
1301 3509 1382 3560 neque
1404 3495 1565 3549 lustrationes
1580 3513 1625 3564 pro
1644 3501 1772 3566 republica

993 3591 1147 3655 priuatisque
1158 3589 1259 3642 familiis
1273 3593 1352 3650 factm,
1370 3594 1443 3644 nralis
1454 3609 1496 3645 eas
1508 3595 1656 3648 liberabant.
1689 3602 1773 3657 Quum

993 3694 1077 3742 autem
1091 3691 1229 3755 respublica
1249 3691 1276 3742 in
1298 3696 1368 3743 statu
1388 3696 1439 3742 tam
1463 3695 1607 3746 calamitoso
1621 3701 1771 3755 remanetur,

993 3802 1082 3842 scrrus
1095 3789 1198 3854 quidam
1217 3790 1377 3855 pontificibus
1390 3791 1492 3851 indicat,
1515 3808 1590 3843 unam
1603 3795 1772 3857 sacerdotem,

992 3889 1024 3940 clo
1040 3903 1144 3940 numero
1154 3889 1277 3953 virginum
1292 3890 1445 3951 Vestalium,
1460 3896 1609 3956 perpetuum
1620 3892 1702 3956 ignem
1720 3908 1773 3946 ser·

993 3989 1115 4051 vantium,
1131 3990 1231 4040 nomine
1254 3990 1398 4049 Urbiniunr,
1413 3989 1528 4040 amisisse
1550 3990 1735 4055 virginitatem,
1747 3998 1773 4043 et

992 4089 1114 4154 pollutam
1138 4104 1209 4142 sacra
1228 4103 1273 4154 pro
1289 4087 1382 4154 populo
1401 4088 1493 4139 facero.
1520 4087 1560 4138 lili
1583 4102 1638 4139 eam
1661 4091 1772 4142 ameris

992 4189 1102 4236 amotam
1112 4190 1138 4237 et
1153 4187 1178 4235 in
1190 4184 1312 4250 judicium
1328 4183 1463 4235 adductam
1475 4187 1502 4235 et
1518 4182 1644 4236 manifesti
1661 4186 1772 4238 criminis
1821 4201 1825 4210 ·

992 4285 1131 4335 convictum
1142 4284 1217 4349 virgis
1232 4283 1408 4345 verberarunt;
1421 4282 1613 4348 traductumque
1630 4297 1674 4349 per
1683 4286 1771 4336 urbem

992 4383 1075 4432 vivam
1087 4380 1244 4433 clcfoclerunt.
1260 4381 1363 4433 lllorum
1377 4397 1444 4441 uero,
1459 4382 1503 4446 qui
1517 4381 1638 4433 nefarium
1655 4387 1770 4447 stuprum

990 4483 1183 4545 commiserant,
1200 4484 1263 4534 alter
1290 4484 1337 4535 sibi
1365 4483 1413 4549 ipsi
1436 4497 1526 4534 manus
1547 4482 1770 4544 attuli13altcrum

991 4585 1119 4652 pontifices
1134 4585 1341 4649 comprehensum
1366 4585 1391 4636 in
1403 4585 1457 4636 foro
1477 4585 1675 4649 virgiscoesum,
1691 4584 1771 4635 instar

990 4690 1120 4755 mancipii,
1145 4689 1331 4741 interfecerunt.
1365 4690 1468 4742 blorbus
1490 4690 1567 4755 igitur
1585 4688 1631 4754 qui
1652 4687 1770 4739 mulieres

989 4793 1123 4856 invaserat,
1136 4797 1162 4844 et
1173 4793 1259 4857 ingens
1272 4807 1360 4844 earum
1378 4797 1482 4857 strages,
1501 4792 1551 4843 boc
1563 4792 1665 4856 peracto
1673 4787 1770 4841 coufes-

989 4891 1035 4942 tim
1049 4891 1165 4944 cessavit.

1020 5167 1080 5217 llll.
1098 5167 1129 5214 st
1137 5163 1228 5216 seditio
1242 5162 1268 5214 in
1278 5161 1341 5213 urbe
1353 5162 1407 5227 jam
1421 5162 1572 5225 inueterata,
1585 5175 1636 5226 qus
1649 5158 1739 5224 plebeii
1753 5173 1768 5209 ε

987 5256 1099 5323 patriciis
1107 5253 1277 5319 dissidebant,
1296 5266 1385 5306 rursus
1397 5256 1516 5306 reuocata
1528 5254 1576 5303 est.
1609 5251 1671 5300 lium
1683 5251 1768 5298 autern
