4034 5922
34 49 105 130 εγ-
136 9 195 84 θέα

251 436 292 495 τε
779 431 943 494 oroursn
966 411 1364 497 nncrcnnsnssnnsrs.

249 567 337 633 αὐτοῖς
352 557 437 639 ἦσαν,
457 566 508 625 εἴτε
530 565 575 646 διὰΙ
597 571 645 638 τήν
670 563 822 646 ἐπιφάνειαν
848 571 893 624 ταῶ
916 562 1020 642 γένους,

249 656 302 716 eto
316 656 358 715 διά
381 656 469 714 πάντα
488 660 586 727 ταῦτα,
610 658 640 713 ἐκ
660 658 706 725 τῆς
720 653 862 724 Ἀθηναίων
880 654 1023 730 πολιτείας,

249 749 285 811 ῶς
310 746 341 804 άν
361 767 401 811 τις
422 744 550 819 εἰκάσειε,
564 748 611 814 τῆς
626 745 685 800 κατ’
701 745 798 803 ἐκεῖνον
816 743 860 801 τὸν
877 745 970 823 χρόνον
985 743 1023 803 ίτι

250 832 423 909 διαμενούσης
446 831 476 890 τὸ
500 831 671 909 παράδειγμα
696 829 797 892 λαόών.
838 830 949 890 Ἐκεῖνοι
975 832 1023 908 μὲν

207 941 220 976 s
249 920 300 1001 γάρ
313 923 348 988 εἰς
363 920 409 979 δύο
427 919 494 998 μέρη
518 917 655 995 νείμαντες
671 918 701 977 τὸ
723 921 836 991 πλῆθος,
858 920 1024 997 Εὐπατρίδας

250 1007 300 1085 plo
314 1010 422 1068 ἐκάλουν
438 1005 497 1073 τοὺς
516 1007 614 1063 ἐκτῶν
632 1008 765 1086 ἐπιφανῶν
785 1006 863 1065 οίκων
887 1006 933 1064 καὶ
955 1007 1024 1086 χρή-

250 1120 316 1173 μασι
340 1093 475 1165 δυνατούς,
496 1083 533 1160 οἷς
553 1098 570 1165 ἡ
589 1099 635 1165 τῆς
649 1094 748 1160 πόλεως
765 1096 882 1153 ἀνέκειτο
907 1117 1023 1172 προστα-

250 1184 306 1243 σία·
322 1183 466 1261 Ἀγροίκους
483 1180 510 1239 δέ
525 1180 584 1249 τοὺς
600 1181 694 1247 ἄλλους
715 1183 840 1253 πολίτας,
857 1180 882 1239 οἳ
900 1185 952 1239 τῶν
967 1205 1023 1240 κσι·

249 1277 299 1333 νῶν
325 1271 424 1336 οὐδενὸς
442 1262 509 1341 ήσαν
525 1271 622 1349 κύριοι·
645 1269 692 1327 σὺν
717 1271 804 1350 χρόνῳ
830 1270 857 1328 δὲ
878 1270 924 1328 καὶ
952 1260 1023 1330 οὗτοι

195 1378 222 1418 ιο
249 1360 467 1441 προσελήφθησαν
487 1356 530 1416 ἐπί
546 1355 592 1423 τάς
607 1358 701 1437 ἀρχάς.
743 1361 779 1418 Οἱ
803 1357 899 1433 μὲνδὴ
916 1358 949 1416 τδι
978 1382 1024 1416 πι-

248 1447 385 1507 θανώτατα
399 1448 523 1524 περὶτῆς
542 1443 684 1519 Ῥωμαίων
710 1445 842 1512 πολιτείας
862 1449 1024 1525 ἱστοροῦντες

249 1536 292 1594 διὰ
306 1535 402 1599 ταύτας
424 1533 470 1598 τάς
492 1530 576 1599 αἰτίας
604 1534 732 1605 κληθῆναί
755 1556 819 1613 φασι
849 1556 907 1607 τους
929 1533 1024 1612 ἄνδρας

248 1621 502 1729 ἐκείνΜέρας
534 1620 656 1684 καὶτοὺς
686 1624 715 1679 ἐκ
733 1624 805 1688 όνους
821 1625 905 1681 αὐτῶν
925 1646 963 1680 πα
999 1647 1022 1678 ι-

247 1702 329 1790 affl·
355 1712 378 1766 οἱ
400 1710 427 1766 δε
444 1706 508 1785 πρὸς
529 1706 572 1766 τδν
597 1707 661 1767 ίδιον
684 1710 775 1786 φθόνον
803 1711 973 1789 ἀναφέροντες
992 1710 1023 1769 τὸ

195 1818 219 1857 rs
247 1805 359 1875 πρᾶγμα
380 1795 425 1854 καὶ
446 1795 630 1862 διαόάλλοντες
644 1799 680 1862 είς
701 1798 851 1874 δυσγένειαν
868 1799 916 1868 τήν
933 1798 1021 1875 πόλιν,

247 1887 276 1945 οὗ
292 1883 335 1942 διδ
354 1890 438 1941 ταῦτα
465 1882 617 1960 πατρικίους
643 1883 754 1951 ἐκείνους
786 1887 915 1957 κληθῆναί
940 1908 1020 1965 φασι,

248 1971 358 2029 ἀλλ’ὅτι
384 1970 499 2053 πατέρας
514 1962 585 2055 εἶχον
610 1970 745 2040 ἀποδεῖξαι
766 1973 857 2051 μόνοι,
875 1978 909 2039 ὡς
931 1978 983 2033 τῶν
997 1976 1022 2048 γ’

249 2061 336 2120 ἄλλων
356 2060 492 2138 δραπετῶν
514 2060 594 2119 όντων
614 2057 660 2119 καί
681 2062 728 2119 οὐκ
753 2061 866 2142 ἐχόντων
893 2063 1023 2139 ὀνομάσαι

248 2147 364 2229 πατέρας
393 2149 546 2227 ἐλευθέρους.
595 2148 746 2228 Τεκμήριον
772 2150 799 2209 δὲ
826 2152 917 2209 τούτου
939 2150 1022 2233 παρέ·

192 2244 219 2306 '20
248 2259 356 2316 χουσιν,
376 2234 417 2294 ότι
439 2236 496 2301 τοὺς
511 2237 557 2310 μέν
579 2236 744 2314 πατρικίους,
762 2238 840 2296 ὁπότε
867 2237 946 2306 δόξειε
970 2249 1022 2305 τοῖς

250 2325 385 2403 βασιλεῦσι
402 2325 550 2402 συγκαλεῖν,
569 2327 592 2381 οἱ
608 2324 719 2402 κήρυκες
745 2322 771 2392 ἐξ
791 2324 917 2401 ὀνόματός
930 2349 958 2383 τε
976 2327 1022 2384 καὶ

248 2410 347 2501 ποτ’
350 2435 375 2470 εν
393 2411 564 2497 ἀγηχρόευον·
588 2434 647 2478 τους
668 2414 694 2470 δέ
720 2409 874 2488 δημοτικούς
895 2413 1022 2492 ύπηρίται

248 2523 315 2566 τινς
336 2499 443 2579 ἀθρόους
462 2499 554 2583 κέρασι
572 2500 663 2607 eoelum
686 2498 885 2582 ἐμςὸυκανῶντε
909 2500 953 2558 ἐπὶ
976 2501 1022 2567 τὰς

248 2586 389 2657 ἐκκλησίας
408 2590 530 2666 συνῆγον.
588 2590 654 2647 Εστι
674 2588 699 2645 δ’
722 2586 809 2659 οὗθ’ἡ
830 2591 881 2647 τῶν
899 2588 1022 2669 κηρύκων

193 2694 220 2732 ns
248 2673 389 2746 ἀνάκλησις
415 2676 462 2744 τῆς
482 2674 598 2752 εὐγενίας
618 2677 668 2732 τῶν
692 2674 837 2753 πατρικίων
865 2677 1021 2757 τεκμήριον,

247 2761 302 2820 οὔθ’
317 2767 332 2832 ἡ
348 2766 394 2833 τῆς
412 2760 524 2839 βυκάνης
546 2761 619 2842 φωνὴ
640 2765 687 2833 τῆς
712 2762 843 2840 ἀγνωσίας
866 2767 919 2822 τῶν
940 2765 1021 2839 δημο·

181 2902 186 2910 .
248 2852 329 2907 τικῶν
357 2847 507 2925 σύμόολον,
525 2850 584 2907 ἀλλ’
608 2846 693 2920 ἐκείνη
717 2848 764 2925 μὲν
790 2854 885 2926 τιμῆς,
910 2850 977 2922 αὔτη
993 2853 1020 2910 δέ

247 2939 351 3017 τάχους.
395 2937 436 2995 Οὐ
456 2935 507 3015 γάρ
527 2927 607 2995 οἷόντ’
617 2929 648 3008 ἦν
665 2939 692 2996 ἐν
706 2938 786 3017 ὀλίγῳ
796 2937 882 3018 χρόνῳ
894 2936 942 3009 τήν
954 2941 1021 3011 πλη·

248 3026 293 3086 θιλν
312 3025 402 3084 καλεῖν
433 3025 458 3092 ἐξ
484 3028 618 3100 ὀνόματος.

193 3132 221 3171 aa
289 3115 339 3175 lX·
360 3111 395 3172 ‘O
411 3110 438 3170 δέ
453 3109 591 3188 Ῥωμύλος
601 3112 691 3182 ἐπειδή
706 3114 814 3192 διέκρινε
823 3112 883 3179 τοὺς
892 3113 1022 3190 κρείττους

249 3200 302 3262 άπδ
316 3204 367 3259 τῶν
377 3200 508 3271 ἡττόνων,
524 3202 669 3273 ἐνομοθέτει
684 3199 750 3276 μετά
764 3206 841 3260 τοῦτο
855 3202 900 3260 καὶ
918 3201 1021 3259 διέτατ·

249 3314 292 3351 τεν
317 3289 334 3346 ά
356 3290 409 3368 χρὴ
431 3288 554 3368 πράττειν
575 3287 726 3366 ἐκατίρους·
744 3286 804 3355 τούς
826 3288 874 3367 μέν
897 3287 1022 3366 εὐπατρί-

249 3381 295 3445 δας
313 3378 444 3456 ίερθίσθαί1
458 3400 486 3457 τε
514 3376 559 3435 καί
585 3376 673 3456 ἄρχειν
701 3376 746 3435 καὶ
769 3376 879 3446 δικάζειν
896 3377 942 3436 καί
964 3379 1021 3452 μεθ’

249 3468 341 3525 ίαυτοῦ
356 3462 388 3522 τά
402 3466 475 3523 κοινά
489 3464 624 3542 πρέπειν,
640 3461 684 3524 ἐπί
698 3467 750 3522 τῶν
764 3464 832 3523 κατά
843 3463 916 3523 πόλιν
939 3462 1021 3543 ἔργων

194 3572 221 3611 ao
249 3552 373 3631 μένοντας
382 3576 388 3588 ·
398 3551 457 3617 τοὺς
471 3551 499 3610 δί
513 3550 667 3627 δημοτικοὺς
677 3552 772 3611 τούτων
783 3551 829 3629 μὲν
845 3553 1021 3610 ἀπολελύσθαι

247 3644 299 3700 τῶν
315 3643 514 3721 πραγματειῶν,
537 3639 658 3720 ἀπείρους
675 3642 700 3698 τ’
726 3641 811 3698 αὐτῶν
834 3639 909 3706 όντας
927 3639 973 3697 καὶ
987 3641 1012 3698 δι

248 3727 360 3808 ἀπορίαν
385 3728 530 3807 χρημάτων
548 3728 686 3807 ἀσχόλους,
699 3736 823 3807 γεωργεῖν
843 3730 869 3786 δὲ
889 3729 934 3786 καὶ
958 3751 1021 3800 κτη-

247 3815 380 3894 νοτροφεῖν
398 3815 443 3874 καὶ
453 3812 499 3882 τάς
513 3814 726 3894 χρηματοποιοὺς
741 3815 894 3893 ἐργάζεσθαι
911 3815 1019 3893 τέχνας,

248 3899 290 3958 ίνα
303 3901 339 3979 μὴ
355 3902 540 3970 στασιάζωσιν,
555 3899 644 3983 ῶσπερ
657 3905 682 3960 ἐν
702 3906 758 3969 ταῖς
772 3903 863 3969 άλλαις
873 3900 1020 3975 eliceret

195 4008 222 4045 ιο
249 3993 301 4047 τῶν
316 3992 342 4047 ἐν
356 3989 426 4048 τέλει
439 3990 686 4070 προπηλακιζόντων
703 3988 760 4055 τοὺς
776 3988 953 4060 ταπεινοὺς,ή
968 3995 1019 4048 τῶν

250 4075 355 4155 φαύλων
366 4076 411 4133 καί
419 4076 523 4152 ἀπόρων
535 4081 591 4143 τοῖς·
597 4080 623 4134 ἐν
633 4085 690 4144 ταῖς
702 4082 843 4155 ὑπεροχαῖς
849 4076 1019 4155 φθονούντων.

251 4164 483 4239 Παρακαταθήκας
507 4165 531 4220 δ’
551 4164 632 4222 ἔδωκε
652 4168 704 4235 τοῖς
728 4165 872 4242 πατρικίοις
894 4162 953 4232 τοὺς
971 4165 1022 4236 δη-

252 4246 388 4325 μοτικοὺς,
406 4249 546 4330 ἐπιτρέψας
572 4251 675 4330 ἑκάστῳ
697 4255 750 4310 τῶν
782 4256 812 4311 ἐκ
841 4256 885 4309 τοῦ
909 4251 1022 4321 πλήθους

252 4336 280 4396 δν
300 4335 375 4401 αὐτὸς
400 4336 519 4395 ἐόούλετο
539 4339 625 4410 νέμειν
648 4363 668 4396 π
685 4340 815 4411 σστάίτν,
838 4338 893 4407 ἐθος
923 4338 1022 4409 Ἑλλη-

197 4443 224 4481 ιε
253 4363 798 4505 semem-remes
825 4426 904 4506 μέχρι
925 4428 1022 4487 πολλοῦ

252 4517 385 4593 χρώμενοι
400 4511 546 4570 διετέλεσαν
562 4512 608 4571 καί
622 4512 749 4584 Ἀθηναῖοι
764 4514 913 4592 καταρχὰς,
935 4513 979 4572 ἐπὶ
990 4511 1022 4571 τά

252 4598 364 4677 κρείττω
398 4598 499 4658 λαόῶν.
557 4596 670 4659 Ἐκεῖνοι
697 4601 744 4679 μίν
767 4601 818 4681 γάρ
844 4603 1022 4678 ὑπεροπτικῶς

253 4687 369 4767 ἐχρῶντο
400 4690 453 4754 τοῖς
481 4687 621 4761 πελάταις,
640 4686 706 4768 ἔργα
736 4690 761 4746 τ’
786 4688 964 4753 ἐπιτάττοντες
992 4689 1021 4746 οὐ

253 4773 409 4854 προσήκοντ’
431 4775 588 4858 ἐλευθέροις,
612 4775 658 4860 καλ
680 4775 757 4836 ὁπότε
783 4775 820 4852 μή
847 4775 972 4855 πράξειάν
996 4798 1022 4833 τι

197 4878 225 4918 οι)
251 4866 303 4920 τῶν
333 4863 509 4940 κελευομένων
539 4864 643 4943 πληγάς
681 4863 832 4931 ἐντείνοντες
870 4862 915 4921 καὶ
944 4853 1021 4921 τᾶλλ’

252 4947 341 5028 ῶσπερ
365 4950 557 5031 ἀργυρωνήτοις
581 4952 794 5034 παραχρώμενοι.
837 4950 967 5012 Ἐκάλσυν
994 4949 1022 5009 δέ

250 5035 388 5107 Ἀθηναῖοι
422 5037 469 5112 μίν
495 5042 574 5108 θῆτας
604 5039 661 5106 τοὺς
687 5038 802 5105 πελάτας
834 5038 877 5098 ἐπὶ
896 5043 942 5110 τῆς
970 5041 1022 5097 λοι·

251 5124 350 5204 τρείας,
375 5124 505 5183 Θετταλοὶ
532 5123 559 5183 δέ
582 5126 723 5203 πενέστας,
751 5126 914 5194 ὀνειδίζοντες
937 5129 1023 5192 αὐτοῖς

252 5208 325 5276 εὐθὺς
348 5212 375 5268 ἐν
398 5214 430 5285 τῇ
452 5211 545 5282 κλήσει
567 5211 614 5283 τήν
641 5212 734 5291 τύχην.
778 5212 813 5273 Ὁ
834 5214 860 5272 δέ
885 5213 1022 5279 Ῥωμύλος

1077 573 1133 624 haec
1147 577 1229 625 omnia
1242 594 1249 624 ι
1263 578 1381 641 exemplo,
1393 582 1421 629 ut
1439 580 1541 643 conicio,
1564 581 1595 631 ab
1612 582 1796 636 Atheniensium
1810 600 1850 636 re·

1078 682 1176 746 publica
1194 689 1301 749 sumpto,
1320 699 1376 749 quac
1392 686 1434 738 illo
1448 692 1557 752 temporo
1572 690 1653 740 ιιιΙΙιιιο
1666 692 1778 743 tlorehat.
1815 694 1853 746 liii

1079 783 1143 833 enim
1153 784 1425 837 multitudinebilariam
1433 788 1568 850 dirisa,eos
1576 790 1619 855 qui
1630 805 1660 841 ex
1665 790 1753 843 illustri
1762 795 1852 846 familia

1079 894 1148 940 erant
1163 895 1189 941 et
1207 894 1295 957 opibus
1310 895 1435 955 valebant,
1456 899 1594 962 εὐπατρίδας
1607 901 1762 965 (patricios)
1777 914 1852 953 roca·

1079 993 1147 1057 bant,
1155 1009 1229 1059 penes
1236 1010 1298 1059 quos
1304 1002 1358 1048 erat
1367 999 1508 1064 reipublice
1516 1002 1660 1065 gubernatio
1673 1008 1783 1054 :ceteros
1791 1016 1850 1055 vero

1079 1095 1578 1163 cirosiqpcteooqmcstlccstappellabant,
1588 1101 1632 1165 qui
1642 1102 1852 1170 nuliuminrepu-

1079 1201 1142 1253 blica
1156 1204 1300 1266 suffragium
1318 1205 1449 1257 habebant.
1483 1208 1530 1257 Seri
1542 1222 1673 1273 progressu
1688 1210 1805 1274 temporis
1823 1211 1852 1262 hi

1078 1317 1175 1367 quoquc
1197 1305 1229 1355 ad
1239 1307 1344 1358 honores
1356 1308 1488 1373 capiendos
1495 1310 1597 1360 admissi
1609 1315 1675 1362 sunt.
1708 1313 1799 1376 Optimi
1811 1313 1851 1379 ἰςὶ

1078 1409 1119 1457 tur
1132 1413 1157 1458 et
1176 1409 1306 1458 certissimi
1315 1410 1347 1459 de
1359 1411 1484 1474 republica
1494 1414 1604 1463 Romana
1613 1418 1726 1464 auctores
1734 1413 1767 1465 ob
1777 1415 1851 1468 hasce

1077 1522 1165 1559 οιιιεεε
1174 1510 1242 1559 airrnt
1253 1511 1320 1561 viros
1335 1511 1389 1561 illos
1399 1514 1483 1563 Patres
1493 1516 1594 1564 vocatos
1603 1527 1658 1565 esse
1670 1518 1696 1565 et
1713 1517 1850 1580 pmgeoicm

1077 1623 1161 1661 eorum
1178 1612 1295 1662 patricios
1318 1614 1381 1677 :qui
1393 1627 1453 1663 vero
1464 1616 1560 1678 privata
1579 1614 1671 1666 invidia
1688 1616 1787 1681 impulsi
1801 1618 1849 1669 hac

1077 1710 1109 1762 de
1121 1726 1148 1762 re
1168 1713 1301 1776 loquuntur
1316 1718 1343 1765 et
1363 1716 1457 1779 generis
1479 1716 1656 1768 obscuritatem
1681 1719 1775 1770 civitati
1789 1720 1851 1770 talso

1076 1816 1194 1877 obiciunt,
1206 1832 1253 1868 non
1281 1823 1409 1884 propterea
1420 1821 1539 1872 patricios
1550 1821 1606 1872 illos
1618 1823 1753 1887 appellatos
1771 1826 1850 1889 εῐιιιιῑ,
1951 1850 1954 1853 -

1077 1918 1121 1967 sed
1136 1919 1203 1981 quoii
1220 1918 1266 1969 soli
1282 1922 1376 1983 patrem
1394 1922 1460 1971 ciere
1474 1926 1588 1984 possent;
1608 1923 1678 1986 quasi
1697 1924 1785 1988 reliqui
1800 1925 1851 1975 tue·

1077 2017 1125 2066 rint
1136 2017 1245 2079 fugitivi,
1259 2032 1338 2082 neque
1349 2022 1431 2081 patres
1444 2021 1563 2083 ingenuos
1577 2023 1706 2073 ostendere
1717 2026 1848 2088 potuerint.

1076 2120 1155 2178 Atque
1164 2116 1195 2165 ad
1208 2116 1282 2166 huius
1297 2118 1333 2167 rei
1350 2116 1422 2167 iidem
1442 2116 1491 2169 hoc
1500 2124 1644 2184 argumento
1656 2126 1768 2182 utuntur,
1783 2123 1849 2187 quod

1076 2215 1233 2279 patriciorum
1248 2229 1454 2280 unumquemque,
1467 2219 1565 2281 quoties
1582 2218 1682 2283 regibus
1698 2234 1740 2271 eos
1758 2234 1849 2271 muro.

1076 2330 1132 2366 care
1157 2316 1235 2366 νίεοαι
1259 2319 1339 2375 esset,
1352 2331 1477 2380 precones
1496 2319 1527 2369 (ie
1546 2333 1591 2370 suo
1611 2333 1640 2371 ac
1663 2321 1739 2384 patris
1753 2321 1851 2376 nominc

1076 2417 1246 2483 appellassent,
1270 2415 1378 2479 plebeios
1397 2432 1456 2469 vero
1478 2420 1605 2471 renirersoa
1623 2419 1729 2473 ministri
1750 2422 1849 2486 quidam

1075 2519 1191 2570 comibus
1213 2518 1311 2569 bubulis
1334 2519 1489 2570 concinenter
1510 2519 1543 2570 arl
1560 2518 1699 2572 conclonem
1720 2535 1850 2573 convocas·

1076 2619 1138 2667 sent.
1170 2617 1219 2667 Sed
1230 2631 1309 2680 neque
1320 2617 1363 2667 iila
1376 2631 1419 2681 per
1434 2631 1572 2681 preconem
1594 2621 1705 2671 evocatio
1717 2621 1850 2675 nobilitatis

1075 2717 1231 2790 patriciorum
1248 2721 1286 2769 est
1301 2721 1480 2783 argumentum,
1498 2721 1659 2783 uequeetiam
1675 2720 1787 2773 buccinas
1800 2738 1850 2775 vox

1075 2815 1232 2878 ignobilitatis
1250 2815 1399 2880 plebeiorum
1415 2815 1532 2866 indicium
1550 2822 1589 2868 eet
1606 2819 1668 2870 :sed
1679 2820 1740 2871 illud
1750 2822 1848 2885 quidem

1075 2917 1183 2979 honoris,
1200 2917 1248 2968 hoc
1273 2932 1333 2969 vero
1356 2918 1489 2970 celeritatis
1512 2923 1558 2971 est.
1592 2924 1676 2984 Neque
1696 2923 1762 2973 enim
1780 2900 1855 2975 brevi¹

1075 3019 1190 3084 temporis
1202 3019 1281 3084 spatio
1293 3023 1345 3071 tota
1358 3021 1427 3084 plebs
1437 3022 1578 3072 nominatim
1592 3025 1723 3075 convocari
1741 3027 1848 3087 poterat.

1106 3125 1147 3173 lx.
1166 3125 1282 3174 Romulus
1297 3104 1379 3188 porro,
1393 3129 1523 3189 postquam
1539 3102 1644 3179 secterit
1653 3130 1759 3193 potiores
1774 3144 1788 3180 a
1801 3136 1848 3180 ue·

1075 3223 1218 3284 lenioribus,
1230 3224 1327 3287 legibus
1344 3225 1405 3289 quid
1424 3227 1536 3292 utrisque
1551 3228 1690 3278 laciendum
1704 3235 1769 3280 esset
1783 3245 1848 3296 prce·

1075 3327 1174 3390 scripsit
1197 3347 1203 3377 ;
1227 3331 1256 3376 ιιι
1278 3327 1376 3391 patricii
1401 3342 1471 3379 sacra
1492 3335 1623 3392 curarent,
1643 3336 1669 3382 et
1692 3333 1849 3395 magistratus

1075 3431 1194 3491 gererent,
1212 3430 1237 3476 et
1250 3426 1289 3477 lus
1303 3427 1425 3490 dicerent,
1437 3433 1463 3479 et
1476 3443 1535 3480 cum
1554 3429 1608 3494 ipso
1621 3431 1794 3495 rempublicam
1808 3432 1850 3481 arl-

1075 3526 1249 3585 ministrarent,
1260 3530 1285 3576 ot
1296 3527 1389 3577 urbana
1404 3542 1504 3580 munera
1521 3531 1617 3580 assidue
1635 3532 1731 3582 obirent
1747 3552 1754 3582 ι
1769 3532 1849 3596 plebei

1013 3640 1021 3662 ⁹
1076 3641 1135 3678 rero
1152 3629 1240 3678 horum
1256 3627 1354 3691 quidem
1371 3633 1523 3694 negotiorum
1536 3638 1618 3682 essent
1633 3632 1764 3697 immunes,
1782 3635 1848 3698 quod

1075 3742 1160 3780 eorum
1173 3727 1280 3795 imperiti
1300 3735 1382 3781 essent
1396 3733 1422 3780 et
1431 3729 1464 3781 ob
1479 3744 1561 3780 rerum
1573 3731 1680 3795 inopiam
1693 3733 1742 3784 illis
1759 3747 1849 3784 vacare

1074 3843 1123 3880 uon
1136 3834 1245 3894 possent,
1260 3844 1333 3896 agros
1355 3844 1415 3881 sero
1427 3831 1545 3893 colerent,
1561 3845 1637 3896 pecus
1654 3834 1756 3894 alerent,
1774 3840 1800 3886 et
1811 3849 1849 3886 ar-

1075 3934 1113 3982 tes
1133 3936 1287 3995 questuosaa
1314 3936 1468 3991 exercerent,
1500 3946 1531 3982 ne
1561 3933 1693 3985 sedilionea
1715 3936 1848 3998 orirentur,

1076 4028 1140 4084 sicut
1160 4035 1185 4084 in
1199 4036 1253 4086 aliis
1266 4036 1416 4098 civitatibus,
1436 4037 1497 4086 dum
1511 4042 1554 4086 aut
1573 4037 1714 4088 humiliores
1732 4052 1747 4087 a
1765 4043 1850 4102 poten-

1066 4135 1180 4187 tioribus
1195 4140 1394 4195 contemnuntur,
1415 4140 1459 4187 aut
1472 4137 1532 4187 viles
1545 4142 1571 4188 et
1588 4139 1657 4200 egeni
1674 4140 1850 4193 excelsioribus

1075 4231 1193 4282 invident.
1227 4233 1340 4283 Patriciis
1358 4236 1441 4284 eutem
1464 4231 1571 4295 plebeios
1584 4235 1775 4296 commendarit,
1794 4237 1850 4286 uui·

1076 4334 1164 4396 cuique
1176 4333 1207 4383 de
1220 4332 1290 4396 plebe
1305 4332 1383 4383 libera
1395 4333 1493 4398 optione
1511 4334 1578 4395 dota,
1591 4338 1619 4384 ut
1631 4335 1677 4385 sibi
1689 4349 1761 4398 quem
1776 4334 1850 4385 vellet

1075 4431 1205 4493 patronum
1218 4428 1334 4492 eligeret:
1347 4442 1421 4491 quem
1432 4443 1526 4480 morem
1537 4430 1653 4480 Graccum
1664 4431 1690 4478 et
1701 4428 1828 4493 antiquum
1840 4466 1847 4487 ,

1075 4542 1125 4592 quo
1141 4527 1184 4579 diu
1202 4528 1310 4579 Thessali
1335 4532 1360 4578 ot
1377 4528 1453 4592 prisci
1480 4526 1638 4578 Athenienses
1661 4530 1701 4578 usi
1728 4531 1798 4585 sunt,
1823 4525 1849 4576 io

1075 4624 1163 4675 mebus
1174 4624 1304 4675 convertit.
1337 4623 1376 4674 llli
1392 4624 1458 4674 ειιίιιι
1472 4624 1583 4688 ‚superbe
1604 4623 1732 4673 clientibus
1750 4624 1851 4673 uteban-

1075 4730 1118 4777 tur
1147 4741 1183 4777 os
1204 4728 1353 4790 imperantes
1374 4738 1460 4788 opera,
1483 4727 1608 4789 inpensam
1626 4724 1737 4776 homines
1762 4737 1848 4789 parum

1077 4823 1206 4886 decentia,
1217 4823 1274 4875 etsi
1290 4822 1388 4887 quaneh
1400 4822 1526 4886 imperata·
1534 4836 1583 4873 ιιοιι
1602 4823 1723 4883 iecissent,
1746 4822 1848 4873 verbero

1077 4921 1221 4987 infligentes,
1242 4924 1359 4971 etretera
1380 4919 1511 4971 abutentes
1529 4919 1703 4982 illistanquam
1716 4918 1847 4984 empticiis.

1076 5017 1235 5069 Athenienses
1257 5020 1339 5067 autern
1360 5017 1406 5067 hos
1429 5016 1529 5067 clientes
1548 5015 1581 5065 ob
1608 5015 1751 5067 servitutem
1778 5017 1849 5075 θῆτας

1076 5119 1243 5185 appellabant,
1257 5118 1367 5169 Thessali
1386 5132 1445 5169 vcro
1456 5119 1581 5175 certavere,
1596 5118 1650 5179 ipso
1668 5115 1787 5166 vocabulo
1799 5115 1849 5164 lor·

1077 5222 1162 5270 tunam
1182 5220 1229 5270 illis
1249 5219 1432 5283 expmbrantcs.
1466 5220 1498 5269 At
1522 5216 1640 5268 Romulus
1665 5217 1754 5268 decora
1774 5215 1849 5265 etiam
