4048 5924
277 382 338 440 θθθ

278 511 360 581 νωτδς
381 513 444 592 παρ’
457 511 521 584 ὅλην
534 509 582 583 την
597 510 655 570 δδδν
672 511 815 587 ἐθυμιᾶτο,
828 507 874 569 ιιαλ
889 512 913 568 οἰ
932 508 966 567 τδι
982 532 1058 585 πομ-

278 602 342 659 πεῖα
355 601 551 681 παραφέροντες
566 596 690 679 ἀργυρίου
707 598 753 657 καί
763 596 873 676 χρυσίου
888 598 1058 673 πεποιημένα

280 692 314 746 τά
323 712 352 748 τε
362 687 420 766 ίερδι
431 689 478 746 καὶ
491 685 524 745 τθι
538 685 664 762 δημόσια.
707 685 858 746 Τελευταῖα
868 683 896 745 δέ
908 685 1015 744 πάντων
1031 686 1059 743 αἰ

282 780 334 835 τῶν
349 780 414 835 θεῶν
423 776 519 841 εἰκόνες
530 774 680 853 ἐπόμπευον
692 771 774 850 ὤμοις
785 774 829 830 ὑπ’
839 774 941 853 ἀνδρῶν
951 773 1059 853 φερόμε-

240 874 253 911 ⁸
283 886 340 936 ναι,
351 864 453 944 μορφάς
469 887 498 923 τε
508 863 601 940 θμοίας
615 862 782 944 παρέχουσαι
796 869 854 930 ταῖς
863 863 927 942 παρ’
940 860 1060 935 Ἕλλησι

283 954 477 1030 πλαττομέναις
484 953 530 1011 καλ
542 951 638 1019 σκευάς
649 952 696 1010 καλ
705 949 828 1028 σύμύολα
837 951 883 1012 καί
896 952 1011 1031 δωρεὰς,
1021 942 1058 1011 ἀνν

283 1044 386 1122 εὑρεταὶ
396 1042 441 1099 καλ
454 1042 560 1118 δοτῆρες
572 1040 718 1122 ἀνθρώποις
733 1036 840 1101 ίκαστοι
854 1040 1057 1119 παραδίδονται,

284 1131 313 1188 οῦ
327 1130 405 1206 μόνον
414 1129 533 1202 Διδς,καλ
543 1128 691 1209 Ἥρας,καί
702 1127 820 1202 Ἀθηνᾶς,
828 1128 874 1187 καὶ
881 1130 1060 1208 Ποσειδῶνος,

284 1218 392 1277 καὶτῶν
404 1219 501 1292 ἄλλων,
515 1217 560 1285 οθς
568 1217 700 1290 Ἕλληνες
710 1221 737 1277 έν
747 1228 801 1284 τοῖς
814 1216 917 1277 δώδεκα
932 1221 998 1284 θεοῖς
1010 1242 1061 1276 κα-

231 1314 257 1354 ¹⁰
284 1312 472 1385 ταριθμοῦσιν,
487 1304 556 1366 ἀλλά
569 1306 615 1365 καί
631 1309 683 1364 τῶν
699 1305 928 1387 προγενεστέρων,
941 1307 968 1377 ἐξ
985 1296 1022 1366 ὧν
1036 1311 1059 1367 oi

285 1394 386 1454 δώδεκα
409 1396 461 1455 θεολ
483 1397 688 1473 μυθολογοῦνται
703 1398 841 1473 γενέσθαι,
869 1395 988 1473 Κρόνου,
1015 1398 1060 1457 καλ

284 1481 375 1558 Ῥέας,
386 1482 431 1541 καλ
438 1482 563 1560 Θέμιδος,
575 1482 620 1542 καί
630 1486 741 1555 Λητοῦς,
749 1483 795 1541 καὶ
801 1485 919 1564 Μοιρῶν,
929 1484 975 1543 καὶ
984 1487 1061 1556 Mra]-

285 1571 417 1644 μοσύνης,
436 1571 481 1629 καλ
495 1573 547 1628 τῶν
569 1568 656 1628 ἀλλων
672 1568 814 1645 ἁπάντων,
833 1572 901 1629 ὅσων
916 1570 987 1629 ἰστίν
1002 1572 1060 1649 ispi

286 1659 331 1719 καὶ
345 1658 442 1736 τεμένη
455 1658 520 1738 παρ’
529 1656 660 1729 Ἕλλησι,
672 1656 718 1716 καλ
728 1661 780 1715 τῶν
795 1655 902 1735 ὕστερον
913 1657 956 1738 ἀφ’
968 1649 998 1715 οῦ
1011 1658 1059 1729 τὴν

231 1766 256 1805 ιε
287 1747 372 1827 ἀρχὴν
384 1747 448 1813 Ζεὺς
459 1745 595 1824 παρελαῦε
607 1745 840 1824 μυθολογουμένων
847 1745 977 1824 γενέσθαι,
989 1748 1059 1825 Περ·

286 1835 406 1918 σεφύνης,
423 1834 583 1908 Εἰλειθυίας,
602 1835 733 1913 Νυμφῶν,
746 1836 871 1910 Μουσῶν,
887 1833 986 1914 Ὡρῶν,
1001 1837 1060 1896 Χα-

286 1922 374 2003 ρίτων,
399 1920 541 1998 Διονύσου,
565 1920 611 1982 καί
634 1920 702 1980 ὅσων
722 1921 838 1999 ἡμιθέων
864 1921 1011 2001 γενομένων
1033 1927 1060 1983 αί

284 2011 368 2091 ψυχαί
391 2012 424 2071 τδι
448 2012 530 2083 θνητά
555 2012 735 2070 ἀπολιποῦσαι
754 2008 867 2087 στύματα
889 2012 925 2077 εἰς
949 2010 1059 2090 οὐρανὸν

285 2101 402 2159 ἀνελθεῖν
423 2099 545 2181 λέγονται
568 2098 617 2157 καλ
637 2096 716 2174 τιμθς
738 2099 833 2179 λαχεῖν
852 2098 944 2174 ὁμοίας
974 2104 1055 2173 θεοῖς,

229 2211 256 2249 νιν
285 2187 461 2270 Ἡρακλέους,
472 2185 955 2265 Ἀσκληπιοῦ,Διοσκούροιν,”Ελένης,
963 2187 1059 2261 Πανδς,

285 2278 373 2335 ἀλλων
397 2280 508 2357 μυρίων.
555 2274 649 2336 Καίτοι
673 2278 696 2334 εἰ
721 2273 851 2356 βάράαροι
873 2265 941 2347 ἦσαν
966 2276 990 2334 oi
1011 2274 1059 2347 τὴν

284 2364 393 2442 Ῥώμην
407 2365 554 2431 οἰκίσαντες
567 2363 614 2423 καλ
630 2362 678 2434 τλν
699 2363 790 2443 ἑορτὴν
807 2361 905 2435 ταύτην
921 2385 1058 2437 καταστη-

284 2453 410 2531 σάμενοι,
429 2453 456 2512 τί
470 2456 602 2532 προσῆκεν
628 2453 714 2518 αὐτοῖς
736 2448 795 2519 τοῦς
815 2450 863 2529 μδν
886 2449 1059 2523 Ἑλληνικοὺς

285 2541 404 2608 ἅπαντας
415 2540 501 2600 σίύειν
511 2537 583 2606 θεούς
592 2562 622 2598 τε
633 2539 680 2598 καί
691 2539 827 2616 δαίμονας,
838 2542 891 2597 τῶν
901 2536 929 2597 δί
940 2538 1058 2620 πατρίσιν

230 2637 255 2676 2⁵
283 2627 462 2709 ὖπερορᾶν;Ἦ
472 2627 581 2696 δειξάτω
593 2650 631 2693 τις
648 2632 711 2705 ἡμῖν
723 2624 772 2696 ἔξω
781 2631 827 2685 τοῦ
839 2625 997 2699 Ἑλληνικοῦ
1010 2633 1059 2708 φῦ-

284 2718 330 2779 λον
347 2717 453 2797 έτερον,
469 2707 604 2798 ᾧπάτριά
619 2717 676 2775 ἐστι
696 2720 780 2773 ταῦτα
796 2712 830 2773 τδι
849 2716 925 2795 ἱερά,
942 2717 987 2775 καί
999 2715 1058 2774 τότε

284 2803 450 2864 διαύαλλέτω
462 2802 561 2875 ταύτην
568 2801 617 2876 τὴν
629 2801 760 2871 ἀπόδειξιν
768 2805 803 2870 ὡς
815 2804 865 2882 οὐχ
874 2808 943 2883 ὑγιῆ.
959 2804 1059 2864 Συντε-

285 2891 418 2961 λεσθείσης
433 2892 460 2951 δέ
475 2897 521 2963 τῆς
532 2896 657 2969 πομπῆς,
667 2890 822 2968 ἐβουθύτουν
833 2890 906 2957 εὐθὺς
913 2889 941 2949 οἰ
950 2915 978 2950 τε
989 2890 1060 2951 ῦπα-

285 3004 324 3040 τοι
339 2980 384 3038 καὶ
401 2984 453 3039 τῶν
474 2980 582 3059 ἱερέων,
598 2971 635 3047 οἷς
649 2979 734 3053 ὅσιον,
749 2981 795 3039 καλ
808 2984 822 3039 δ
834 2985 888 3040 τῶν
909 2983 1058 3054 θυηπολιῶν

228 3077 256 3116 ³⁰
284 3068 404 3148 τρόποςδ
417 3068 494 3135 αὐτὸς
506 3062 538 3140 ἦν
550 3073 589 3150 τῷ
600 3071 664 3147 παρ’
677 3072 752 3144 ἡμῐνε
767 3067 958 3149 Χερνιψάμενοί
967 3092 998 3131 τε
1007 3071 1058 3150 γὰρ

285 3157 359 3215 αὐτοὶ
372 3155 418 3215 καλ
436 3157 470 3216 τδι
485 3155 545 3235 ίερδι
557 3159 668 3236 καθαρῷ
686 3156 902 3235 περιαγνίσαντες
920 3157 996 3216 ῦδατι
1010 3160 1056 3217 καί

284 3242 450 3322 Δημητρίους
468 3240 584 3320 καρποὺς
598 3243 782 3321 ἐπιρράναντες
798 3244 884 3301 αὐτῶν
898 3251 956 3310 ταῖς
976 3266 1057 3321 κεφα-

283 3334 357 3403 λαῖς,
372 3332 462 3391 ἔπειτα
474 3329 677 3407 κατευξάμενοι,
690 3330 758 3389 θύειν
774 3332 834 3390 τότε
849 3340 901 3398 τοῖς
918 3333 1059 3410 ὑπηρέταις

285 3418 352 3478 αάτθ
364 3420 491 3479 ἰκελευον.
532 3421 594 3479 Τῶν
609 3418 638 3476 δὲ
648 3421 673 3478 σί
685 3418 733 3496 μὲν
745 3422 857 3487 ἑστῶτος
869 3419 907 3478 ἰτι
918 3425 964 3479 τοῦ
976 3419 1057 3495 θύμα-

228 3517 255 3558 θθ
284 3531 327 3574 τος
341 3509 460 3584 σκυτάλη
473 3505 533 3573 τοῦς
547 3507 692 3588 κροτάφους
713 3506 821 3577 ἔπαιον,
837 3509 861 3566 οἰ
875 3507 902 3568 δδ
917 3508 1058 3577 πίπτοντες

284 3596 438 3656 ὑπετίθεσαν
454 3593 501 3663 τάς
515 3597 664 3675 σφαγῑδας,
680 3595 725 3655 καλ
748 3594 820 3671 μετδι
834 3601 909 3657 τοῦτο
924 3596 1057 3677 δείραντές

283 3710 311 3745 τε
335 3687 380 3745 καὶ
397 3683 551 3760 μελίσαντες
572 3683 695 3764 ἀπαρχὰς
718 3684 870 3761 ἰλάμύανον
892 3684 919 3755 ἐξ
943 3687 1057 3746 ἑκάστου

286 3776 439 3854 σπλάγχνου
463 3772 509 3831 καί
534 3772 630 3839 παντὸς
656 3772 736 3833 ἀλλον
760 3773 870 3849 μέλους,
886 3772 916 3841 ἀς
942 3773 1057 3853 ἀλφίτοις

284 3862 341 3930 ζέας
360 3859 551 3926 ἀναδεύσαντες
571 3860 733 3939 προσέφερον
757 3859 810 3927 τοῖς
825 3859 928 3918 θύουσιν
947 3860 991 3918 ἐπὶ
1008 3884 1057 3918 κα·

228 3966 255 4004 ευ
282 3955 343 4008 νῶν·
357 3955 382 4009 οἱ
396 3951 423 4010 δὲ
439 3951 483 4009 ἰπλ
497 3948 557 4016 τοῦς
572 3946 677 4027 βωμοὺς
692 3947 849 4014 ἐπιτιθέντες
866 3952 1001 4030 ὑφῆπτον,
1013 3947 1058 4007 καλ

282 4037 475 4116 προσέσπενδον
485 4029 553 4097 οἰνον
568 4035 639 4096 κατὰ
651 4040 703 4096 τῶν
719 4035 905 4113 ἁγνιζομένων.
919 4032 1057 4096 Ἕκαστον

284 4123 313 4181 δὲ
325 4126 365 4183 θτι
382 4125 451 4184 κατὰ
463 4126 557 4203 νόμους
567 4124 665 4205 ἰγίνετο
674 4123 732 4190 τοθς
749 4123 817 4205 ἀμφὶ
829 4122 919 4184 θυσίαν
931 4126 975 4205 ὑφ’
996 4122 1061 4185 Ἓλ-

283 4213 368 4283 λῆνων
397 4214 629 4287 κατασταθέντας,
655 4215 687 4273 ἐκ
713 4218 760 4286 τῆς
780 4212 900 4293 Ὁμήρου
927 4211 1058 4284 ποιήσεως

283 4300 381 4380 γνῶναι
407 4300 508 4381 ῥοίδιον.
561 4302 615 4362 Καὶ
635 4300 687 4384 γὰρ
712 4299 933 4382 χερνιπτομένους
959 4302 1059 4383 εἰσάγει

227 4405 254 4443 ⁴⁵
282 4387 343 4458 τοῦς
354 4389 444 4470 ἥρωας
458 4389 504 4450 καί
513 4392 603 4458 οῦλαῑς
618 4392 772 4473 χρωμένους
787 4394 814 4450 έν
827 4381 865 4460 οἷς
882 4415 956 4473 φησι·

343 4542 486 4607 Χερνέφαντο
501 4542 522 4590 δ’
535 4541 625 4602 ἔπειτα,
638 4543 679 4592 καὶ
690 4543 819 4607 οὐλοχύτας
829 4543 950 4593 ἀνέλοντο.

272 4666 502 4747 Τριχοτομοῦντάς
517 4689 547 4725 τε
569 4665 622 4727 ἀπδ
639 4671 687 4739 τῆς
706 4668 823 4749 κεφαλῆς
835 4663 882 4732 τθς
901 4664 994 4746 τρίχας
1015 4666 1060 4725 καὶ

280 4757 396 4821 τιθέντας
413 4758 457 4816 ἰπὶ
471 4756 502 4817 τδ
511 4760 579 4835 πῦρ,
595 4746 648 4814 ὧδε
662 4753 778 4835 γράφων·

340 4895 424 4948 Ἆλ.λ“ὅ
437 4896 460 4960 γ’
471 4897 634 4962 ἀπαρχόμενος
643 4897 744 4959 κεφαλῆς
752 4897 833 4960 τρίχας
842 4895 866 4945 ἰν
875 4894 930 4959 πυρὶ
946 4893 1026 4957 βάλλε.

796 378 966 440 DIONYSH
988 377 1371 440 HALICARNASSENSIS

1114 519 1173 569 bant
1186 531 1256 570 sacra
1270 521 1295 569 et
1308 518 1409 582 protana
1421 531 1453 568 ox
1466 522 1567 583 argento
1580 516 1607 569 ot
1620 531 1683 568 auro
1699 518 1774 569 tacta.
1794 518 1894 568 Postre-

1114 625 1183 662 mum
1203 611 1229 662 in
1247 625 1336 677 pompa
1350 613 1431 662 insum
1451 610 1596 662 obtinebant
1616 609 1720 662 deornm
1743 610 1896 673 simulacra,

1113 716 1169 767 qua
1184 702 1294 754 humoris
1307 702 1478 767 portabantur,
1493 715 1549 765 qua
1567 701 1630 752 tuias
1644 700 1769 752 habebant
1785 702 1894 759 turmas,

1113 795 1200 859 onmes
1214 795 1282 859 apud
1301 796 1403 844 Graecos
1423 793 1558 857 tinguntur,
1585 796 1612 844 et
1627 792 1735 844 eundem
1759 793 1893 857 habitum,
1992 816 1993 823 ι

1114 887 1251 952 eademque
1271 887 1411 952 insigniret
1426 901 1542 949 munera,
1562 902 1618 952 quaa
1631 889 1663 939 ab
1676 902 1762 939 eorum
1779 903 1895 953 unoquo

1114 996 1162 1047 que
1177 982 1277 1033 inventa
1291 984 1318 1032 et
1333 980 1475 1032 bominibus
1496 980 1555 1030 data
1574 979 1708 1031 traduntur
1724 1002 1731 1031 z
1747 994 1793 1032 nec
1813 982 1897 1033 solum
1993 1042 1994 1053 γ

1116 1075 1197 1137 Ιονίε,
1212 1072 1328 1133 iunonis,
1347 1072 1479 1135 Minerva,
1500 1073 1622 1138 Neptuni,
1644 1078 1670 1125 et
1689 1074 1809 1135 aliorum,
1831 1088 1898 1140 qnos

1116 1169 1195 1222 Greci
1208 1168 1272 1219 inter
1282 1166 1481 1218 duodecimdoos
1492 1172 1631 1231 recensent,
1643 1168 1688 1220 sed
1698 1169 1774 1220 etiam
1784 1170 1899 1234 antiquo

1116 1281 1186 1329 rum,
1201 1280 1232 1318 cx
1241 1264 1331 1329 quibus
1348 1265 1480 1317 duodecim
1491 1265 1547 1317 ilios
1558 1266 1619 1318 daos
1633 1268 1730 1333 genitos
1741 1269 1833 1320 tabule
1843 1274 1898 1320 tra·
1994 1262 1995 1277 ¹

1116 1365 1189 1416 dunt.
1224 1360 1325 1411 saturni
1348 1361 1374 1411 ct
1398 1359 1474 1411 sues
1497 1363 1522 1412 et
1545 1360 1671 1413 Themidis
1698 1367 1899 1425 summumst

1116 1456 1247 1504 Parcarum
1265 1451 1518 1514 Mnemosynmqueet
1531 1450 1683 1515 reliquorum
1701 1453 1813 1506 omnium
1831 1471 1899 1521 qno-

1116 1563 1172 1601 rum
1188 1558 1259 1596 sacra
1271 1546 1297 1595 et
1311 1541 1369 1594 rana
1383 1542 1451 1609 apud
1465 1546 1564 1595 Graecos
1582 1545 1748 1608 celebrantur,
1770 1552 1899 1603 eteorum
1996 1538 1997 1575 ³

1116 1645 1160 1711 qni
1172 1645 1301 1709 postquam
1323 1638 1435 1703 luppiter
1452 1651 1554 1703 regnum
1578 1639 1633 1690 coeti
1653 1642 1749 1706 aceepit
1768 1644 1822 1695 nati
1842 1660 1901 1699 assa

1115 1735 1257 1791 traduntur,
1281 1729 1452 1793 Proserpina,
1471 1729 1584 1792 Lucinae,
1601 1733 1790 1799 Nympharum,
1812 1741 1897 1791 Musa.

1116 1843 1186 1888 rum,
1201 1828 1337 1886 Horarum,
1358 1823 1516 1885 Gratiarum,
1541 1822 1638 1887 Liberi,
1664 1831 1690 1877 et
1713 1831 1897 1895 semideorum,

1116 1932 1223 1987 quorum
1236 1915 1325 1967 anima
1343 1913 1417 1963 buius
1432 1913 1541 1980 corporis
1560 1917 1673 1969 mortalis
1692 1919 1783 1973 soluta
1795 1924 1900 1979 vinealia

1117 2010 1209 2063 nmium
1217 2005 1388 2069 adscendisse,
1401 2009 1427 2060 ot
1449 2006 1502 2072 pari
1516 2021 1574 2058 cum
1587 2008 1635 2060 (iiis
1644 2009 1738 2064 bonore
1752 2015 1801 2067 trui
1815 2018 1898 2071 scrun-

1117 2105 1167 2161 tnr,
1180 2095 1308 2158 Herculis,
1322 2097 1472 2163 Emeterii,
1486 2098 1596 2150 costuma
1608 2103 1633 2150 et
1648 2100 1774 2163 Pollucis,
1786 2106 1897 2173 ΗοΙεοεο,

1117 2197 1143 2245 et
1161 2190 1250 2253 Panis,
1264 2191 1289 2239 et
1305 2195 1479 2243 maceriarum
1499 2191 1612 2244 aliorum.
1645 2197 1735 2261 Atqrri,
1758 2199 1779 2250 si
1798 2199 1899 2255 barbari

1116 2286 1220 2336 tuissent
1239 2285 1324 2334 Roma
1344 2285 1494 2347 conditores,
1520 2289 1547 2339 et
1560 2286 1604 2351 qui
1628 2285 1696 2337 bunc
1711 2286 1776 2339 diem
1800 2290 1897 2344 testum

1116 2375 1290 2436 instituemnt,
1298 2375 1423 2439 quomodo
1436 2376 1496 2441 ipsis
1510 2377 1629 2429 decorum
1643 2377 1728 2428 inisset
1737 2393 1823 2431 omnes
1835 2382 1897 2435 deos

1116 2477 1143 2526 et
1151 2474 1235 2541 genios
1251 2475 1351 2523 bracos
1369 2473 1463 2535 coiere,
1477 2476 1504 2524 et
1517 2474 1611 2539 patrios
1632 2475 1770 2541 negligere?
1790 2485 1839 2533 ant
1851 2496 1897 2533 os.

1116 2580 1201 2630 tendat
1211 2580 1283 2631 nobis
1293 2578 1396 2642 aliquis,
1418 2580 1510 2643 preter
1523 2577 1633 2627 Graecam
1649 2577 1789 2639 nationem,
1805 2581 1903 2646 aliam,

1115 2675 1156 2726 cui
1168 2688 1238 2727 sacra
1250 2673 1304 2724 brac
1317 2672 1367 2723 sint
1380 2670 1531 2732 domestica,
1544 2672 1571 2721 et
1582 2672 1638 2719 tum
1646 2669 1702 2721 brac
1714 2680 1860 2737 argumenta
1871 2682 1900 2728 ut

1115 2766 1216 2818 minime
1238 2780 1310 2826 sana,
1333 2763 1504 2830 reprehendat
1557 2766 1661 2814 Peracta
1685 2770 1771 2816 autern
1797 2782 1898 2836 pompa,

1114 2861 1245 2911 confestim
1256 2863 1282 2911 et
1292 2857 1406 2909 consules
1423 2859 1449 2908 et
1461 2856 1618 2918 sacerdotes,
1636 2860 1731 2925 quibus
1745 2863 1783 2914 ias
1798 2869 1860 2929 erat,
1872 2870 1899 2918 et

1114 2952 1239 3018 amspicos
1250 2952 1365 3003 victimas
1371 2949 1530 3000 immolabant
1543 2969 1550 2999 ι
1562 2949 1638 3013 idque
1647 2951 1737 3004 eodum
1750 2955 1834 3015 modo,
1848 2972 1900 3022 quo

1114 3058 1160 3095 nos
1172 3045 1272 3095 utimur.
1305 3043 1444 3117 ipsivonim,
1455 3042 1513 3092 iotis
1527 3041 1657 3104 manibus,
1672 3046 1698 3095 ct
1711 3045 1820 3098 uictimis
1834 3062 1899 3114 aqna

1114 3127 1176 3202 pura
1197 3136 1326 3199 instratis,
1352 3135 1467 3199 motaque
1499 3133 1624 3198 adspersis
1648 3138 1735 3186 aarum
1760 3138 1899 3203 capitibus,

1113 3235 1203 3287 deinde
1214 3232 1327 3300 precibus
1338 3229 1422 3289 iactis,
1432 3242 1476 3279 aas
1488 3241 1503 3277 a
1519 3226 1640 3281 ministris
1652 3233 1755 3283 mactari
1767 3235 1895 3290 iubebant.

1113 3329 1224 3385 Quorum
1240 3325 1283 3376 alii
1297 3328 1408 3389 tempora
1423 3322 1532 3373 victimas
1550 3322 1633 3373 adhuc
1648 3323 1735 3374 stantis
1747 3329 1817 3377 recte
1834 3341 1895 3390 per.

1113 3417 1255 3480 satiabant,
1268 3415 1310 3467 aiii
1323 3428 1384 3466 uero
1404 3413 1535 3466 cicadmti
1554 3413 1648 3464 cuitros
1667 3415 1850 3480 supponebant,
1863 3433 1898 3470 ac

1113 3513 1224 3564 detracta
1235 3511 1298 3576 pelte
1310 3508 1465 3560 membratim
1487 3522 1544 3560 eam
1560 3508 1742 3567 concidebant,
1763 3515 1789 3562 et
1806 3512 1897 3577 primi

1113 3611 1160 3663 tias
1171 3625 1202 3662 es
1216 3609 1316 3673 ungulis
1327 3609 1426 3661 exibet
1434 3609 1547 3661 omnibus
1556 3608 1611 3660 aliis
1626 3610 1745 3660 membris
1756 3611 1896 3676 capiebant,

1113 3717 1184 3767 quas,
1195 3702 1259 3754 farre
1268 3702 1411 3767 adspersas,
1425 3699 1624 3771 sacmbeantibns
1637 3700 1663 3751 in
1677 3702 1794 3753 canistris
1805 3703 1895 3755 aune·

1113 3796 1173 3847 bant
1189 3810 1195 3840 τ
1211 3795 1237 3846 bi
1254 3796 1374 3847 verearis
1395 3793 1525 3858 impositas
1542 3792 1785 3855 succendebant,et
1799 3796 1823 3846 iu
1836 3809 1895 3858 eas,

1113 3888 1173 3939 dnm
1196 3890 1381 3947 cremarentur,
1395 3886 1481 3936 uinum
1508 3884 1676 3937 tnmnueoant.
1723 3888 1784 3938 Haec
1812 3890 1896 3938 autem

1114 3977 1209 4044 singnis
1227 3993 1259 4029 ea
1272 3993 1341 4030 moro
1353 3979 1378 4029 in
1394 3978 1522 4030 sacrificiis
1532 3982 1552 4028 'a
1569 3978 1665 4029 Gracia
1677 3979 1815 4030 constituto
1832 3979 1895 4038 beri,

1114 4089 1146 4128 ex
1158 4075 1259 4127 Homeri
1276 4075 1346 4142 poesi
1366 4075 1448 4139 quiris
1462 4075 1534 4127 facila
1549 4080 1690 4141 cognoscat.
1726 4080 1789 4128 itam
1801 4076 1900 4129 inducit

1114 4167 1203 4219 heroas
1225 4181 1312 4219 manns
1334 4167 1462 4226 iuvantes,
1481 4170 1507 4218 et
1519 4167 1592 4220 motis
1608 4171 1724 4231 utentes,
1744 4169 1787 4219 ubi
1809 4168 1845 4219 sic
1858 4168 1896 4218 io-

1114 4263 1218 4325 quitur:

1168 4521 1252 4567 Postea
1265 4535 1351 4569 ειιαιιυε
1361 4525 1488 4578 iurarunt,
1498 4528 1522 4570 et
1533 4525 1608 4570 motas
1620 4526 1775 4583 proiecerunt.

1112 4662 1177 4716 Pitos
1188 4675 1287 4727 quoque
1298 4662 1330 4714 do
1340 4663 1422 4728 capite
1432 4668 1531 4727 sectos,
1546 4667 1572 4716 et
1586 4664 1619 4716 ab
1632 4664 1681 4716 iliis
1691 4665 1716 4715 in
1731 4666 1814 4731 ignem
1833 4681 1894 4718 con·

1114 4749 1205 4812 iactos,
1219 4749 1291 4802 docet
1303 4750 1343 4803 bis
1352 4751 1453 4803 sorbis:

1165 4895 1199 4939 Ae
1209 4893 1252 4940 iiie
1263 4906 1331 4940 sucro
1343 4893 1487 4952 auspicatus,
1497 4894 1583 4952 capitu
1595 4894 1656 4951 pilot
1666 4893 1692 4939 ia
1702 4894 1781 4951 ι’μιιειιι
1791 4895 1854 4940 iecit.

223 5040 251 5081 sn
269 5015 421 5085 Σκυτάλαις
438 5041 469 5078 τε
486 5023 612 5090 παίοντας
629 5022 664 5082 τὰ
682 5021 792 5093 μέτωπα
818 5024 871 5080 τῶν
892 5021 994 5101 ἱερείων
1009 5019 1055 5081 καί
1107 5033 1225 5085 vectibus
1236 5034 1312 5085 etiam
1325 5032 1483 5084 victimarum
1502 5033 1611 5085 frontem
1626 5031 1661 5083 αθ
1672 5032 1729 5083 titis
1740 5031 1837 5096 percuti
1848 5069 1855 5092 ,
1867 5033 1894 5082 et

276 5104 310 5163 τὰ
324 5105 440 5165 πεσόντα
454 5108 578 5185 θύοντας,
595 5113 632 5179 ὡς
655 5111 700 5171 tari
719 5115 765 5184 τῆς
785 5110 908 5190 Εὐμαίου
926 5118 995 5171 ποιεῖ
1010 5116 1055 5171 θυ·
1110 5121 1232 5188 collapsas
1251 5121 1354 5173 mactari
1374 5121 1454 5182 uicti,
1469 5117 1534 5171 sicut
1553 5120 1580 5171 io
1604 5120 1698 5173 Eumaei
1712 5117 1835 5172 sacrificio
1855 5119 1894 5169 ta·

275 5193 344 5259 σέας·

1116 5207 1172 5259 cii:
