4088 5936
253 423 312 487 932

253 547 337 615 τίνους
350 530 399 623 ήγε
410 544 458 619 τήν
469 539 591 626 δύναμιν,
608 547 632 608 οἳ
646 548 722 608 πόλιν
738 547 785 624 μὲν
800 547 920 610 Σύεσσαν
932 547 1029 631 ᾤκουν,

254 635 483 712 εὐδαιμονέστατοι
498 631 525 693 δ’
545 634 648 697 ἐδόκουν
662 635 783 695 ἁπάντων
799 628 867 696 εἶναι
888 640 940 696 τῶν
955 639 1031 711 πλη-

253 726 400 805 σιοχώρων,
416 723 462 782 καὶ
475 722 517 784 δεδι
528 723 575 796 τήν
594 725 694 798 πολλὴν
707 726 831 805 εὐτυχίαν
847 725 931 786 άπασι
944 728 1030 800 λυπη-

254 813 293 893 ροὶ
320 811 365 872 καί
382 816 486 893 βαρεῖς,
504 814 621 887 ἐγκαλῶν
646 814 732 880 αὐτοῖς
753 813 874 895 ἁρπαγάς
894 838 965 882 τινας
984 815 1030 876 καί

212 923 225 962 a
251 899 384 981 λῃστείας,
397 898 462 978 ὑπὲρ
477 891 514 959 ὧν
535 898 683 976 αίτούμενοι
704 900 778 967 δίκας
796 903 915 968 αὐθάδεις
928 901 1029 960 ἔδωκαν

252 988 417 1068 ἀποκρίσεις·
430 991 454 1047 οἱ
467 988 490 1046 δ’
506 978 575 1060 ἦσαν
591 988 690 1066 ἕτοιμοι
705 990 911 1070 προσδεχόμενοι
922 988 967 1049 τδν
978 992 1027 1050 πό-

250 1083 330 1155 λεμον
348 1080 394 1138 καὶ
406 1079 434 1136 έν
448 1085 501 1146 τοῖς
519 1078 617 1147 ὅπλοις.
662 1081 786 1159 Συνάψατ
803 1081 826 1137 δ’
840 1081 927 1146 αὐτοῖς
937 1104 1028 1161 μαχην

250 1169 309 1246 περὶ
322 1168 355 1228 τδι
371 1169 492 1246 μεθόρια,
508 1168 553 1228 καί
575 1170 687 1237 πολλοὺς
712 1169 759 1247 μίν
779 1169 948 1244 ἀποκτείνας,
970 1172 1028 1240 rob<

251 1255 278 1318 δέ
290 1255 396 1324 λοιποὺς
407 1260 570 1338 τρεψάμενος
584 1259 629 1317 καὶ
645 1260 821 1328 κατακλείσας
834 1263 869 1327 εἰς
880 1260 911 1319 τὸ
925 1262 1027 1343 τεῖχος,

198 1359 222 1398 ¹⁰
248 1350 284 1414 ὡς
298 1346 386 1406 οὐκέτι
411 1347 544 1424 προῄεσαν
560 1349 591 1407 ἐκ
608 1352 654 1420 τῆς
667 1348 788 1423 πόλεως,
805 1375 1028 1432 παραστρατοπε-

248 1436 342 1503 δεύσας
362 1437 448 1504 αὖτοῑς
466 1436 631 1518 ἀπετάφρευέ
652 1440 741 1498 τεκαὶ
763 1442 957 1521 περιεχαράκου
980 1442 1027 1501 καλ
1080 1441 1108 1490 0²
1127 1438 1192 1490 intra
1204 1453 1288 1491 '¹¹¹¹‘OE
1309 1441 1458 1507 ⁰⁰¹¹¹P¹¹¹⁵1⁸a
1475 1457 1533 1495 0⁰⁰¹
1557 1456 1590 1496 θλ
1609 1444 1670 1497 ”ibt
1687 1448 1795 1511 ifflll¹⁵¹¹⁸
1816 1462 1864 1499 ¹¹⁰⁰

248 1525 396 1606 προσθολδις
410 1529 522 1586 ἐποιεῖτο
531 1531 585 1594 τοῖς
593 1529 694 1609 τείχεσι
706 1531 833 1610 συνεχεῖς.
876 1535 912 1592 0t
918 1534 941 1591 δ’
952 1531 1024 1591 ἔνδον

247 1616 311 1684 τέως
321 1614 368 1692 pb
378 1617 550 1696 ἀπεμάχοντο
561 1616 607 1675 καὶ
618 1617 700 1677 πολδν
713 1618 880 1698 ἀντέσχοντῆ
891 1624 1028 1682 ταλαιπω-

249 1704 292 1787 ρίᾳ
314 1705 426 1785 χρόνον·
452 1707 487 1771 ὡς
511 1704 535 1763 δ’
561 1705 702 1766 ὑπίλειπιν
725 1706 818 1777 αὐτούς
846 1711 1024 1788 τάπιτήδεια,

196 1820 221 1858 15
248 1796 441 1864 ἐξασθενοῦντες
453 1793 488 1853 τδι
502 1791 615 1872 σώματα
639 1795 686 1855 καὶ
703 1794 759 1856 οὔτ’
777 1797 928 1880 ἐπικουρίαν
950 1803 1026 1861 οὐδε·

250 1883 311 1961 μίαν
335 1881 540 1962 προσλαὸὄντῑς,
555 1881 610 1941 ὥτ’
637 1886 809 1954 enarratam<
835 1889 1025 1969 τυγχάνοντες,
1079 1920 1232 1966 commeatus
1247 1915 1406 1978 defecissent,
1420 1921 1446 1968 et
1465 1919 1576 1983 corporis
1593 1920 1660 1971 vires
1673 1921 1861 1985 doetituisaent,

249 1973 318 2032 ἀλλδι
332 1972 378 2031 καὶ
393 1972 453 2050 μεθ’
468 1973 570 2053 ἡμέραν
595 1972 641 2032 καί
666 1972 769 2055 νύκτωρ
795 1977 869 2036 αὐτοὶ
890 1980 1025 2040 ταλαιπω·

250 2070 360 2142 ροῧντες,
377 2061 531 2121 ἁλίσκονται
546 2062 617 2121 κατὰ
631 2062 734 2143 κράτος.
780 2065 923 2139 Γενόμενος
938 2070 966 2130 δὲ
996 2075 1013 2090 ‘⁴

248 2154 351 2218 πόλεως
366 2150 505 2229 ἐγκρατής,
522 2150 584 2219 τοθς
600 2148 648 2229 μέν
664 2157 690 2212 ἐν
705 2162 758 2222 τοῖς
776 2154 866 2224 ὅπλοις
882 2155 1024 2239 διέφθειρε,

194 2254 222 2297 20
249 2239 374 2316 γυναῖκας
395 2240 418 2297 δ’
439 2242 525 2299 αὐτῶν
540 2239 585 2299 καὶ
597 2241 676 2300 τέκνα
695 2241 817 2311 καὶτοὺς
836 2246 1026 2323 ὑπομείναντας

249 2330 435 2407 αἰχμαλώτους
445 2329 566 2408 γενέσθαι
576 2328 622 2388 καλ
632 2330 663 2388 τὸ
678 2334 731 2389 τῶν
746 2332 912 2414 θεραπόντων
928 2337 1027 2417 πλῆθος

246 2420 300 2477 οὐδ’
317 2421 492 2498 ἀριθμηθῆναι
512 2419 599 2501 ῥᾴδιον
613 2429 667 2487 τοῖς
688 2423 861 2500 στρατιώταις
883 2425 1024 2508 ἐπέτρεψεν

246 2507 404 2582 ἀπάγεσθαι,
412 2507 460 2577 τήν
473 2510 497 2565 τ’
513 2509 599 2579 ἀλλην
608 2513 703 2581 κτῆσιν
719 2512 766 2581 τῆς
779 2510 879 2580 πόλεως
891 2511 964 2590 άγειν
977 2516 1022 2573 καὶ

245 2594 342 2674 φέρειν,
357 2594 383 2653 εί
394 2618 432 2663 τις
446 2595 588 2677 ἐπιτύχοι,
602 2597 651 2669 τήν
664 2596 689 2656 τ’
705 2599 777 2665 ἐντὸς
790 2599 893 2680 τείχους
911 2603 957 2660 καὶ
973 2603 1021 2674 τήν

190 2713 217 2751 2⁶
245 2683 290 2742 ε’πί
315 2689 366 2745 τῶν
386 2688 473 2765 ἀγρῶν
492 2688 607 2767 ἐφῆκεν·
622 2688 732 2768 ἄργυρον
748 2688 776 2747 δὲ
790 2690 835 2748 καὶ
845 2689 944 2769 χρυσὸν

246 3213 273 3274 δὲ
298 3224 350 3283 τοῖς
384 3221 450 3283 θεοῖς
471 3218 624 3279 δεκατευθέν
647 3217 768 3300 ἀργύριον
790 3223 966 3302 τετρακοσίων
993 3226 1022 3285 ού

245 3311 317 3377 μεῖον
332 3304 452 3381 γενέσθαι
465 3305 612 3366 ταλάντων.

284 3390 332 3449 Ll.
353 3388 416 3450 Ἔτι
440 3393 463 3452 δ’
487 3395 514 3452 ἐν
540 3399 573 3475 τῇ
596 3395 701 3474 Συέσσῃ
729 3397 908 3479 διατρίόοντος
933 3402 1023 3477 critob,

245 3481 332 3556 παρῆν
343 3500 383 3544 τις
396 3478 545 3559 ἀγγέλλων,
559 3481 599 3541 ότι
615 3483 737 3543 Σαόίνων
752 3490 769 3558 ii
784 3486 916 3564 κρατίστη
932 3489 1023 3564 νεάτης

191 3590 217 3631 ας
244 3564 382 3638 ἐξελήλυθε
403 3567 450 3627 καὶ
473 3568 532 3629 δυσί
554 3572 679 3649 μεγάλοις
699 3575 894 3656 στρατεύμασιν
917 3578 954 3644 εἰς
975 3578 1024 3649 τὴν

244 3652 387 3732 Ῥωμαίων
411 3656 564 3737 ίμθαλοθσα
590 3661 714 3731 λεηλατεῖ
731 3660 790 3729 τούς
807 3662 913 3746 ἀγρούς,
935 3670 952 3739 ἡ
975 3665 1023 3744 μίν

247 3735 361 3822 Ἠρήτου
391 3745 502 3819 πλησίον
525 3748 621 3825 θεμένη
647 3751 691 3809 τὸν
715 3752 833 3831 χάρακα,
866 3758 884 3826 ἡ
911 3754 938 3814 δὲ
963 3756 1023 3838 περὶ

245 3833 365 3905 Φιδήνην
374 3836 380 3872 ²
397 3839 442 3895 καί
450 3838 473 3895 εἰ
482 3835 521 3914 μή
531 3862 570 3905 τις
580 3839 669 3905 αὐτοῖς
679 3841 789 3917 δύναμις
802 3843 1023 3916 ἐναντιωθήσεται

244 3922 330 3980 πάντα
354 3925 492 4006 οἰχήσεται
510 3931 599 3988 τάκεῖ.
643 3928 692 3997 Ὡς
709 3929 736 3988 bl
762 3934 841 3989 ταῦτ’
856 3930 979 4010 ἤκουσεν,
996 3937 1023 3993 ἐν

190 4037 218 4077 40
245 4008 292 4086 μίν
323 4016 356 4088 τῇ
375 4013 482 4094 Συέσσῃ
516 4016 604 4097 βραχύ
634 4041 660 4076 τι
686 4017 844 4078 καταλείπει
869 4019 947 4101 μέρος
975 4028 1023 4095 τῆς

245 4107 381 4176 στρατιᾶς,
400 4103 433 4159 τά
447 4125 476 4160 τε
490 4104 595 4186 λάρυρα
618 4106 663 4165 καὶ
676 4106 726 4181 τὴν
750 4110 900 4183 ἀποσκευήν
920 4113 1024 4194 φυλάτ-

244 4209 296 4244 τειν
329 4191 609 4270 παρακελευσάμενος·
641 4196 689 4269 τήν
728 4197 752 4257 δ’
792 4199 877 4271 ἄλλην
912 4200 1023 4278 δύναμιν

245 4271 354 4341 εὔζωνον
369 4277 509 4338 ἀναλαόὼν
524 4274 588 4361 ἦγεν
610 4284 654 4343 ἐπὶ
676 4283 735 4352 τούς
754 4288 819 4368 πρὸς
841 4288 950 4371 Ἠρήτῳ
974 4314 1023 4350 κα-

244 4366 540 4447 τεστρατοπεδευκότας,
555 4374 601 4431 καὶ
620 4375 719 4435 τίθεται
733 4378 778 4436 τὀν
797 4377 904 4460 χάρακα
920 4380 1021 4458 μετέω-

189 4471 215 4511 ta
244 4477 299 4534 ρον,
315 4454 401 4531 ὀλίγον
415 4453 446 4514 τὸ
460 4457 559 4534 μεταξύ
573 4461 670 4542 χοιρίον
690 4466 857 4528 καταλιπών.
900 4458 984 4538 Δόξαν
994 4494 1022 4529 τε

243 4549 297 4608 τοῖς
310 4542 422 4620 ἡγεμόσι
435 4548 488 4605 τῶν
508 4545 630 4606 Σαθίνων
647 4551 738 4632 μάχην
752 4553 831 4613 ἔωθεν
844 4554 961 4615 τίθεσθαι
974 4580 1023 4633 μι-

243 4634 461 4712 ταπεμψαμένοις
472 4634 503 4695 τὸ
515 4638 542 4695 ἐν
560 4637 668 4719 Φιδήνῃ
684 4641 851 4723 στράτευμα,
867 4642 958 4720 μαθὼν
974 4646 1022 4718 τῆν

245 4718 360 4779 διάνοιαν
382 4724 468 4784 αὐτῶν
482 4730 496 4785 δ
518 4725 685 4807 Ταρκύνιος·
697 4733 769 4789 έάλω
784 4732 837 4809 γὰρ
852 4735 866 4791 θ
880 4731 913 4790 τά
934 4733 1021 4814 γράμ-

245 4831 317 4884 ματα
336 4813 450 4888 κομίζων
466 4815 541 4896 παρὰ
552 4820 605 4877 τῶν
618 4818 724 4878 αὐτόθεν
738 4820 875 4898 ἡγεμόνων
887 4821 952 4904 πρὸς
962 4822 1022 4892 τοὺς

189 4915 217 4953 ao
244 4896 315 4954 ἐκεῖ·
337 4900 416 4981 αορίορ
438 4903 502 4982 πρὸς
527 4903 557 4964 ab
577 4904 684 4984 σνμθάν
706 4906 761 4966 ἀπὸ
781 4909 864 4989 τύχης
888 4910 1023 4991 ἐχρήσατο

243 4987 342 5063 τοιῆδι.
385 4989 488 5067 Νείμας
507 4992 555 5065 τήν
576 4994 687 5074 δύναμιν
703 4998 776 5078 διχῇ,
790 4998 838 5070 τήν
857 4996 905 5076 μδν
930 5000 1022 5081 ἑτέραν

244 5070 296 5129 barb
316 5075 398 5134 νύκτα
421 5080 524 5157 πέμπει
545 5082 633 5143 λαθὼν
661 5084 721 5153 τοδς
746 5087 887 5166 πολεμίους
907 5091 951 5152 ἐπὶ
973 5090 1022 5164 τήν

244 5161 372 5242 φέρουσαν
388 5166 441 5224 ἀπὸ
455 5169 577 5243 Φιδήνης
590 5173 661 5252 δδόν,
683 5173 733 5245 τήν
754 5176 777 5234 δ’
800 5177 891 5255 ίτίραν
913 5178 970 5257 ἅμα
984 5183 1023 5261 τῷ

244 5250 371 5332 λαμπράν
392 5254 495 5335 ἡμέραν
518 5259 638 5336 γενέσθαι
651 5261 778 5331 συντάξας
793 5269 908 5344 προῆγεν
931 5270 962 5327 θκ
975 5273 1022 5328 τοῦ

980 2095 1026 2145 “ti
1079 2105 1149 2165 rent,
1170 2103 1214 2154 aed
1229 2103 1309 2155 eidem
1336 2108 1363 2154 et
1378 2104 1484 2156 interdiu
1497 2108 1609 2156 elnoctu
1625 2106 1792 2170 fatigarentur,
1818 2123 1863 2174 per

1078 2572 1209 2623 concessit.
1242 2575 1274 2623 at
1299 2587 1340 2625 rea
1366 2574 1443 2637 alias,
1470 2568 1626 2642 quaecunque
1648 2578 1688 2653 rel
1708 2570 1863 2663 intra'u'rbis

964 2690 1023 2759 ὅσας
1077 2665 1166 2715 macula
1180 2652 1218 2717 r'el
1227 2665 1253 2716 in
1265 2666 1331 2730 agria
1346 2671 1434 2730 erant,
1447 2682 1521 2734 agere
1531 2674 1558 2722 et
1578 2671 1643 2723 terre
1656 2658 1858 2753 illispermisila

244 2774 341 2851 εὑρέθη
357 2774 513 2853 συναγαγὼν
537 2778 573 2843 εἰς
596 2775 749 2858 ἒνχωργον,
769 2778 815 2837 καὶ
834 2779 883 2849 τὴν
909 2780 1023 2852 δεκάτην
1076 2760 1281 2822 atargentumet
1299 2762 1608 2868 eorumquae-turonici
1626 2768 1720 2872 potuit,
1742 2768 1859 2874 inunum

245 2859 393 2937 &emme
407 2864 443 2931 εἰς
457 2865 624 2938 κατασκευὴν
640 2870 728 2945 ἱεροῦ,
743 2866 777 2928 τὰ
799 2867 879 2926 Μὰ
893 2870 1021 2947 χρήματα
1077 2851 1160 2901 locum
1170 2852 1314 2914 conterens,
1328 2852 1486 2920 decimusque
1499 2870 1610 2908 eximens
1620 2859 1652 2910 ad
1673 2859 1862 2914 cedrlieatronem

243 2950 593 3030 'ompmqmgufpm
634 2953 714 3014 Οὕτω
728 2953 903 3034 pappam<
915 2960 930 3015 ρ
942 2980 1023 3017 κατα,
1077 2944 1180 3010 templi,
1206 2945 1314 3010 reliquae
1338 2948 1454 3012 pecuniae
1481 2949 1602 3003 militibus
1630 2952 1723 3004 divisit.
1755 2956 1862 3007 Tantum

244 3038 350 3118 ληρθεὶς
364 3039 475 3121 άργυρός
498 3064 528 3099 τε
554 3040 600 3100 καλ
620 3042 716 3121 χρυσὸς
738 3032 788 3117 ἦν,
805 3040 874 3103 ὥστε
895 3048 948 3104 τῶν
974 3047 1022 3123 μὲν
1077 3044 1161 3092 autem
1173 3042 1266 3107 argenti
1286 3045 1312 3093 et
1332 3043 1387 3094 anri
1403 3049 1529 3110 repertum
1542 3050 1590 3111 eat,
1614 3053 1645 3101 nt
1662 3052 1863 3118 qninaaargenti

190 3135 217 3190 an
245 3131 414 3207 στρατιωτῶν
429 3128 541 3188 ἕκαστον
554 3127 632 3189 πέντε
639 3136 716 3204 μινάς
725 3130 848 3213 ἀργυρίου
869 3134 973 3213 λαθεῖν,
991 3143 1023 3195 τὸ
1077 3133 1257 3198 minaaalnguli
1272 3135 1363 3187 fflffllei
1374 3137 1523 3201 θθθῙΡθῑθθίν
1535 3142 1563 3190 0¹
1578 3139 1685 3192 (Ῑθθῑῑῦθ
1702 3147 1798 3207 ἃῑθθθίί
1811 3144 1862 3201 (fili

777 426 947 486 DlONYSll
971 425 1349 489 delicattNASStthts

1086 558 1164 610 citum
1173 559 1246 611 duxlt
1260 558 1469 622 inminentium,
1481 558 1526 623 qui
1540 559 1628 610 urbem
1644 562 1760 612 Sucaeatn
1772 560 1866 613 incole·

1085 654 1155 719 bant,
1180 656 1339 721 omniumque
1358 655 1495 709 vicinorum
1509 658 1657 724 populorum
1678 660 1866 723 llorentlroitni,

1084 758 1111 805 et
1120 753 1153 804 ob
1162 753 1262 805 nimiam
1278 753 1419 807 felicitatem
1427 755 1544 809 omuibus
1552 759 1650 811 aelecti
1664 764 1690 811 et
1700 774 1787 826 granea
1802 763 1867 814 exia-

1084 851 1243 904 timebantur.

1084 951 1177 1014 rapinia
1189 952 1214 1001 et
1229 950 1365 1002 labocinila
1372 950 1524 1016 qrribnadam
1538 955 1702 1019 quereretur,
1716 958 1803 1024 legalla
1823 974 1866 1012 rea

967 1081 975 1101 τ
1083 1048 1252 1113 repetentibus
1263 1051 1290 1099 et
1303 1062 1389 1113 poenaa
1400 1050 1587 1114 reposcentibus
1607 1052 1713 1117 euperbe
1727 1054 1865 1119 responde·

1083 1150 1156 1207 rant;
1169 1149 1195 1197 et
1205 1147 1254 1197 iam
1275 1147 1300 1196 iu
1317 1146 1392 1197 annia
1408 1152 1488 1211 erant,
1509 1148 1603 1201 bellurn
1619 1156 1795 1217 exspectentur
1809 1153 1856 1205 bos

1082 1249 1183 1310 temque
1197 1246 1309 1310 excipere
1331 1248 1419 1311 parati.
1452 1248 1541 1329 Prelio
1557 1253 1641 1301 aulem
1662 1250 1688 1300 iu
1705 1255 1757 1317 agri
1776 1253 1866 1305 linibus

1082 1355 1138 1392 curn
1154 1341 1203 1392 illia
1213 1342 1354 1403 cominiano,
1368 1347 1395 1394 et
1417 1345 1501 1395 multia
1515 1345 1588 1397 oaeaia
1602 1345 1753 1412 reliquisque
1766 1350 1865 1415 iugatis,

1081 1537 1214 1603 prodirent,
1230 1538 1318 1588 castris
1330 1539 1361 1589 ad
1374 1554 1429 1591 earn
1442 1541 1529 1606 positia
1544 1542 1609 1594 ioaaa
1624 1544 1738 1608 valloque
1750 1558 1805 1595 eam
1817 1547 1864 1597 eir·

1080 1628 1220 1692 cnmdedli',
1241 1635 1269 1682 el
1298 1632 1391 1684 crebris
1414 1634 1597 1688 incursionibus
1629 1638 1719 1689 naoenla
1745 1641 1866 1693 lentavit„

1080 1726 1202 1793 oppidani
1215 1741 1274 1780 rero
1286 1727 1394 1794 primum
1408 1728 1511 1794 quidem
1521 1733 1726 1797 oppugnationem
1737 1734 1863 1786 sustinue-

1080 1823 1139 1872 runt
1151 1823 1177 1873 et
1188 1820 1233 1872 diu
1247 1821 1400 1885 gravissimis
1411 1824 1482 1874 malie
1495 1825 1638 1876 restiterunt
1653 1845 1660 1876 τ
1681 1826 1725 1878 eetl
1740 1842 1799 1878 cum
1816 1841 1861 1880 eoa

1080 2022 1127 2060 nec
1136 2009 1187 2059 ulla
1203 2008 1294 2061 auxilia
1308 2009 1427 2073 venirent,
1443 2023 1490 2061 uec
1503 2011 1549 2076 ipsi
1563 2011 1638 2062 ullam
1658 2014 1769 2077 quietem
1782 2016 1862 2067 liabe-

1081 2197 1132 2246 rim
1143 2194 1274 2261 expugnati
1291 2200 1355 2248 aaut.
1390 2197 1455 2249 Urbe
1473 2201 1556 2250 autem
1572 2199 1674 2264 potitus,
1696 2207 1803 2252 amnatoa
1821 2205 1863 2252 in·

1081 2282 1187 2352 tomenti,
1198 2290 1315 2355 coniuges
1330 2304 1389 2341 aero
1402 2295 1429 2342 et
1444 2291 1535 2344 bberca
1547 2306 1642 2355 eorum,
1655 2299 1682 2346 et
1694 2297 1788 2360 eosqui
1799 2297 1864 2348 lroa-'

1080 2383 1147 2436 tibus
1160 2374 1291 2436 sededere
1304 2386 1451 2448 voluerunt,
1465 2390 1492 2437 et
1506 2370 1639 2461 cervorum
1648 2388 1859 2467 maximom‘rnnl-

1079 2476 1209 2529 titudinem
1234 2482 1365 2530 numeratu
1390 2479 1522 2543 difficilem,
1545 2482 1668 2532 militibua'
1687 2483 1721 2534 in
1736 2467 1862 2559 ‘predere

1078 3229 1182 3279 sacratae
1192 3241 1241 3278 non
1253 3229 1374 3280 minorem
1389 3244 1514 3281 summam
1529 3246 1606 3296 quem
1623 3235 1858 3301 quadringentorum

1079 3324 1226 3373 talentorum
1241 3320 1375 3374 efficerem.
1856 3332 1859 3335 ’

1109 3421 1147 3469 Ll.
1157 3420 1584 3486 Dumautemadbuceaaetsueaeae‚
1593 3427 1776 3492 uenitquidam,
1784 3431 1859 3496 quiet

1081 3508 1207 3560 nuntiarit
1221 3509 1368 3563 sabinorum
1383 3510 1542 3563 lectissimam
1559 3513 1714 3568 iuventutem
1731 3532 1762 3569 ex
1772 3519 1860 3571 tinibus

1080 3595 1133 3646 auia
1142 3610 1275 3661 egrenaam,
1292 3603 1318 3650 et
1326 3613 1382 3650 cum
1396 3600 1495 3652 duobus
1504 3604 1601 3666 magula
1612 3605 1764 3658 exercitibus
1774 3608 1799 3658 in
1810 3610 1858 3661 lto-

1079 3700 1208 3739 manorum
1217 3703 1289 3754 agros
1299 3690 1434 3756 irruptione
1444 3693 1508 3744 iacta
1517 3707 1560 3745 eos
1568 3694 1693 3759 populari,
1709 3701 1736 3748 et
1751 3699 1860 3752 alterum

1078 3789 1165 3828 eorum
1174 3776 1205 3828 ad
1217 3780 1333 3842 Eretum,
1349 3780 1457 3832 alterum
1470 3783 1504 3832 ad
1514 3782 1620 3834 Fidenae
1631 3788 1713 3836 caetra
1730 3788 1857 3850 poanbse3

1079 3866 1195 3917 ninivem
1206 3871 1304 3919 mature
1317 3868 1365 3919 illis
1384 3871 1475 3937 aliquis
1489 3874 1613 3924 exercitus
1628 3874 1731 3928 obviam
1746 3878 1811 3939 iret,
1822 3880 1859 3929 de

1078 3956 1192 4007 omnibus
1210 3956 1277 4008 illiue
1295 3959 1403 4023 regionis
1416 3962 1490 4013 rebus
1509 3967 1593 4014 actum
1610 3978 1674 4016 ease.
1707 3967 1752 4017 llio
1766 3964 1859 4019 audllla

1081 4045 1181 4095 Sueeaoa
1192 4045 1314 4097 modicam
1328 4049 1452 4111 quandam
1461 4052 1690 4118 exercituapartem
1704 4056 1817 4122 reliquit,
1832 4062 1860 4109 et

1080 4132 1190 4196 praedam
1205 4146 1236 4183 ac
1247 4135 1341 4201 reliqua
1358 4137 1534 4203 impedimenta
1544 4142 1671 4195 custodire
1682 4145 1772 4196 iussit:
1787 4150 1857 4199 oete·

1079 4233 1190 4274 resuere
1212 4224 1295 4289 copiae
1312 4227 1441 4290 expeditas
1457 4229 1530 4282 duxit
1550 4234 1751 4295 contrahentes,
1769 4237 1812 4300 qui
1826 4238 1859 4288 ad

1078 4306 1181 4357 Eretum
1196 4312 1279 4359 castra
1291 4315 1424 4373 posuerant
1441 4334 1448 4363 :
1463 4318 1489 4364 et
1502 4315 1556 4379 ipae
1569 4330 1649 4382 parvo
1660 4320 1747 4370 relicto
1760 4322 1857 4385 spatio,

1078 4397 1161 4446 cantra
1177 4396 1204 4446 in
1216 4397 1270 4447 loeo
1288 4399 1356 4451 edito
1371 4403 1468 4453 muniit.
1502 4405 1566 4456 dum
1588 4409 1671 4458 autem
1691 4409 1789 4462 Sabinis
1807 4412 1854 4463 dur

1078 4483 1149 4535 cibun
1165 4482 1300 4549 placuisset
1323 4502 1395 4541 mane
1413 4493 1533 4545 accercito
1551 4496 1663 4547 exercitu
1680 4498 1725 4561 qui
1750 4503 1805 4550 erat
1818 4501 1859 4552 Fl-

1081 4571 1152 4624 ‹lenia
1175 4573 1321 4640 contigere,
1347 4581 1496 4645 ‘tarquinius
1518 4586 1616 4647 cognito
1642 4600 1728 4638 eorum
1753 4588 1858 4642 coneilio

1078 4662 1198 4726 (quidam
1214 4663 1281 4715 enirn
1291 4665 1444 4732 tabellarius,
1463 4672 1507 4736 qui
1523 4672 1581 4724 hinc
1594 4675 1695 4727 adilina
1709 4676 1795 4729 literae
1820 4680 1858 4732 ie·

1078 4754 1164 4815 rebat,
1177 4754 1330 4822 interceptae
1340 4758 1437 4823 iuerat)
1456 4761 1480 4812 in
1498 4762 1543 4812 tali
1557 4777 1617 4815 casu
1636 4765 1782 4819 huiusmodi
1799 4768 1858 4821 dolo

1078 4846 1199 4895 unuaeet.
1232 4844 1349 4897 bilariam
1372 4846 1453 4900 diuino
1476 4852 1605 4914 exercito,
1634 4853 1737 4907 alteram
1760 4860 1858 4921 partem

1078 4931 1126 4980 sub
1137 4935 1235 4984 noctem
1244 4934 1308 4986 clam
1321 4935 1436 4989 boatibna
1445 4938 1514 4991 milit
1526 4941 1559 4991 ad
1569 4955 1625 4993 eam
1638 4944 1704 4995 viam
1718 4959 1775 5010 quae
1788 4960 1804 4998 a
1817 4949 1859 4999 li·

1077 5016 1351 5085 deniadnoit3alteram
1361 5040 1429 5090 vero,
1441 5028 1589 5094 simulatque
1599 5030 1743 5085 ‹limillurit
1751 5035 1858 5088 inebuc·

1078 5106 1130 5155 tam
1144 5107 1231 5159 eduxit
1246 5124 1261 5161 e
1282 5114 1372 5165 cestria
1383 5119 1412 5166 ut
1427 5116 1459 5167 ad
1472 5116 1587 5182 praelium
1612 5138 1619 5168 :
1635 5124 1662 5173 et
1675 5122 1759 5174 sabini
1778 5125 1857 5177 conli-

1078 5189 1166 5244 denter
1177 5198 1204 5244 et
1225 5194 1271 5259 ipsi
1293 5200 1384 5261 egressi
1408 5205 1488 5253 aunt:
1511 5202 1581 5267 quod
1600 5204 1711 5258 boatium
1725 5222 1856 5259 numerum

1079 5292 1787 5357 nonmagnumessecemerent,etcopiaaauaaaFidenia
1795 5311 1855 5350 mox

1276 853 1337 904 Belli
1361 866 1449 904 caussa
1470 853 1518 906 init
1537 856 1620 922 quod,
1640 872 1699 908 cum
1722 859 1753 910 de
1777 874 1865 913 eoram
1911 872 1920 893 t
