4088 5936
653 433 946 505 ANTIOUITATUM
965 435 1116 499 ROMAN.
1141 437 1214 499 LIB.
1238 438 1290 500 lV.

170 564 246 646 χτίας
261 565 394 624 συντελεῖν
411 561 546 645 εἰσφοράς·
564 564 617 632 τοῖς
638 565 661 623 δ’
672 564 775 625 ῖλάττω
788 569 841 624 τῶν
857 571 954 626 ἱκανῶν

171 655 342 730 κεκτημένοις
355 652 477 734 ἀφεῖσθαι
493 651 601 713 πάντων
612 657 665 712 τῶν
677 656 809 734 ὀχληρῶν.
851 650 956 715 ’Eccita

173 741 201 801 δὲ
214 741 313 801 τούτων
324 740 434 800 ἕκαστον
450 743 496 800 οὐκ
509 740 572 820 άτερ
583 741 684 813 αἰτίας,
700 743 770 801 άλλά
779 743 954 816 πεπεισμένος

173 827 213 889 δτι
223 836 304 887 πᾶσιν
318 826 461 908 ἀνθρώποις
482 818 549 887 illa
563 831 614 887 τῶν
632 829 755 902 πολέμων
772 832 827 889 ἐστὶ
842 829 877 891 τά
889 830 957 911 χρή-

129 949 146 990 5
174 939 264 997 ματα,
280 915 326 975 καὶ
345 916 406 994 περὶ
426 918 473 986 τῆς
491 916 588 975 τούτων
609 920 727 998 φυλακῆς
747 916 862 984 άπαντες
874 941 955 978 κακο-

173 1010 312 1067 παθοῦσιν.
359 1004 462 1084 Ὀρθῶς
483 992 526 1062 υδν
536 1002 607 1085 ἔχειν
616 1004 682 1084 ᾤετο
692 1003 752 1071 τοὺς
764 1005 811 1084 μὲν
825 1007 886 1087 περὶ
899 1030 957 1086 μει-

175 1092 257 1164 ζόνων
272 1094 466 1159 κινδυνεύοντας
482 1093 567 1152 ἀθλων
590 1092 858 1172 μιίζοναςθπομίνειν
873 1118 955 1155 κακο-

173 1183 285 1251 παθείας
297 1193 350 1250 τοῖς
366 1206 395 1243 τι
416 1180 523 1258 σώμασι
546 1181 592 1242 καὶ
617 1187 673 1250 τοῖς
686 1183 822 1265 χρήμασι,
842 1184 901 1253 τοὺς
929 1184 957 1245 δδ

173 1275 235 1353 περὶ
259 1273 404 1333 ἐλαττόνων
429 1264 508 1345 ήττον
536 1274 700 1353 ἐνοχλεῖσθαι
726 1277 785 1334 κατ’
807 1275 953 1357 ἀμφότερα·

1728 448 1787 511 207

1009 608 1110 645 suasum
1125 593 1229 646 baberet
1250 594 1364 646 omnibus
1380 595 1521 648 bominibus
1542 598 1664 652 beliorum
1687 605 1788 668 pramis

1009 703 1064 741 esse
1086 692 1209 756 pecunias,
1226 698 1250 742 et
1265 706 1308 756 pro
1330 691 1370 742 his
1390 696 1566 746 conservandis
1584 712 1671 749 omnes
1692 692 1789 766 perpeti

1011 788 1119 848 labores,
1148 790 1240 841 idcirco
1256 804 1357 855 equum
1385 806 1439 843 esse
1468 793 1597 858 censebat,
1629 801 1658 849 ut
1681 799 1724 862 qui
1744 814 1788 864 pro

1011 890 1146 942 maioribus
1180 892 1288 957 praemiis
1315 892 1423 958 pericula
1447 894 1574 955 subirent,
1609 896 1645 946 iili
1663 896 1738 948 eiiam
1764 902 1789 950 ei

1009 1001 1112 1052 corpore
1125 993 1151 1040 et
1164 988 1274 1052 pecnmb
1287 988 1395 1039 maiores
1409 990 1533 1040 molestias
1545 991 1732 1056 experirentur:
1744 991 1787 1056 qui

1011 1099 1070 1136 nero
1082 1099 1125 1150 pro
1141 1085 1288 1148 minoribus,
1306 1090 1336 1136 ut
1351 1087 1388 1137 eis
1405 1092 1510 1153 utroquo
1522 1091 1621 1143 nomine
1636 1091 1719 1144 minus
1732 1107 1787 1144 mo·

1010 1182 1136 1235 bestiarum
1150 1183 1325 1246 exhiberetur,
1343 1185 1436 1249 quibus
1446 1166 1617 1240 vero'nulium
1630 1188 1733 1241 Ῐαυιιιιιο
1743 1204 1786 1256 ρο·
1853 1192 1858 1207 “

1011 1280 1115 1330 mentum
1136 1278 1287 1342 immineret,
1302 1285 1330 1331 ut
1347 1281 1408 1334 nihil
1424 1283 1500 1336 etiam
1514 1286 1663 1339 incommodi
1674 1290 1789 1353 pateren-

120 1386 148 1427 ro
174 1360 235 1429 τοθς
250 1360 277 1421 δὲ
303 1360 365 1442 περλ
380 1360 490 1439 μηδενός
508 1362 657 1429 δεδοικότας
672 1362 753 1439 μηδὲν
779 1369 954 1438 κακοπαθεῖν,

175 1453 228 1509 τῶν
252 1450 300 1526 μίν
325 1451 451 1531 εἰσφορῶν
475 1450 669 1527 ἀπολυομένους
687 1450 730 1509 διά
752 1450 801 1523 τήν
827 1452 955 1534 ἀπορίαν,

177 1542 229 1599 τῶν
253 1539 281 1599 δὲ
306 1542 450 1621 στρατειῶν
477 1538 520 1598 διὰ
546 1537 594 1609 τήν
620 1538 799 1620 ἀνεισφορίαν.
841 1543 883 1601 Οὐ
905 1540 957 1621 γὰρ

176 1626 331 1705 ίλάμθανον
348 1631 378 1686 ἐκ
393 1632 439 1686 τοῦ
455 1625 583 1702 δημοσίου
605 1627 666 1685 τότε
678 1626 810 1705 Ῥωμαῖοι
828 1652 958 1709 στρατια)-

176 1716 264 1784 τικοθς
274 1713 398 1790 μισθοὺς,
410 1715 479 1774 ἀλλά
489 1723 544 1784 τοῖς
556 1713 746 1783 titularibus
759 1718 954 1797 ίστρατεόοντο.

120 1824 149 1864 tc
177 1802 250 1864 Οὔτε
262 1805 294 1877 δή
307 1803 437 1884 χρήματα
449 1806 634 1884 συνεισφέρειν
644 1801 703 1871 τοὺς
716 1806 763 1863 οὐκ
775 1805 882 1885 ἔχοντας
896 1807 957 1863 δπό-

178 1899 222 1953 θεν
234 1892 444 1966 συνεισοίσουσιν,
461 1893 529 1952 ἀλλὰ
543 1895 596 1951 τῶν
611 1894 670 1952 καθ’
687 1899 790 1973 ἡμέραν
806 1892 955 1972 ἀναγκαίων

177 1983 372 2063 ἀπορουμένους
387 1980 454 2063 ᾤετο
466 1982 535 2059 δεῖν,
554 1981 614 2042 οὔτι
628 1980 710 2058 μηδὲν
726 1982 958 2060 συμδαλλομένους

135 2108 141 2117 ·
177 2070 367 2153 στρατεύεσθαί
379 2094 461 2142 τινας,
476 2074 568 2130 ἐκτῶν
581 2071 724 2152 ἀλλοτρίων
735 2071 957 2152 ὀψωνιαζομένους

177 2160 338 2242 χρημάτων,
354 2158 444 2237 ὥσπερ
458 2156 636 2239 μισθοφόρους.

121 2266 152 2307 att
218 2250 284 2310 XX.
307 2252 407 2307 Τοῦτον
427 2248 456 2307 δὲ
469 2247 513 2308 τὸν
524 2249 620 2327 τρόπον
633 2246 705 2307 όίπαν
723 2247 818 2316 έπιθείς
830 2248 860 2307 τὸ
878 2247 957 2329 βάρος

177 2347 229 2405 τοῖς
243 2337 376 2406 πλουσίοις
387 2340 439 2396 τῶν
453 2358 482 2395 τε
497 2334 621 2395 κινδύνων
636 2336 682 2394 καλ
695 2340 747 2395 τῶν
761 2336 955 2414 ἀναλωμάτων,

177 2433 211 2495 ὡς
225 2419 292 2487 εἶδεν
307 2429 518 2504 ἀγανακτοῦντας
530 2423 636 2499 αθτοθς,
652 2426 685 2483 δι’
701 2425 790 2505 έτίρου
800 2426 899 2507 τρόπου
909 2427 956 2499 τήν

176 2540 205 2576 τι
216 2516 330 2592 ἀθυμίαν
340 2517 426 2575 αὐτῶν
433 2513 640 2595 παρεμυθήσατο
652 2513 696 2574 καί
708 2513 757 2586 τήν
765 2515 846 2595 δργὴν
860 2517 958 2597 ἐπράθ-

177 2631 219 2677 νε,
233 2601 418 2680 πλεονέκτημα
436 2602 634 2683 δωρησάμενος,
648 2602 675 2672 ἐξ
689 2594 718 2664 οδ
732 2602 819 2676 πάσης
843 2605 952 2682 ἔμελλον

122 2719 152 2759 os
178 2697 226 2765 τῆς
238 2693 369 2761 πολιτιίας
388 2694 493 2753 έοεσθαι
504 2692 600 2773 κόρεσι,
616 2691 675 2759 τοὺς
687 2690 801 2764 πένητας
821 2694 956 2759 ἀπελάσας

179 2783 232 2841 ἀπὸ
256 2786 308 2841 τῶν
337 2784 446 2842 κοινῶν·
471 2780 617 2840 καὶτοῦτο
645 2778 853 2859 διαπραξάμενος
880 2779 956 2840 ἔλαθε

177 2870 236 2940 τοθς
256 2871 423 2948 δημοτικούς.
467 2860 523 2930 Ἠν
547 2869 576 2929 δδ
588 2868 619 2928 τδ
632 2870 817 2946 πλεονέκτημα
838 2868 898 2949 περὶ
910 2870 957 2939 τδις

177 2959 331 3035 ἐκκλησίας,
353 2961 381 3017 έν
409 2949 449 3023 αἷς
472 2959 507 3017 τά
521 2956 634 3037 μέγιστα
655 2959 814 3037 ἐπεκυροῦτο
834 2957 885 3017 ὑπὸ
910 2964 957 3019 scii

176 3048 273 3127 δήμου.
315 3046 429 3129 Εἴρηται
453 3045 482 3107 δά
506 3070 553 3123 μοι
576 3043 622 3106 καί
649 3044 790 3127 πρότερον,
813 3045 861 3106 ότι·
878 3050 957 3127 τριῶν

122 3161 152 3202 aa
178 3138 343 3215 πραγμάτοιν
368 3136 479 3213 θδῆμος
501 3140 532 3196 ἐκ
550 3136 604 3193 τῶν
623 3136 745 3194 παλαιῶν
768 3134 854 3213 νόμων
871 3135 958 3217 κύριος

177 3217 212 3299 ἧν
226 3231 279 3286 τῶν
291 3228 422 3303 μεγίστων
440 3246 469 3282 τε
485 3221 531 3282 καί
543 3223 772 3302 ἀναγκαιοτάτων,
789 3223 872 3305 ἀρχάς
887 3225 954 3282 ἀπο-

179 3314 260 3384 δεῖξαι
274 3315 321 3382 τάς
340 3336 369 3373 τε
387 3314 456 3373 κατδι
477 3312 553 3372 πολιν
575 3312 621 3371 καὶ
634 3310 681 3378 τάς
693 3312 736 3371 ἐπὶ
761 3314 954 3393 στρατοπέδου,

177 3402 222 3461 καὶ
234 3402 330 3480 νόμους
342 3400 403 3470 τοὺς
420 3400 468 3479 μὲν
481 3402 661 3481 ἐπικυρῶσαι,
672 3400 731 3467 τοὺς
744 3401 768 3459 δ’
782 3404 895 3475 ἀνελεῖν,
910 3401 957 3463 καλ

178 3492 238 3571 περί
249 3491 366 3563 πολέμου
380 3491 568 3567 συνισταμένου
581 3511 611 3549 τι
624 3489 669 3548 καί
691 3492 886 3569 καταλυομένου
900 3494 957 3552 δια-

121 3603 151 3647 an
176 3584 290 3658 γνῶναι·
312 3578 361 3649 τὴν
384 3579 413 3650 δὲ
435 3578 617 3659 περὶτούτων
644 3579 779 3659 διάσκεψιν
801 3580 847 3638 καί
871 3579 957 3658 κρίσιν
1030 3649 1036 3659 ¹
1677 3643 1683 3655 .
1757 3645 1763 3656 ,

177 3671 291 3729 (magt,
305 3666 372 3726 mg
381 3666 551 3750 ,φςφρᾶφας
564 3668 739 3748 Μοφορῶν,
752 3664 799 3724 up
811 3657 879 3738 ἦρα,
891 3669 914 3725 ,γ
924 3667 956 3725 τὰ
1012 3645 1194 3710 acceptabatur
1204 3648 1228 3693 el
1247 3643 1442 3704 consultabatur,
1461 3644 1566 3706 populus
1583 3643 1699 3706 suffragia
1711 3657 1792 3695 curra·

178 3760 308 3833 ἀλοίαιπα
321 3756 540 3833 mempiscum<
552 3754 601 3822 τάς
616 3755 740 3833 μεγίστας
754 3753 858 3834 ίχουσιν
868 3755 959 3823 οὖσίας
1011 3748 1059 3799 tim
1073 3743 1130 3795 ¹¹¹¹st
1147 3745 1173 3793 ⁰¹
1184 3740 1335 3807 P'upfflimi
1354 3740 1445 3804 ‘inique
1462 3739 1526 3790 idem
1545 3738 1661 3789 θθίθθθθῑ
1672 3739 1794 3804 snssfflliiss

1012 3843 1080 3908 quod
1092 3842 1109 3893 ll
1128 3853 1236 3906 quornm
1254 3835 1414 3902 amplissimae
1429 3838 1498 3886 erant
1514 3835 1650 3886 facultates.
1681 3837 1794 3899 Cumque

1012 3942 1085 4008 pauci
1103 3941 1188 3993 ament
1205 3936 1294 3989 dimica
1309 3934 1353 4001 (ut
1373 3947 1419 3999 pnr
1438 3934 1490 3994 est)
1512 3944 1632 3996 pauperes
1652 3931 1676 3980 ln
1699 3931 1793 3983 sullra·

1012 4045 1057 4109 giis
1073 4042 1191 4104 terendis,
1209 4040 1253 4105 qni
1272 4049 1376 4089 nurnero
1396 4034 1452 4085 ilios
1473 4033 1542 4096 longe
1561 4035 1719 4095 superarent,
1736 4030 1792 4083 vlu.

1012 4141 1109 4192 cebant
1143 4143 1195 4190 llac
1215 4152 1242 4188 re
1260 4135 1368 4200 cognita,
1396 4129 1491 4184 'tullius
1512 4129 1543 4180 ad
1561 4128 1650 4181 divites
1673 4130 1723 4181 vini
1738 4132 1794 4182 sul·

1013 4234 1146 4296 tragiornm
1160 4230 1294 4283 transtulit.
1312 4227 1415 4287 Quoties
1429 4225 1495 4276 euim
1514 4223 1672 4287 magistratus
1693 4238 1791 4290 creare,

1014 4333 1059 4379 aut
1077 4327 1108 4377 tle
1119 4325 1172 4390 iege
1188 4337 1346 4389 cognoscere,
1367 4325 1412 4373 aut
1423 4319 1515 4371 bellum
1532 4318 1604 4369 alicui
1617 4316 1707 4370 inferre
1724 4321 1792 4371 sole·

1011 1383 1060 1443 tur,
1073 1380 1195 1431 immunes
1208 1381 1358 1432 tributorum
1375 1383 1408 1433 ob
1417 1398 1499 1435 rerum
1511 1386 1618 1451 inopiam
1630 1391 1656 1438 et
1670 1402 1685 1439 a
1699 1388 1790 1439 militia

1010 1482 1126 1530 vacantes
1139 1483 1238 1545 propter
1257 1478 1445 1532 immunitatem.
1464 1482 1577 1534 llontlum
1598 1485 1664 1536 enim
1686 1486 1790 1538 Romani

1010 1575 1126 1626 militaria
1137 1575 1257 1639 stipendia
1274 1590 1305 1627 ex
1317 1578 1404 1627 aerario
1427 1579 1586 1644 acciplebant,
1602 1584 1644 1632 sed
1659 1585 1711 1634 suis
1720 1587 1789 1649 quis-

1010 1687 1059 1737 que
1090 1674 1192 1739 priuatis
1217 1676 1359 1739 sumptibus
1388 1676 1517 1729 militabat.
1561 1679 1723 1733 Existimabat
1746 1684 1790 1748 igi·

1011 1777 1148 1835 tarneque
1168 1775 1284 1835 oportere
1308 1786 1351 1822 eos
1369 1775 1488 1838 pecunias
1509 1778 1634 1836 conterre,
1657 1780 1701 1842 qui
1726 1780 1791 1833 unde

1011 1873 1149 1924 conterrent
1161 1886 1210 1923 uon
1226 1873 1358 1936 baberent,
1378 1879 1403 1925 et
1417 1890 1500 1926 rerum
1515 1878 1547 1927 ad
1561 1878 1655 1928 victum
1665 1880 1791 1943 quotidia-

1011 1984 1072 2021 num
1088 1971 1282 2052 necessariarum
1302 1972 1382 2038 inopia
1398 1972 1550 2036 laborarent;
1574 1989 1654 2039 neque
1668 1991 1727 2039 eos,
1747 1979 1791 2043 qni

1011 2073 1071 2125 nibil
1087 2072 1285 2135 mutribuerent,
1304 2073 1336 2124 ad
1346 2073 1460 2125 militiam
1473 2074 1561 2126 aliems
1574 2077 1717 2141 sumptibus
1728 2092 1792 2131 mer·

1010 2174 1166 2226 senariorum
1186 2173 1265 2224 instar
1280 2171 1399 2237 proticisci
1415 2174 1514 2226 debere.

1043 2273 1095 2321 llll.
1106 2272 1187 2332 Atque
1198 2267 1245 2318 bac
1253 2269 1348 2320 ratione
1355 2272 1409 2321 toto
1418 2276 1493 2322 oriere
1502 2271 1665 2336 periculorum
1675 2278 1700 2324 ct
1707 2286 1791 2339 sump-

1013 2372 1084 2419 tuum
1100 2368 1218 2419 diuitibus
1230 2366 1359 2432 imposito,
1373 2381 1430 2417 eum
1438 2380 1481 2418 eos
1496 2366 1522 2416 id
1531 2381 1596 2433 agre
1607 2369 1791 2422 terreanimsd·

1012 2463 1135 2525 venisset,
1152 2464 1202 2513 aiio
1215 2462 1432 2514 benetieioeorum
1450 2462 1590 2513 maestitiam
1601 2468 1742 2517 consolatus
1752 2470 1791 2519 est

1013 2562 1114 2614 stiram
1132 2561 1214 2622 leniit,
1231 2561 1334 2627 largitus
1353 2560 1413 2626 ipsis
1429 2562 1616 2626 prerogativam
1632 2568 1789 2630 potestatem,

1012 2661 1163 2728 pauperibus
1176 2675 1191 2712 a
1205 2660 1347 2726 reipublice
1364 2659 1540 2720 gubernatione
1559 2662 1657 2713 omnino
1672 2665 1790 2725 remotis,

1012 2766 1060 2815 qua
1070 2751 1147 2802 totius
1159 2749 1301 2815 reipublicae
1311 2748 1548 2801 administrationem
1556 2765 1632 2816 penes
1642 2765 1669 2802 sa
1682 2751 1792 2805 babituri

1012 2853 1083 2900 erant
1095 2867 1102 2898 ι
1116 2848 1144 2898 id
1155 2847 1222 2911 quod
1231 2851 1285 2899 tum
1301 2847 1402 2911 quidem
1414 2861 1429 2897 a
1439 2847 1510 2912 plebe
1525 2849 1725 2901 animadversum
1742 2866 1792 2904 non

1011 2957 1061 3007 cat.
1086 2953 1131 3004 ills
1148 2959 1231 3005 autem
1252 2953 1417 3019 praerogativa
1433 2954 1544 3017 potestas
1561 2954 1586 3005 in
1605 2953 1665 3018 ipsis
1686 2955 1794 3007 conotus

1011 3060 1093 3126 posita
1104 3063 1172 3121 erat,
1192 3058 1236 3109 ubi
1252 3058 1287 3108 ‹le
1306 3056 1424 3108 omnibus
1443 3056 1547 3108 maximi
1575 3056 1694 3108 momenti
1718 3057 1794 3109 rebus

1012 3160 1117 3226 populus
1130 3157 1287 3211 decernebat.
1322 3159 1374 3208 larn
1390 3160 1462 3208 anmi
1474 3157 1526 3207 dixi
1539 3157 1598 3207 olim
1611 3168 1645 3207 ex
1658 3156 1745 3221 priscis
1754 3157 1792 3208 le·

1012 3257 1083 3322 gibus
1092 3257 1148 3308 baec
1157 3256 1205 3307 tria
1217 3254 1325 3306 maxima
1345 3258 1372 3305 et
1385 3253 1491 3304 maxime
1503 3252 1643 3303 necessaris
1658 3265 1733 3317 penes
1745 3266 1791 3318 po·

1013 3355 1098 3417 pulum
1110 3352 1188 3406 fuisse
1205 3371 1210 3403 :
1225 3354 1264 3404 ius
1289 3352 1444 3416 magistratus
1461 3354 1512 3401 tam
1533 3350 1598 3400 domi
1614 3364 1688 3415 quarn
1700 3350 1793 3402 miiitiae

1012 3450 1123 3512 creandi,
1135 3455 1161 3501 et
1181 3450 1248 3514 leges
1265 3448 1425 3523 confirmandi
1446 3434 1643 3512 abrogandique,
1659 3453 1686 3500 et
1705 3463 1794 3515 pacem

1013 3549 1138 3600 bellumne
1172 3545 1327 3598 decernendi.
1361 3547 1464 3604 Quoties
1490 3549 1572 3595 antem
1596 3545 1628 3595 de
1650 3546 1690 3596 bis
1718 3547 1793 3598 rebus

178 3848 317 3926 ἰσόψηφοι·
327 3845 448 3923 ὀλίγωνδ
455 3845 554 3917 ὄντων,
566 3843 656 3922 ὥσπερ
666 3844 744 3916 εἰκός,
753 3846 805 3902 τῶν
813 3843 957 3919 πλουσίων,

178 3934 334 4004 οίπίνητες
358 3935 385 3992 ίν
399 3936 458 4001 ταῖς
480 3932 654 4015 ψηφοφορίαις
678 3933 839 4012 ἀπεκράτουν
864 3937 958 4012 μακρῷ

121 4042 152 4083 σο
178 4022 284 4090 πλείους
292 4022 363 4091 δντις
376 4022 492 4083 έκιίνων.
533 4025 618 4082 Τοῦτο
633 4017 895 4085 συνιδῶνὸΤόλλιος
914 4021 958 4078 ist

177 4106 821 4190 τοθςπλουσίουςμιτίθηκετδτῶνψήφωνκράτος.
857 4105 959 4167 Ὁπότε

177 4201 229 4279 γάρ
239 4200 326 4281 ἀργὰς
338 4201 517 4262 ἀποδιικνόειν
534 4199 553 4272 ἢ
568 4200 628 4279 περὶ
642 4199 724 4275 νόμου
745 4195 926 4273 διαγινώσκειν
940 4194 958 4267 ή

177 4285 960 4373 πόλεμονίκφέρεινδοίειεναύτῶ,τήνλοχῖτινάντὶτῆςφρα·

178 4383 271 4459 specim
289 4384 401 4456 συνῆγεν
413 4379 568 4453 ἀκκλησίαν.
611 4378 721 4439 Ἐκάλει
733 4378 756 4436 δ’
777 4378 813 4442 είς
826 4376 959 4457 ἀπόφασιν

123 4498 154 4539 45
180 4466 289 4545 γνώμης
302 4466 421 4544 πρώτους
442 4467 491 4543 μὲν
513 4464 682 4546 λόχουςτοδς
701 4466 814 4525 ἀπὸτοῦ
834 4462 960 4541 μεγίστου

178 4555 328 4632 τιμήματος
341 4557 574 4638 καταγραφέντας,
594 4555 620 4614 δν
639 4545 676 4621 οἷς
689 4545 758 4626 ήσαν
769 4556 832 4623 κίοι
847 4554 899 4611 τῶν
913 4555 960 4612 irr-

180 4641 253 4703 πίων
276 4644 457 4704 ὀκτωκαίδεκα
483 4644 528 4704 καὶ
553 4646 577 4703 οἱ
605 4647 657 4703 τῶν
675 4645 761 4712 πεζῶν
787 4639 959 4718 ὀγδοήκοντα·

1015 4426 1072 4486 bat,
1087 4435 1133 4486 pro
1155 4420 1256 4471 curiatis
1268 4416 1374 4470 comitiis
1391 4413 1530 4466 centuriata
1545 4412 1688 4483 indicebat.⁴
1711 4415 1793 4462 voca·

1014 4515 1058 4567 bat
1080 4517 1166 4566 antem
1187 4512 1281 4577 primas
1299 4511 1332 4562 ad
1353 4510 1469 4575 suffragia
1488 4507 1588 4561 terenda
1604 4508 1691 4573 prima
1708 4506 1795 4559 classls

1015 4610 1153 4670 centurias,
1175 4620 1281 4671 quarum
1301 4605 1425 4657 maximus
1441 4606 1494 4655 erat
1514 4614 1630 4653 census:
1653 4601 1794 4665 intorques

1014 4710 1086 4760 erant
1108 4706 1194 4757 decem
1219 4705 1245 4753 et
1266 4705 1323 4753 octo
1346 4703 1475 4767 equitum,
1496 4704 1523 4750 et
1540 4696 1651 4763 peditum
1670 4697 1795 4771 octoginta

1014 4800 1140 4852 centuriae.
1155 4802 1214 4859 lira,
1228 4796 1287 4860 quia
1304 4794 1384 4846 tribus
1402 4792 1520 4843 centuriis
1533 4792 1618 4856 plnres
1632 4792 1701 4840 eraut
1719 4784 1794 4854 guam

1014 4890 1168 4958 reliqum,si
1196 4890 1261 4939 idem
1286 4887 1433 4948 sensissent,
1461 4884 1569 4947 reliquas
1589 4882 1735 4947 vincebant,
1756 4886 1795 4955 at·

1014 5001 1063 5051 quc
1089 4987 1124 5036 ita
1158 4982 1280 5045 sullragiis
1313 4980 1368 5030 itnls
1400 4969 1576 5055 imponebatur.
1608 4976 1635 5028 Si
1663 4990 1723 5027 vero
1747 4990 1796 5029 non
1902 5011 1905 5019 .

1014 5091 1100 5130 omnes
1126 5074 1321 5137 consensissent,
1352 5077 1411 5125 tune
1438 5071 1544 5123 vocabat
1568 5070 1653 5137 viginti
1682 5073 1708 5121 et
1732 5070 1796 5123 duas

1013 5174 1136 5229 cantemas
1163 5173 1278 5226 secundia
1301 5170 1405 5233 euseb,
1426 5181 1483 5232 qnae
1515 5166 1582 5218 siin
1606 5164 1718 5217 diversas
1737 5178 1794 5229 par·

181 4723 253 4791 σθτοι
279 4734 349 4812 τρισὶ
378 4732 482 4801 πλείους
507 4735 579 4801 όντες
605 4735 658 4791 τῶν
681 4727 909 4806 ὑπολειπομένων,
938 4730 961 4788 εί

179 4820 262 4880 ταύτὸ
275 4821 445 4902 φρονήσειαν,
466 4822 592 4901 ίκράτουν
614 4824 666 4880 τῶν
692 4819 805 4900 ἐτέρων,
821 4819 866 4878 καλ
888 4819 961 4886 τέλος

125 4941 155 4981 ω
181 4899 251 4990 εἶχεν
279 4909 420 4986 ήγνῶμη·
445 4913 467 4969 εί
487 4909 514 4970 δὲ
545 4910 582 4982 μὴ
609 4909 725 4988 γίνοιντο
739 4908 783 4969 ε’πί
809 4913 858 4977 τῆς
880 4909 960 4977 αὐτῆς

181 4997 358 5080 προαιρέσεως
373 4998 488 5066 ἅπαντας
501 4990 587 5071 οὗτοι,
602 4999 661 5059 τότε
673 4998 733 5066 τοδς
745 4995 797 5056 tsi
814 5002 858 5056 τοῦ
873 4996 961 5056 δευτέ-

183 5108 227 5167 ραν
241 5087 393 5163 τιμήματος
415 5090 498 5149 είαοσι
512 5088 557 5147 καί
578 5087 625 5147 δόο
647 5086 741 5167 λόχους
758 5084 857 5149 ίκάλει.
899 5087 959 5145 Ma·

182 5180 320 5253 ρισθεισῶν
341 5176 369 5234 δί
384 5175 429 5235 καὶ
442 5176 502 5235 τότε
513 5178 566 5235 τῶν
583 5174 688 5258 ψήφοιν,
704 5174 763 5243 τοθς
779 5174 831 5233 ἀπὸ
845 5178 890 5234 τοῦ
904 5172 961 5253 τρί-

182 5283 227 5323 του
247 5265 399 5343 τιμήματος
414 5264 516 5338 eibi,
538 5262 584 5323 καὶ
605 5262 746 5344 τετάρτους
764 5261 823 5330 τοὺς
838 5260 892 5322 ἀπὸ
913 5265 959 5322 τοῦ
1013 5271 1052 5320 tes
1083 5267 1214 5329 abiissent,
1243 5266 1323 5318 tertias
1353 5262 1441 5317 classis
1468 5264 1591 5315 centurias
1620 5259 1741 5321 vocabat,
1771 5256 1797 5305 ei
