4070 5926
239 376 300 439 560

238 535 252 559 ιι
265 510 318 567 τῶν
337 504 479 582 δαιμονίων
493 501 597 582 χόλων,
613 501 661 564 ἕως
680 495 712 555 διν
725 495 797 566 ἥδὴ
814 494 945 574 βάσκανος
960 495 1014 567 ἔρι-

239 622 252 647 ιι
267 595 310 662 νίις
333 592 378 652 καὶ
404 590 552 673 φαγέδαινα
571 585 738 667 ἐγκαθημένη
767 583 853 643 πάντα
873 581 947 659 σήπῃ
971 580 1016 639 καὶ

239 713 251 737 ιι
268 680 405 764 διαφθείρη
419 678 454 738 τδι
468 674 550 739 καλό.
578 676 652 736 Ἀλλ’
667 674 733 752 ὑπὲρ
748 671 795 749 μὲν
810 670 910 731 τούτων
930 669 1016 747 ίτερσς

239 800 252 826 ιι
267 776 342 832 ίσται
354 770 430 848 λόγος
443 765 489 826 καί
502 765 591 845 καιρὸς
611 760 835 841 ἐπιτηδειότερος·
854 763 899 817 νύν
919 760 942 817 δ’
959 755 1016 816 ίπεί

239 890 252 914 ιι
266 861 301 919 τά
310 858 429 940 παρόντα
441 846 469 915 εύ
479 855 596 914 τίθεσθαι
608 858 673 934 χρὴ,
687 859 777 910 πάσαν
792 847 926 929 εἰρωνείαν
942 845 1017 925 ἀφεὶς

239 978 252 1003 a
268 946 325 1008 τάδ’
339 950 401 1024 ὑμῖν
415 944 494 1022 λέγω·
507 941 566 1001 οὔτε
583 941 621 1000 ὅδ’
638 943 653 998 ό
667 938 746 1016 νόμος
759 936 813 997 οὔτ’
830 937 909 1003 ἀλλος
920 935 1015 1006 σῦδεῖς,

240 1068 253 1093 a
267 1037 295 1098 δν
305 1038 385 1117 ούχή
401 1033 483 1116 βουλὴ
498 1028 705 1113 προόουλεύσιι,
719 1028 807 1107 κύριος
828 1024 874 1085 ἐπὶ
892 1029 940 1095 τῆς
953 1026 1018 1099 ἐμῆς

240 1157 253 1182 ι
267 1126 393 1192 ύπατιίας
414 1123 569 1203 γενήσεται,
589 1117 659 1179 ἀλλά
675 1115 721 1176 καί
743 1116 830 1195 λόγοις
853 1117 1018 1192 ἀγωνιοῦμαι

240 1245 253 1270 ιι
267 1217 327 1296 πιρί
339 1219 385 1287 τῆς
393 1211 609 1292 ἀριστοκρατίας,
622 1207 671 1267 κᾶν
684 1209 720 1272 εἰς
731 1204 765 1264 τά
777 1203 841 1282 ίργα
854 1203 899 1281 δέῃ
909 1207 1017 1282 χωρεῖν,

189 1322 213 1360 ru
240 1332 254 1359 ιι
268 1306 322 1364 οὐδ’
337 1307 363 1362 ἐν
377 1302 477 1370 τούτοις
489 1304 542 1360 τῶν
557 1293 762 1373 ἐναντιουμένων
778 1292 951 1373 λελείψομαι·
973 1289 1019 1347 καί

240 1423 253 1449 a
273 1397 296 1454 τί
312 1393 349 1469 μὴ
368 1390 493 1473 πρότερον
516 1386 627 1468 ίγνωτε,
648 1385 713 1455 ὅσην
739 1379 816 1460 tegio
838 1379 895 1458 ίχει
917 1380 947 1438 τὸ
967 1380 1018 1436 τῶν

241 1512 254 1537 ιι
269 1482 376 1542 ὑπάτων
391 1479 504 1556 κράτος,
522 1478 566 1535 ἐπί
584 1479 632 1547 τῆς
646 1475 712 1549 ἐμῆς
727 1473 812 1550 ἀρχῆς
828 1466 989 1544 μαθήσεσθε.
1006 1495 1018 1520 ι

281 1573 379 1634 XLVI.
400 1567 514 1634 Ἄππιος
527 1564 575 1643 μίν
590 1564 623 1636 δὴ
637 1567 721 1622 ταῦτα
732 1551 814 1620 ε’ίπιν.
858 1557 910 1617 Ἐκ
922 1556 950 1615 δί
966 1558 1018 1615 τῶν

244 1661 390 1742 δημάρχων
416 1661 431 1715 ὁ
453 1653 634 1735 πρεσόύτατσς
657 1650 703 1711 καί
724 1650 851 1710 πλείστου
872 1642 1020 1720 ἀξιώματος

190 1772 214 1809 rs
242 1749 398 1830 τυγχάνων,
416 1743 496 1810 Γάϊος
512 1743 680 1821 Λαιτώριος,
700 1738 768 1819 ἀνὴρ
781 1735 809 1797 tv
823 1758 853 1795 τε
868 1742 923 1802 τοῖς
939 1730 1021 1791 πολί-

242 1863 300 1916 μοις
312 1834 475 1917 ίγνωσμίνος
486 1823 554 1892 εἶναι
569 1832 657 1912 ψυχὴν
679 1831 710 1889 ού
725 1828 823 1900 κακός,
836 1824 882 1884 καὶ
898 1822 932 1883 τά
944 1824 1020 1882 πολι-

243 1924 303 1985 τικά
322 1923 447 2004 πράττειν
462 1922 510 1979 οὐκ
525 1918 668 1995 ἀδύνατος,
691 1915 830 1974 ἀνίσταται
850 1910 915 1989 πρδς
937 1916 1021 1969 ταῦτα

242 2013 487 2092 ἀπολογησόμενος·
506 2008 553 2067 καί
574 2008 664 2080 διῆλθε
688 2003 755 2083 ύπίρ
774 2006 820 2060 τοῦ
837 2000 923 2076 δήμου
943 1997 1019 2077 λόγον

242 2102 324 2162 πολθν
339 2101 392 2160 ἀπὸ
407 2102 459 2158 τῶν
473 2096 570 2156 ἀνωθεν
582 2093 742 2175 ἀρξόμενος·
757 2116 770 2143 ι
787 2087 839 2155 Ὦς
853 2084 952 2151 πολλάς
970 2083 1019 2162 μὲν

189 2199 216 2239 W
243 2191 289 2251 καί
302 2188 423 2273 χαλιπίις
443 2183 583 2265 στρατείας
597 2186 621 2243 οἱ
638 2175 875 2262 βλασφημούμενοι
889 2173 954 2252 πρδς
968 2174 1018 2230 αύ-

242 2285 288 2339 soii
303 2280 413 2349 πένητες
428 2270 655 2353 ίστρατιύσαντο,
669 2268 698 2327 ού
714 2265 794 2343 μόνον
810 2263 921 2323 ἐπὶτῶν
943 2264 1022 2340 βασι·

242 2369 328 2446 λίων,
344 2368 388 2427 ότι
403 2363 451 2436 τὴν
473 2361 592 2441 ἀνάγκην
608 2358 639 2418 ἀν
660 2381 700 2425 τις
720 2354 871 2436 ᾐτιάσατο,
893 2349 962 2409 ἀλλά
976 2346 1022 2408 καὶ

245 2456 313 2537 μετὰ
332 2455 380 2528 τὴν
402 2452 508 2513 ἀκτίνων
529 2447 642 2521 ίκύολὴν
668 2443 817 2523 ἐλευθερίαν
838 2439 1022 2517 κτώμενοιτῇ

244 2545 353 2626 πατρίδι
371 2542 418 2602 καὶ
430 2538 590 2621 ἡγεμονίαν·
610 2533 725 2614 ἀμοιύὴν
745 2533 769 2591 θ’
789 2528 914 2605 οὐδεμίαν
926 2524 1020 2602 ἐκομί-

191 2657 217 2696 as
245 2660 326 2697 σαντο
339 2632 413 2714 παρά
426 2635 479 2689 τῶν
493 2627 656 2710 πατρικίων,
673 2626 727 2685 οὐδ’
745 2621 903 2693 ἀπήλαυσαν
923 2613 1024 2683 οὐδενὸς

245 2730 296 2786 τῶν
319 2726 411 2783 κοινῶν
428 2721 550 2799 ἀγαθῶν,
566 2715 626 2775 ἀλλ’
645 2718 680 2781 ῶς
701 2711 811 2790 πολίμιγν
828 2707 934 2772 ἁλόντος
954 2707 1024 2784 rip-s,-

246 2815 359 2895 ρίθησαν
373 2810 417 2870 θπ“
430 2810 515 2868 αὐτῶν
528 2806 573 2865 καὶ
585 2806 632 2878 τὴν
647 2801 811 2882 ἐλευθερίαν,
823 2797 857 2871 ἣν
868 2793 1025 2856 ἀνασώσασ-

246 2908 290 2962 θαι
312 2899 484 2982 βουλόμενοι,
498 2896 654 2955 καταλιπεῖν
673 2888 881 2971 ἠναγκάσθησαν
903 2883 952 2956 τὴν
973 2906 1026 2942 πα-

246 2992 322 3071 τρίδα
334 2987 407 3067 πόθῳ
420 2990 467 3059 γῆς
482 2982 586 3064 ίτίρας,
601 2985 627 3042 tu
642 2973 660 3060 ᾖ
674 2982 705 3040 τδ
722 2980 759 3058 μὴ
770 2976 921 3057 ὖάρίζεσθαι
937 2973 1024 3040 αὐτοῖς

193 3095 221 3135 ³0
248 3076 390 3158 ἰλιυθίροις
409 3066 481 3134 ούσιν
501 3070 626 3151 ὑπάρξει·
648 3068 695 3128 καί
717 3066 778 3128 οὔτε
802 3063 958 3144 βιασάμενοι
977 3059 1026 3133 τὴν

249 3163 346 3246 βουλὴν
359 3161 419 3224 ούτε
433 3159 543 3237 πολίμῳ
554 3155 837 3239 προσαναγκάσαντες,
854 3149 959 3229 εὕροντο
977 3147 1025 3220 τὴν

248 3256 293 3315 ἐπὶ
308 3253 342 3314 sd
363 3250 478 3334 σφίτερα
493 3248 622 3319 κάθοδον,
634 3243 744 3323 ἀξιούσῃ
759 3243 786 3302 di
809 3240 854 3300 καὶ
867 3237 977 3316 δεομένῃ
991 3237 1026 3297 nd

250 3339 419 3424 ἐκλιιφθίντα
438 3335 583 3397 ἀπολαύιῖν
609 3335 722 3405 είξαντις
745 3332 855 3391 ἔδωκαν.
905 3326 974 3395 Τούς
997 3348 1026 3386 τι

250 3433 341 3514 ὅρκους
357 3428 468 3510 διεξῄει,
481 3425 527 3486 καὶ
541 3424 589 3494 τάς
602 3420 733 3495 συνθήκας
741 3421 790 3486 τίς
807 3418 851 3477 tui
870 3421 903 3495 τῇ
919 3414 1024 3495 καθόδῳ

196 3533 223 3575 bt
250 3517 393 3601 γενομίνσς
408 3516 579 3587 σἰνεκαλιῖτο;
596 3515 623 3572 ίν
638 3500 680 3579 αἶς
696 3500 728 3584 ἦν
743 3506 876 3585 ἀμνηστία
893 3504 941 3581 μίν
956 3505 1028 3584 πρῶ·

251 3633 295 3669 τον
320 3605 465 3677 ἁπάντων,
491 3602 583 3663 ἔπειτα
607 3599 711 3669 ἐξουσία
734 3597 788 3664 τοῖς
812 3596 921 3667 πίνηαιν
946 3591 1029 3671 ἀρχάς

252 3693 435 3758 άποδιικνύναι
460 3694 590 3769 τιμωροὺς
614 3688 661 3766 μὲν
677 3683 807 3763 ἐσομένας
830 3682 917 3762 σφίσιν
941 3682 1030 3748 αὐτοῖς

252 3795 304 3852 τοῖς
318 3784 346 3844 δὲ
363 3780 515 3861 κατισχύειν
532 3776 701 3859 βουλομένοις
715 3772 882 3838 ἀντιπάλους.
927 3767 1031 3837 Διεξελ-

253 3875 305 3935 adn
322 3872 349 3932 δί
366 3877 450 3930 ταῦτα
464 3867 522 3934 τοὺς
543 3865 638 3942 νόμους
657 3861 839 3933 ἐπεδείκνυτο,
855 3857 899 3924 ούς
918 3860 932 3916 δ
948 3858 1031 3933 δῆμος

198 3973 226 4013 ⁴⁰
254 3960 419 4040 instipatum
433 3961 462 4018 ού
480 3957 532 4036 πρθ
541 3956 654 4027 πολλοῦ,
669 3951 713 4012 τόν
724 3973 753 4009 τε
765 3948 826 4028 περὶ
842 3948 894 4005 τῶν
905 3947 1031 4018 δικαστη·

261 4044 321 4121 ρίων
345 4045 391 4113 τῆς
406 4041 574 4117 μεταγωγῆς,
596 4039 631 4100 ῶς
656 4031 753 4091 ἔδωκεν
771 4035 787 4100 ἡ
807 4028 889 4105 βουλὴ
903 4031 941 4107 τῷ
961 4028 1038 4107 δήμῳ

260 4129 309 4201 τλν
326 4126 443 4195 ίξουσίαν
457 4124 555 4205 κρίνειν
567 4121 610 4189 οθς
626 4119 658 4179 ἀν
674 4118 763 4185 αὐτοῖς
776 4114 857 4184 δόξειε
870 4117 924 4174 τῶν
939 4137 1037 4194 πατρι-

261 4217 335 4292 κίων,
349 4216 395 4275 nai
413 4214 457 4275 τὸν
481 4212 547 4292 ύπίρ
563 4216 611 4282 τῆς
631 4206 807 4291 ψηφοφορίας,
824 4205 851 4270 θς
865 4205 913 4263 ούκ
927 4202 966 4262 ίτι
989 4203 1039 4273 τὴν

262 4310 362 4387 λοχῖτιν
385 4303 541 4377 ίκκλησίαν,
561 4296 632 4359 ἀλλά
652 4298 701 4369 πλν
722 4293 856 4376 κουριάτιν
879 4292 963 4353 ἐποίει
986 4295 1039 4351 τῶν

207 4423 234 4460 rs
262 4396 357 4478 ψήφων
372 4393 475 4477 κυρίαν.
493 4420 505 4445 ν

295 4486 415 4550 ΧΙΝΙΙΪ
436 4481 579 4553 Διιξτλθδιν
591 4483 619 4543 ἀί
631 4481 676 4542 τδν
698 4478 764 4561 ὑπὲρ
783 4485 832 4541 τοῖν·
845 4480 930 4555 ἀτίμου
947 4473 1034 4548 λόγον,

258 4578 417 4661 ἐπιστρέψας
434 4574 478 4633 tut
498 4572 542 4633 τδν
555 4569 680 4633 Ἄππιον·
703 4565 846 4629 «Ἐπιιτα
868 4563 901 4625 σθ
915 4566 1033 4647 τολμᾷς,

259 4694 272 4721 a
286 4657 360 4743 ιίπε,
380 4665 554 4742 λοιδορεῖσθαι
572 4658 689 4733 τούτοις,
710 4658 743 4718 δι’
763 4654 806 4723 οθς
822 4652 929 4733 μεγάλη
944 4649 991 4729 μίν
1005 4653 1035 4709 ἐκ

259 4781 272 4809 ιι
288 4761 401 4833 μικρᾶς,
411 4749 540 4831 ἐπιφανὴς
551 4749 576 4808 δ’
588 4747 614 4817 ἐξ
627 4745 720 4814 ἀδόξου
734 4743 840 4824 γίγονιν
853 4746 870 4813 ἡ
881 4739 974 4811 πόλις,
991 4738 1035 4797 καί

204 4869 232 4908 σο
259 4870 272 4898 ι
288 4839 450 4906 στασιαστάς
463 4839 566 4918 ἑτέρους
581 4836 740 4908 ἀποκαλεῖς,
755 4833 801 4895 καί
813 4827 961 4914 φυγαδικήν
976 4849 1035 4886 τινα

260 4932 369 5012 «τύχην
390 4928 538 5002 ὀνειδίζεις,
553 4928 645 5006 ὥσπιρ
666 4926 716 5005 ούχ
734 4922 858 4982 ἁπάντων
878 4919 918 4978 ίτι
936 4916 1036 4977 τούτων

261 5017 463 5097 ιμεμνημίνων
486 5017 517 5078 τθ
537 5019 595 5077 καθ’
618 5020 704 5093 θμάς,
730 5011 772 5073 ότι
789 5007 995 5075 σταστιάσαντις
1012 5009 1036 5066 οἱ

262 5130 275 5157 ι
288 5107 329 5165 σολ
353 5110 474 5186 πρόγονοι
491 5107 555 5186 πρὸς
578 5103 638 5172 τοθς
664 5107 690 5164 iu
708 5103 779 5163 πόλει
799 5100 845 5161 καί
863 5099 911 5171 τὴν
934 5098 1035 5157 ἑαυτῶν

264 5219 277 5249 ιι
290 5196 403 5277 πατρίδα
420 5195 609 5261 καταλιπόντες
628 5191 718 5251 ἐνθάδε
736 5189 879 5269 ίδρύθησαν
897 5185 998 5264 ἱκέταις
1011 5185 1034 5244 εί

763 360 931 423 btoutstt
949 355 1324 420 Hattcnuxnssen'sts

1070 520 1082 541 ι
1098 512 1127 548 ea
1143 511 1253 561 uuquam
1268 492 1441 549 liberabimur.
1465 490 1544 542 donec
1560 489 1611 540 ista
1630 488 1715 539 inuida
1735 488 1811 540 Furia
1824 492 1854 539 et

1070 608 1082 629 ι
1098 598 1229 651 gangraenas
1244 588 1272 633 in
1292 584 1403 634 civitate
1416 592 1571 631 οοωιοοτειιι
1586 578 1670 628 omnia
1681 578 1787 628 honesta
1800 592 1855 642 pu-

1070 694 1083 718 ιι
1099 672 1214 724 ιοοῖσοῖεε
1227 675 1253 723 et
1262 673 1411 735 corrumpet.
1426 668 1476 721 Sed
1486 668 1519 718 de
1529 667 1569 718 bis
1580 666 1643 717 alius
1652 666 1751 717 dicetur
1759 680 1854 731 oppor-

1071 784 1083 806 ι
1099 763 1193 812 tunius.
1235 764 1307 812 tinne
1323 773 1385 810 vern
1398 757 1516 824 φυοιιῖιιιιι
1537 756 1655 822 presenti
1673 769 1757 806 rerum
1771 755 1855 806 statui

1072 870 1086 896 ι
1100 855 1167 903 recte
1188 854 1227 902 est
1244 847 1437 905 consulendum,
1455 846 1524 897 omui
1540 844 1739 897 dissimulatione
1758 845 1855 894 omissa

1073 961 1086 984 ι
1101 941 1156 991 hnc
1169 938 1241 990 vobis
1254 937 1353 998 dicam;
1370 950 1415 987 neo
1427 936 1476 987 ista
1491 935 1531 986 tex
1547 948 1593 985 nee
1613 935 1665 984 utu
1680 933 1743 993 ntia,
1756 932 1789 984 de
1800 946 1856 997 qua

1073 1047 1085 1071 ι
1100 1031 1201 1079 senatus
1213 1029 1271 1077 ante
1287 1039 1336 1074 nun
1354 1023 1466 1089 cognorit
1487 1027 1565 1087 atque
1584 1021 1726 1072 consultum
1751 1018 1856 1080 feeerit,

1074 1136 1086 1160 ιι
1102 1116 1251 1169 mecousute
1270 1119 1325 1165 rata
1342 1113 1406 1165 θοις
1428 1111 1474 1163 sed
1484 1115 1510 1162 et
1526 1111 1601 1162 dietis
1617 1110 1752 1175 optimates
1763 1109 1858 1160 deten-

1074 1223 1087 1250 a
1098 1203 1171 1264 dam,
1183 1207 1209 1254 et
1223 1202 1296 1253 factis
1312 1200 1349 1264 (si
1360 1212 1424 1266 opus
1438 1198 1531 1258 inerit)
1547 1198 1617 1249 nulia
1629 1198 1656 1248 in
1666 1212 1694 1248 rc
1702 1196 1860 1248 adversariis

1074 1314 1087 1337 ι
1103 1292 1197 1343 cedam.
1230 1293 1264 1341 Et
1276 1290 1297 1341 si
1317 1292 1376 1340 aute
1394 1288 1529 1352 ignorastis
1547 1290 1723 1353 quantaessst
1736 1285 1857 1337 consula-

1076 1404 1088 1426 ι
1103 1382 1138 1433 ris
1149 1380 1245 1446 imperii
1262 1383 1385 1445 potestas,
1401 1392 1441 1429 me
1455 1377 1558 1428 consule
1573 1376 1688 1427 discetis.
1700 1395 1713 1420 ν

1105 1572 1190 1624 XLVI.
1206 1569 1300 1636 Appius
1312 1568 1389 1633 igitur
1406 1571 1467 1619 tuuc
1480 1568 1517 1618 ita
1528 1569 1568 1618 est
1584 1567 1693 1616 locutus.
1726 1568 1786 1615 Post
1797 1578 1859 1616 enm

1075 1668 1105 1718 c.
1120 1664 1241 1716 laetorius
1262 1662 1421 1714 tribunorum
1441 1663 1504 1712 natu
1527 1665 1554 1711 et
1577 1659 1700 1724 dignitate
1713 1659 1858 1720 maximus,

1078 1757 1116 1809 vir
1129 1754 1195 1809 bellu
1217 1758 1335 1821 spectatae
1361 1752 1526 1811 fortitudinis,
1551 1756 1577 1803 et
1600 1751 1634 1802 nd
1653 1751 1737 1802 civilis
1759 1751 1860 1815 negotia

1077 1850 1206 1902 tractanda
1231 1850 1343 1907 idonens.
1369 1847 1472 1900 adhaec
1497 1859 1663 1912 responsurus
1682 1846 1809 1904 surrexit,
1832 1849 1859 1895 et

1076 1945 1153 1996 altius
1170 1957 1222 1995 rem
1237 1945 1366 2007 repetens,
1382 1940 1463 1990 multa
1477 1953 1524 2004 pro
1537 1938 1609 2003 plebe
1624 1938 1690 1988 dixit
1705 1957 1711 1986 :
1729 1956 1741 1980 ιι
1759 1940 1860 2001 inopes,

1077 2052 1141 2103 qnos
1150 2036 1291 2088 maledictis
1314 2033 1402 2085 consul
1416 2033 1553 2084 insectatus
1567 2030 1664 2092 iuerat,
1678 2031 1710 2081 ad
1726 2030 1819 2082 mattas
1832 2035 1860 2081 et

1078 2144 1166 2197 graves
1178 2128 1348 2195 expeditiones
1366 2128 1491 2193 proiectos
1501 2141 1568 2190 esse,
1588 2141 1637 2176 non
1655 2125 1739 2175 sotum
1755 2126 1802 2176 snb
1813 2140 1859 2177 re-

1078 2223 1160 2290 gibus,
1173 2221 1250 2287 (qnod
1264 2221 1406 2273 necessitati
1428 2219 1536 2270 fortasse
1560 2218 1669 2270 adscribi
1696 2220 1798 2283 posset)
1811 2219 1860 2269 sed

1078 2313 1152 2363 etiam
1162 2316 1219 2376 post
1231 2311 1288 2363 ittos
1300 2314 1401 2362 exactos
1423 2309 1563 2361 libertatem
1574 2309 1760 2374 imperiumque
1770 2309 1861 2374 patriae

1079 2412 1195 2475 parantes
1218 2428 1224 2457 :
1249 2406 1345 2457 nullam
1358 2409 1442 2467 tamen
1465 2405 1606 2470 apatriciis
1634 2405 1859 2457 remunerationem

1079 2502 1218 2567 accepisse,
1234 2514 1280 2551 uec
1293 2499 1371 2550 uilius
1388 2498 1529 2549 eommunis
1546 2498 1604 2549 boni
1621 2497 1757 2564 participes
1780 2498 1862 2549 iactos

1080 2607 1148 2653 csse,
1175 2593 1218 2645 sed
1240 2596 1361 2658 uuquam
1380 2590 1505 2656 mancipia
1528 2590 1645 2641 libertate
1662 2591 1740 2642 etiarn
1758 2591 1790 2641 ab
1809 2592 1860 2643 iltis

1080 2689 1171 2738 exutos
1194 2699 1261 2747 τινος
1286 2699 1364 2750 quarn
1386 2683 1448 2736 dum
1469 2684 1563 2735 redunt
1580 2698 1744 2750 recuperare,
1761 2690 1864 2737 coactos

1080 2779 1249 2846 assepatriam
1268 2777 1373 2831 aliarum
1393 2776 1490 2829 sedium
1505 2776 1629 2828 desiderio
1646 2777 1797 2844 relinquere.
1818 2776 1864 2830 abi

1081 2870 1128 2940 ipsi
1140 2876 1169 2924 ut
1182 2871 1280 2938 ingenui
1290 2870 1453 2922 contumelias
1467 2884 1516 2921 ιιοιι
1525 2873 1673 2935 paterentur
1685 2890 1692 2922 τ
1706 2885 1752 2922 ποτ
1766 2871 1819 2922 utta
1833 2873 1859 2922 ri

1082 2965 1179 3019 senatui
1188 2965 1262 3022 iacta.
1272 2977 1319 3014 uec
1327 2962 1405 3013 armis
1413 2961 1457 3013 itte
1471 2966 1557 3013 coacto
1569 2962 1673 3014 donnum
1685 2962 1805 3025 rediisse,
1819 2965 1863 3014 sed

1083 3059 1105 3108 ei
1118 3057 1212 3123 roganti
1228 3069 1257 3107 ac
1267 3055 1356 3115 oranti,
1380 3058 1409 3104 ut
1423 3053 1496 3105 sedes
1515 3053 1617 3104 relictas
1637 3056 1792 3121 reciperent,
1807 3070 1865 3107 ces·

1084 3151 1156 3201 sisse
1189 3150 1222 3198 Et
1230 3145 1405 3212 iusiurandum
1421 3146 1634 3207 commemorarit,
1649 3151 1675 3197 et
1687 3145 1754 3210 leges
1764 3146 1863 3198 reditus

1083 3242 1204 3295 omuibus
1215 3241 1240 3291 in
1262 3240 1408 3292 memoriam
1428 3240 1554 3291 mracavit
1568 3256 1574 3289 :
1589 3239 1616 3289 iu
1638 3239 1732 3305 quibus
1742 3246 1798 3290 erat
1811 3242 1865 3306 pri·

1083 3354 1153 3391 mum
1179 3334 1272 3386 obbvio
1290 3334 1438 3399 injuriarum
1455 3333 1582 3394 omnium,
1595 3333 1687 3385 deinde
1710 3335 1865 3400 pauperibus

1084 3432 1144 3484 data
1166 3435 1279 3497 potestas
1301 3427 1401 3479 creandi
1432 3426 1613 3491 magistratus.
1636 3426 1681 3491 qui
1703 3426 1767 3491 ipsis
1793 3442 1864 3494 opem

1086 3525 1186 3585 ferrent,
1205 3528 1231 3577 et
1239 3524 1291 3574 rim
1304 3520 1397 3573 afferre
1409 3519 1551 3571 uolentibus
1562 3518 1766 3571 adversarentur.
1818 3523 1863 3572 His

1087 3625 1171 3673 autem
1180 3615 1390 3672 commemoratis,
1402 3613 1469 3678 leges
1489 3612 1641 3664 ostenditur
1652 3615 1785 3677 recitavit,
1802 3629 1865 3680 quas

1086 3716 1157 3782 plebs
1170 3728 1218 3765 uon
1237 3709 1317 3762 multo
1337 3711 1395 3758 aute
1408 3708 1509 3765 tutemt,
1528 3705 1634 3757 atterens
1655 3705 1688 3756 de
1703 3705 1806 3771 judiciis
1829 3707 1868 3758 nd

1084 3811 1187 3876 plebem
1199 3804 1337 3863 translatu,
1354 3815 1411 3866 qum
1426 3803 1529 3851 senatus
1537 3802 1689 3865 potestatem
1701 3800 1768 3866 plebi
1782 3800 1866 3851 dedis·

1086 3908 1125 3957 set
1134 3898 1275 3968 judicandi,
1294 3907 1457 3963 quoscunque
1474 3893 1507 3945 de
1525 3894 1636 3958 patriciis
1653 3893 1746 3956 vetlet;
1762 3894 1866 3945 atteram

1087 4004 1120 4054 de
1141 3998 1267 4062 suffragiis
1290 3992 1414 4051 terendis,
1438 3990 1578 4043 secundum
1596 4004 1674 4056 quam
1691 4004 1742 4043 nou
1760 3991 1867 4057 amptius

1087 4110 1164 4164 penes
1184 4091 1336 4149 centuriata,
1359 4087 1403 4140 sed
1416 4100 1491 4153 penes
1510 4085 1610 4137 cunata
1630 4085 1732 4137 comitia
1748 4084 1868 4152 sutfragia

1089 4192 1198 4246 essent.»

1120 4467 1216 4518 ravit.
1240 4467 1293 4516 Hac
1317 4465 1403 4513 auteur
1415 4457 1527 4510 oratione
1541 4470 1587 4523 pro
1608 4455 1681 4523 plebs
1694 4455 1794 4515 habita,
1809 4469 1872 4507 cna·

1089 4583 1179 4621 uersus
1189 4567 1221 4619 ad
1230 4565 1351 4632 Appium:
1364 4584 1377 4609 ι
1390 4563 1456 4614 stru
1469 4558 1571 4625 (inquit)
1585 4558 1627 4610 bis
1639 4557 1781 4610 convicium
1789 4558 1872 4611 tacere

1090 4700 1103 4724 a
1116 4676 1202 4738 ausim,
1224 4685 1332 4739 qnorum
1349 4683 1423 4736 opera
1441 4680 1529 4733 magna
1544 4679 1577 4717 ex
1597 4678 1691 4730 parra,
1711 4662 1821 4715 illustris
1838 4677 1870 4716 ex

1091 4801 1104 4825 ιι
1120 4780 1213 4831 obsura
1224 4775 1314 4827 civitas
1324 4776 1363 4825 est
1375 4771 1461 4823 iacta?
1479 4772 1505 4822 et
1516 4768 1579 4820 atius
1590 4780 1666 4817 vocas
1684 4764 1828 4829 seditiosos,
1841 4768 1869 4815 et

1092 4906 1104 4927 ι
1115 4882 1200 4936 exsilii
1220 4880 1345 4932 fortunam
1361 4877 1424 4942 ipsis
1450 4873 1603 4940 exprobrem
1619 4870 1694 4938 quasi
1719 4883 1809 4920 omnes
1827 4869 1870 4919 isti

1091 5007 1103 5029 ι
1119 4985 1151 5035 de
1169 4982 1239 5034 vobis
1251 4995 1301 5033 uon
1315 4976 1472 5031 meminerint
1492 4976 1577 5026 adhuc
1594 4977 1654 5025 tuos
1666 4972 1773 5037 majores
1787 4985 1802 5021 a
1817 4971 1871 5034 pri-

1092 5106 1103 5129 ιι
1117 5085 1228 5136 moribus
1248 5081 1397 5133 dissidentes
1415 5092 1462 5129 sua
1483 5075 1565 5141 patria
1583 5074 1685 5125 deserta
1699 5071 1750 5122 buc
1770 5069 1871 5120 venisse

1092 5207 1104 5231 ιι
1120 5186 1262 5251 supptices?
1275 5184 1324 5235 nisi
1341 5183 1405 5233 torte
1428 5194 1473 5231 ros
1492 5176 1610 5244 quidem,
1629 5178 1712 5225 restra
1734 5170 1817 5238 patrIn
1838 5168 1871 5221 li·
