4068 5924
291 386 351 445 ίθθ

292 687 461 765 εσκευαομέν’
487 686 666 762 ἐπαγόμενος,
694 688 723 744 οὐ
747 687 804 746 καθ’
829 687 857 746 ὃν
883 690 910 745 αἱ
939 687 1062 767 διώρυγες

293 780 406 856 ἐγίνοντο
418 778 467 832 τοῦ
478 773 580 853 τείχους
593 772 691 848 τόπον,
708 774 777 831 ἀλλά
794 775 852 832 καθ’
864 774 960 854 ἕτερον.
1001 778 1062 835 Τῶν

250 886 263 923 ο
291 864 319 923 δέ
333 860 486 933 Φιδηναίων
501 863 545 919 ἐπὶ
558 860 592 919 τδι
606 863 813 938 πολιορκούμενα
825 863 892 943 μέρη
904 867 952 934 τῆς
963 865 1063 930 πόλεως

292 950 492 1031 συνδραμόντων
510 948 627 1027 ἀθρόων,
643 948 689 1006 καὶ
709 950 757 1015 τδις
774 950 923 1028 προσόολδις
938 951 1062 1026 γενναίως

292 1039 521 1119 ἀποτριόομένων,
535 1037 768 1114 ἀναστομώσαντες
777 1036 810 1095 τδι
821 1039 922 1118 πέρατα
934 1042 986 1096 τῶν
998 1042 1063 1097 ὓπο-

295 1126 377 1205 ιόμων
393 1130 417 1184 οἱ
431 1125 569 1204 ταχθέντες
583 1125 626 1185 ἐπὶ
640 1125 724 1204 τούτῳ
736 1125 879 1201 Ῥωμαίων
891 1125 960 1191 ἐντὸς
974 1124 1063 1204 ἐγεγό-

290 1237 369 1273 νεσαν
395 1220 440 1272 τοῦ
467 1212 626 1291 περιόόλου,
653 1212 699 1270 καὶ
724 1212 783 1278 τοὺς
807 1213 887 1290 ὁμόσε
911 1218 1063 1293 χωροῦντας

240 1325 264 1363 lo
291 1300 486 1382 διαφθείραντες
502 1300 633 1375 ἀνοίγουσι
653 1304 706 1366 τοῖς
720 1302 887 1380 πολιορκοῦσι
902 1301 948 1367 τδις
968 1302 1061 1367 πύλας.

292 1391 403 1449 Πολλῶν
420 1391 441 1445 δ’
463 1391 488 1445 ἐν
504 1391 536 1465 τῇ
559 1388 708 1465 καταλήψει
725 1391 771 1458 τῆς
792 1389 892 1455 πόλεως
909 1387 1062 1464 ἀπολλυμέ-

290 1500 355 1549 νων,
367 1474 426 1542 τοθς
441 1475 544 1540 λοιποὺς
558 1479 609 1532 τῶν
625 1475 778 1546 Φιδηναίων
795 1474 865 1534 ὅπλα
883 1499 911 1533 τε
927 1476 1062 1552 παραδοῦ-

291 1584 334 1622 ναι
354 1562 478 1629 κελεύσας
491 1567 506 1621 θ
521 1563 658 1642 Μάρκιος,
679 1562 723 1620 καί
738 1565 774 1628 εἰς
788 1563 834 1621 ἐνα
847 1563 926 1621 τόπον
945 1567 993 1633 τῆς
1011 1563 1064 1621 πό·

293 1655 357 1717 λαως
384 1653 502 1716 ἅπαντας
531 1650 696 1730 προκηρύξας
728 1653 874 1723 συνελθεῖν,
904 1650 1005 1728 ὀλίγους
1037 1651 1063 1719 ἐξ

241 1758 264 1795 rs
295 1740 381 1797 αὐτῶν
398 1737 456 1804 τοὺς
477 1738 573 1804 αἰτίους
595 1743 642 1805 τῆς
664 1739 834 1806 ἀποστάσεως
856 1736 974 1815 μείστιξιν
993 1740 1063 1796 αίκι-

293 1828 405 1901 σοίμενος
429 1823 594 1885 ἀπέκτεινεν·
620 1824 703 1891 οἰκίας
725 1826 748 1883 δ’
770 1825 892 1885 ἁπάντων
919 1825 1063 1905 διαρπάσαι

292 1919 343 1980 τοῖς
358 1913 530 1994 στρατιώταις
545 1910 702 1993 ἐπιτρέψας,
714 1912 758 1971 καί
774 1913 887 1994 φρουράν
900 1915 925 1971 ἐν
940 1918 973 1992 τῇ
987 1914 1063 1972 πόλει

292 2001 446 2061 καταλιπὼν
461 2000 619 2081 ἀξιόχρεων,
635 2002 722 2078 ἐπῆγε
736 2000 783 2071 τὴν
797 2001 905 2074 δύναμιν
920 2002 963 2060 ἐπὶ
978 2002 1062 2061 Zatt-

292 2114 362 2157 νους.
406 2088 476 2149 Οὐδὲ
487 2090 538 2168 γάρ
551 2090 643 2148 ἐκεῖνοι
653 2089 783 2167 διέμειναν
796 2092 822 2149 ἐν
835 2092 892 2155 ταῖς
903 2089 1063 2166 ὁμολογίαις,

238 2196 265 2234 ao
293 2178 323 2244 θς
338 2178 495 2248 ἐποιήσαντο
504 2176 565 2254 περὶ
577 2181 622 2247 τῆς
633 2175 736 2254 εἰρήνης
750 2176 813 2256 πρδς
824 2176 935 2256 βασιλέα
946 2177 1057 2246 Τύλλον,

292 2265 352 2323 ἀλλ’
366 2265 523 2338 ἐμόαλόντες
535 2267 571 2330 είς
580 2265 628 2337 τὴν
641 2264 785 2340 Ῥωμαίων
799 2270 863 2344 γῆν,
877 2266 968 2344 ἐδήουν
982 2266 1063 2337 αὐτῆς

291 2351 339 2423 τήν
354 2354 458 2430 ὅμορον.
501 2350 601 2411 Μαθὼν
615 2353 638 2408 δ’
652 2354 666 2409 θ
679 2349 798 2430 Μάρκιος
812 2353 885 2431 παροί
894 2374 923 2409 τε
934 2353 1063 2411 κατασκό-

292 2463 350 2497 πων
375 2440 420 2496 καί
440 2438 594 2511 αύτομολων
618 2438 662 2495 τόν
686 2437 776 2517 καιρὸν
791 2442 836 2508 τ’ής
857 2438 1060 2518 ἐπιχειρήσεως,

292 2526 489 2603 ἐσκεδασμίνων
512 2529 565 2582 τῶν
580 2524 702 2584 Σαόίνων
721 2525 766 2583 καί
785 2526 983 2596 λεηλατούντων
1003 2525 1062 2594 τούς

237 2640 263 2675 as
292 2616 399 2696 σἰγροθς,
416 2613 492 2679 αὐτὸς
508 2612 555 2689 μέν
578 2611 635 2685 ἅμα
649 2614 702 2680 τοῖς
725 2616 812 2680 πεζοῖς
828 2613 871 2671 ἐπί
891 2613 935 2669 τὸν
955 2611 1062 2690 χάρακα

291 2708 343 2761 τῶν
359 2700 491 2775 πολεμίων
504 2703 659 2779 ἀφικόμενος
671 2701 761 2777 ὀλίγην
775 2700 868 2780 ἔχοντα
880 2700 998 2782 φυλακήν
1014 2725 1061 2761 κα-

291 2788 456 2865 ταλαμύοίνει
478 2788 508 2847 τό
523 2786 597 2868 ἔρυμ’
617 2787 643 2856 ἐξ
659 2789 767 2867 ἐφόδου,
785 2787 930 2867 Ταρκύνιον
954 2788 981 2846 δέ
1002 2789 1061 2857 τοὺς

291 2881 380 2942 ἱππεῖς
402 2875 487 2953 ἄγοντ’
512 2875 555 2933 turi
576 2873 634 2941 τοθς
655 2879 682 2932 ἐν
698 2878 840 2954 προνομαῖς
857 2875 1060 2950 ἐσκεδασμένους

290 2963 438 3042 ἐπείγεσθαι
453 2964 586 3025 ἐκέλευεν.
600 2963 733 3029 Μαθόντες
748 2965 771 3021 δ’
788 2968 811 3022 οἱ
827 2963 938 3024 Σαόινοι
950 2963 997 3035 τὴν
1012 2964 1059 3023 ίπ-

235 3086 262 3123 20
289 3076 337 3112 πον
348 3057 399 3111 τῶν
414 3050 557 3128 Ῥωμαίων
571 3052 614 3110 ε’πὶ
627 3060 694 3131 σφᾶς
706 3053 879 3124 ἐλαύνουσαν,
895 3051 1002 3131 ἀφέντες
1012 3052 1060 3124 πλν

288 3139 360 3199 λείαν
386 3139 430 3198 καὶ
447 3138 493 3202 τάς
517 3139 598 3205 ἄλλας
618 3140 759 3216 ὠφελείας,
780 3139 842 3205 όσας
864 3138 952 3218 ἔφερόν
969 3164 998 3199 τε
1014 3142 1060 3199 καί

289 3219 371 3305 ἦγον,
395 3227 502 3307 ἔφευγον
524 3226 567 3286 ἐπί
587 3225 630 3283 τδν
653 3227 772 3305 χάρακα.
817 3227 865 3294 Ὡς
888 3225 915 3285 δέ
940 3232 1059 3289 κάκεῖνον

290 3315 407 3391 ἔγνωσαν
428 3314 605 3393 κατεχόμενον
631 3319 680 3372 ὑπὸ
703 3319 755 3373 τῶν
782 3320 882 3384 πεζῶν,
903 3320 1060 3395 ἀποροῦντες

289 3405 348 3462 ὅποι
359 3402 498 3483 τράποιντο
520 3403 663 3460 συνέτεινον
676 3404 712 3467 εἰς
724 3400 787 3468 tia<
796 3426 824 3460 τε
835 3403 879 3462 καὶ
891 3402 948 3482 ὄρη.
990 3409 1059 3463 Διω-

235 3514 262 3551 as
291 3492 396 3565 κόμενοι
420 3491 443 3547 δ’
459 3488 510 3547 ιἰπδ
533 3491 586 3546 τῶν
601 3491 685 3568 φιλῶν
706 3490 751 3546 καί
777 3494 828 3548 τῶν
849 3491 963 3563 ἱππέοιν,
978 3492 1060 3568 ὀλίγον

289 3576 338 3656 μέν
348 3601 413 3641 τινες
428 3576 579 3648 ἐσώθησαν,
597 3580 621 3634 ot
632 3578 659 3635 δὲ
667 3577 962 3655 πλείσυςδιεφθᾶρησαν.
1006 3582 1061 3640 Καὶ

289 3668 357 3744 μετδι
372 3664 419 3738 τήν
435 3663 571 3745 συμφσρδιν
586 3664 685 3736 ταύτην
696 3665 920 3744 πρεσόευσόμενοι
934 3667 1013 3725 πάλιν
1025 3670 1059 3735 είς

288 3753 398 3830 Ῥυίμην
421 3752 523 3831 εἰρήνης
542 3752 716 3831 τυγχάνουσιν
731 3752 786 3819 οίας
807 3754 954 3832 ἐβούλοντο.
998 3754 1061 3816 Ἔτι

288 3843 339 3923 γδρ
355 3846 368 3901 θ
381 3840 444 3922 πρθς
459 3839 505 3907 τδις
517 3840 637 3898 Λατίνων
649 3840 737 3905 παλαις
749 3840 913 3911 συνεστηκὼς
925 3845 978 3907 τοῖς
988 3841 1058 3903 Ῥω-

238 3947 262 3983 ίυ
290 3931 377 4006 μαίοις
389 3930 503 4007 πόλεμος
514 3928 658 4006 ἀναγκαίας
668 3927 750 3985 ἐποίει
763 3927 809 3994 τὰς
824 3930 886 4008 πρὸς
899 3927 956 3999 τοὺς
967 3930 1059 3996 ἄλλους

289 4016 395 4095 ἐχθροὺς
410 4017 506 4095 ἀνοχάς
519 4016 605 4074 τεκαὶ
622 4014 761 4082 διαλύσεις.

330 4104 403 4163 llil.
416 4108 441 4163 Τ
442 4104 543 4183 εταίρτῳ
553 4102 580 4162 δέ
592 4101 707 4180 μάλιστα
720 4102 788 4179 μετὰ
801 4102 873 4162 τόνδε
888 4103 932 4162 τόν
943 4102 1059 4179 πόλεμον

291 4191 401 4266 ἐνιαυτῷ
422 4192 542 4267 Μάρκιος
557 4194 571 4248 θ
592 4194 645 4248 τῶν
667 4190 810 4268 Ῥωμαίων
826 4189 948 4271 βασιλεὺς
966 4192 1013 4262 τήν
1031 4215 1059 4251 τε

291 4275 427 4345 πολιτικὴν
443 4277 553 4354 δύναμιν
574 4277 645 4356 ἄγων
659 4279 704 4337 καί
722 4277 770 4349 τήν
784 4278 957 4358 συμμαχικὴν
973 4303 1058 4356 μετα·

235 4384 261 4422 lb
289 4361 461 4444 πεμψαίμενος
473 4361 537 4436 όσην
552 4364 660 4424 ἐδύνατο
674 4366 817 4440 πλείστην,
831 4367 1000 4447 ἐστράτευσεν
1016 4368 1059 4426 ἐπὶ

289 4448 461 4517 Ούῑεντανοθς
483 4451 528 4509 καί
543 4452 645 4525 πολλὴν
662 4458 708 4526 τῆς
726 4454 814 4534 χώρας
828 4456 913 4514 αὐτῶν
935 4455 1058 4533 ἐδῄωσεν.

289 4538 403 4599 Ἐκεῖνοι
426 4539 448 4597 δ’
467 4537 573 4618 ἤρξαντ’
597 4543 707 4620 ἐνιαυτῷ
727 4542 852 4621 πρότερον
869 4544 905 4610 είς
921 4541 968 4612 τὴν
989 4541 1059 4601 Ῥω-

292 4629 376 4703 μαίων
400 4633 449 4707 γῆν
474 4627 650 4704 ἐμόαλόντες,
674 4628 720 4688 καί
745 4630 844 4697 πολλδς
866 4629 914 4707 μίν
938 4629 1059 4708 δρπαγδις

287 4717 452 4794 χρημάτων,
468 4716 550 4775 πολθν
568 4718 591 4775 δ’
611 4716 754 4796 ἀνθρώπων
772 4718 876 4797 ὄλεθρον
892 4718 1057 4788 ποιήσαντες.

242 4820 268 4856 tlt
288 4806 422 4882 Στρατιθς
436 4805 463 4862 δέ
477 4808 576 4877 πολλῆς
591 4804 665 4886 παρδι
679 4809 732 4864 τῶν
749 4807 913 4867 Ούῑεντανῶν
937 4805 1055 4873 ἐξελθού-

288 4913 336 4961 σης
351 4891 397 4949 καί
415 4892 500 4972 πέραν
514 4900 560 4952 τοῦ
578 4893 704 4973 Ττόέρισς
722 4899 842 4968 ποταμοῦ
861 4893 926 4973 πρδς
944 4897 977 4973 τῇ
998 4897 1055 4954 Φι-

288 4978 402 5046 δηναίων
424 4982 500 5038 πόλει
520 4980 563 5038 τθν
586 4981 694 5060 χάρακα
709 4980 834 5058 θεμένης,
854 4980 995 5040 ἀναλαόὼν
1009 4980 1056 5053 τὴν

287 5060 395 5139 δύναμιν
411 5057 473 5143 ἦγεν
485 5069 520 5133 ὣς
540 5058 595 5146 εἶχε
616 5067 728 5148 τοίχους,
746 5068 792 5127 καί
804 5072 910 5150 πρῶτον
936 5068 982 5147 μὲν
1003 5073 1056 5129 τῶν

288 5145 332 5207 ἐπί
349 5148 397 5219 τλν
417 5151 508 5229 χώραν
523 5152 616 5222 ἐξόδων
638 5154 731 5223 adeat<
751 5157 906 5220 ἀπέκλεισεν
922 5159 1054 5236 ίππσκρα·

809 382 975 442 lllONYSll
997 382 1373 445 flltlcnlanssENsls

289 517 319 576 τθ
334 517 422 596 ἔργον,
438 514 588 581 ἀναστήσας
600 513 644 571 τδν
655 514 766 590 στρατδν
778 505 841 590 ήγεν
857 515 900 573 ἐπὶ
915 513 961 583 τήν
972 513 1059 591 πόλιν,
1089 541 1091 563 ι

292 605 415 684 μηχανάς
430 623 458 657 τε
471 599 624 665 πολλδιςκαὶ
636 591 719 658 πόλλα
734 599 797 677 πρδς
811 600 984 680 τειχομαχίαν
998 623 1061 658 κατ.
1087 596 1091 681 γ

1116 527 1201 578 multis
1225 529 1345 580 machinis
1369 531 1507 583 etaetatis
1533 531 1701 583 instrumentis
1728 532 1758 582 ad
1792 546 1890 598 oppug-

1115 629 1238 678 nationem
1251 630 1358 693 paralls‚
1372 645 1421 681 nou
1433 633 1466 683 ab
1481 646 1511 683 ea
1528 645 1655 683 murorum
1679 637 1764 697 parte,
1785 634 1830 684 ubi
1847 646 1893 684 ou·

1116 728 1192 779 nleuli
1214 730 1356 794 agebantur,
1377 731 1421 782 sed
1436 731 1467 783 ab
1485 731 1542 784 alia
1574 734 1639 782 cum
1653 734 1737 782 autem
1755 731 1889 783 Fidenates

1117 832 1150 882 ad
1170 833 1226 884 loca
1247 835 1316 887 urbis
1338 841 1474 902 oppugnata
1496 838 1637 901 trequentes
1659 836 1839 898 accurrissent,
1863 838 1891 888 et

1117 934 1216 984 stream
1242 935 1352 988 busdam
1371 936 1491 1001 impetum
1516 939 1677 1002 repellerent,
1692 937 1809 998 Romani,
1830 937 1891 1001 qui-

1116 1031 1164 1083 bus
1175 1032 1201 1084 id
1216 1037 1340 1099 negotium
1350 1037 1436 1088 datum
1451 1042 1516 1098 erat,
1529 1039 1652 1102 patefacto
1665 1037 1836 1089 cuniculorum
1847 1051 1892 1089 ore

1116 1133 1180 1184 intra
1205 1137 1297 1186 macula
1324 1150 1351 1186 sa
1372 1138 1543 1196 insinuamnt,
1567 1141 1593 1188 et
1617 1137 1689 1188 obulo
1704 1151 1804 1201 quoque
1824 1150 1892 1188 caeso

1117 1236 1169 1285 suis
1191 1235 1235 1298 qui
1248 1235 1337 1287 urbem
1356 1238 1504 1287 obsidebant
1527 1241 1610 1301 portas
1630 1240 1787 1301 aperuerunt.
1821 1237 1890 1287 Μυί-

1117 1332 1149 1383 tis
1170 1345 1230 1384 rero
1253 1335 1324 1385 caesis
1345 1336 1370 1384 iu
1392 1334 1460 1385 urbis
1485 1335 1678 1398 expugnatione,
1700 1336 1809 1387 Marcius
1827 1336 1889 1389 rell·

1116 1443 1179 1493 quos
1199 1431 1328 1483 Fidenates
1347 1446 1415 1483 arma
1428 1432 1526 1484 tradere
1548 1432 1635 1493 lussit,
1656 1437 1681 1483 et
1695 1446 1738 1497 per
1750 1446 1889 1498 praeconem

1116 1539 1202 1577 omnes
1223 1527 1248 1577 in
1271 1541 1348 1579 uuum
1374 1528 1442 1578 urbis
1467 1528 1548 1577 locum
1571 1528 1729 1589 convocarit,
1744 1532 1770 1577 et
1796 1541 1891 1591 paucam

1119 1633 1149 1670 ex
1170 1621 1230 1686 ipsis
1250 1620 1397 1673 delectionis
1415 1627 1530 1673 auctores
1547 1623 1623 1687 virgis
1636 1636 1714 1673 ceasos
1728 1624 1809 1673 securi
1830 1637 1891 1688 per-

1118 1719 1208 1781 cussit;
1232 1723 1286 1770 tum
1310 1719 1429 1771 militibus
1450 1722 1560 1771 omnium
1581 1719 1669 1771 domos
1697 1720 1802 1785 diripere
1830 1733 1891 1785 per·

1117 1816 1185 1865 misit
1218 1819 1259 1879 et,
1291 1817 1407 1881 presidio
1434 1817 1495 1867 satis
1532 1817 1603 1867 buno
1629 1817 1654 1866 iu
1688 1818 1749 1867 urbe
1787 1818 1889 1879 relicto,

1118 1913 1251 1964 exereitum
1275 1913 1302 1963 ln
1323 1913 1425 1964 sabinos
1450 1912 1530 1964 duxit.
1588 1916 1651 1964 Nam
1675 1927 1707 1964 ne
1731 1914 1758 1962 hi
1787 1914 1889 1978 quidem
1939 1960 1942 1963 .

1118 2013 1245 2062 servarant
1258 2009 1409 2060 conditiones
1427 2010 1511 2074 pacis,
1525 2024 1600 2074 quam
1615 2023 1673 2061 cum
1687 2022 1744 2073 rege
1755 2010 1827 2060 Tullo
1848 2010 1887 2060 le·

1117 2112 1214 2170 ceraut,
1226 2108 1271 2160 sed
1284 2107 1347 2158 laete
1364 2107 1498 2171 irruptione
1513 2108 1538 2157 in
1554 2121 1639 2170 agrum
1658 2109 1793 2157 liomauuro
1810 2119 1890 2170 apros

1117 2202 1168 2253 suis
1188 2202 1302 2252 intumos
1321 2201 1460 2252 vastabant.
1504 2202 1610 2251 llarcius
1634 2215 1694 2252 vero
1709 2216 1754 2266 per
1773 2201 1889 2265 explora·

1116 2303 1184 2350 tores
1206 2302 1231 2349 et
1254 2297 1391 2361 transfugas
1415 2299 1511 2362 cognita
1529 2288 1713 2362 opportunitate
1729 2298 1812 2348 ίιοιίίε
1825 2297 1889 2348 ado-

1116 2394 1206 2455 riendi,
1236 2394 1330 2445 Sabims
1351 2393 1490 2459 palantibus
1513 2397 1538 2444 et
1566 2409 1637 2456 agros
1664 2394 1887 2458 depopulantibus.

1116 2489 1168 2553 ipse
1191 2501 1248 2539 cum
1271 2489 1394 2552 peditibus
1410 2489 1442 2539 ad
1465 2489 1572 2539 bostium
1599 2490 1690 2540 uallum
1710 2492 1799 2554 exiguo
1824 2503 1887 2553 prra-

1116 2583 1178 2633 sidto
1202 2583 1323 2634 munitum
1349 2585 1487 2648 protectus,
1514 2584 1675 2635 munitionem
1695 2585 1774 2649 primo
1793 2558 1888 2649 impetu

1115 2678 1245 2742 occuparit
1265 2698 1272 2729 ι
1292 2680 1452 2745 Tarquinium
1471 2694 1530 2730 rero
1550 2681 1622 2731 iussit
1647 2681 1672 2730 in
1692 2680 1777 2732 hostes
1796 2682 1822 2731 lu
1843 2696 1888 2746 pa·

1114 2773 1281 2826 bulatiouibus
1294 2776 1417 2840 dispersos
1432 2778 1569 2841 equitatum
1584 2756 1698 2828 celeriter
1709 2778 1809 2829 ducere.
1841 2781 1889 2829 Sa·

1114 2870 1165 2922 blui
1181 2886 1238 2923 eum
1258 2873 1374 2924 vidissent
1387 2876 1525 2925 Romanum
1538 2874 1676 2938 equitatum
1694 2877 1778 2924 contra
1792 2887 1819 2925 oe
1840 2887 1888 2926 ve-

1114 2968 1183 3029 nire,
1209 2970 1300 3021 omissa
1330 2970 1413 3034 preda
1435 2974 1460 3021 et
1483 2971 1571 3021 ceteris
1593 2971 1668 3021 rebus
1692 2985 1753 3036 quos
1782 2972 1889 3036 agebunt

1115 3081 1145 3117 ac
1163 3069 1288 3130 terebant,
1305 3068 1337 3118 ad
1357 3071 1439 3118 castra
1461 3069 1572 3129 retugere
1595 3071 1731 3131 emperuut.
1764 3068 1814 3119 Ubi
1829 3081 1889 3118 vere

1114 3182 1144 3218 ea
1159 3182 1257 3233 quoque
1269 3169 1300 3218 ab
1318 3168 1427 3219 bostium
1438 3169 1550 3232 peditatu
1563 3173 1685 3233 occupata
1700 3169 1824 3233 uiderunt,
1836 3170 1887 3221 du-

1114 3273 1222 3324 bitantes
1233 3288 1283 3338 quo
1297 3285 1324 3323 se
1334 3275 1470 3333 verterent,
1483 3272 1515 3322 ad
1527 3273 1601 3323 silum
1613 3278 1637 3324 et
1650 3277 1748 3324 montes
1757 3274 1889 3325 oonteude·

1114 3385 1179 3431 runt.
1212 3382 1260 3431 Sed
1282 3395 1340 3430 eum
1362 3394 1405 3430 eos
1418 3379 1506 3430 velites
1522 3383 1548 3430 et
1563 3379 1658 3443 equites
1672 3384 1887 3444 persequerentur,

1113 3478 1186 3542 pauci
1201 3477 1302 3541 quidam
1325 3477 1460 3528 incolumes
1480 3480 1624 3538 evasemut‚
1647 3490 1677 3526 ac
1699 3477 1776 3527 maior
1801 3491 1887 3530 eorum

1113 3588 1171 3638 pars
1182 3574 1279 3624 interiit.
1311 3576 1364 3623 llac
1383 3572 1453 3623 clade
1467 3575 1567 3636 accepta
1580 3585 1668 3621 rursus
1680 3572 1768 3636 legatis
1787 3575 1890 3623 Romam

1114 3677 1196 3727 missis
1206 3691 1292 3742 pacem
1303 3689 1377 3739 σκετο
1386 3676 1502 3740 petebant
1510 3674 1683 3738 impetrarunt.
1715 3676 1778 3725 Nam
1788 3674 1887 3734 bellum,

1114 3773 1249 3837 quodcum
1261 3772 1354 3822 Latinis
1364 3772 1460 3835 populis
1473 3772 1575 3820 Romani
1591 3770 1673 3821 adhue
1684 3772 1815 3832 gerebant,
1829 3771 1889 3821 elie·

1114 3870 1149 3918 cit
1165 3873 1193 3919 ut
1204 3882 1304 3920 necesse
1319 3872 1385 3920 esset
1399 3882 1455 3918 cum
1467 3869 1557 3918 ceteris
1567 3866 1713 3940 adversariis
1724 3868 1762 3917 rel
1774 3867 1889 3918 inducias

1113 3975 1153 4025 vel
1164 3988 1249 4040 pacem
1259 3974 1356 4025 babere.

1144 4119 1391 4175 taruannensem
1399 4115 1474 4165 terme
1484 4128 1547 4164 suuo
1554 4111 1886 4178 posthocbellum,ldarcius

1112 4225 1277 4273 llomaoorum
1291 4235 1332 4271 rex
1344 4221 1435 4271 alsium
1444 4219 1521 4282 copiis
1533 4218 1630 4269 eductis
1647 4220 1672 4269 et
1685 4218 1807 4269 sociorum
1817 4221 1885 4270 auxi·

1112 4324 1152 4375 llis
1162 4328 1254 4389 quauta
1268 4324 1373 4387 plurima
1386 4321 1465 4385 potuit
1476 4322 1601 4371 accersitis
1611 4321 1635 4370 in
1647 4322 1763 4373 Veientes
1777 4325 1815 4373 est
1826 4337 1883 4387 pro·

1113 4426 1206 4487 lectus,
1230 4435 1392 4488 magnamque
1413 4436 1499 4473 eorum
1513 4424 1564 4486 agri
1586 4427 1681 4487 partem
1700 4423 1830 4474 νωίοιίίτ
1849 4425 1884 4475 illl

1113 4529 1178 4579 enim
1191 4527 1285 4591 priores
1299 4526 1425 4588 superiore
1439 4539 1503 4576 anuo
1517 4525 1543 4573 ia
1562 4538 1648 4588 agrum
1660 4527 1795 4576 Romanum
1814 4523 1884 4575 irru-

1112 4639 1212 4702 perant,
1234 4636 1261 4683 et
1283 4646 1395 4697 maguam
1414 4631 1522 4695 praedam
1552 4630 1699 4695 abegerant,
1721 4643 1886 4694 magnamque

1112 4742 1238 4793 bominum
1250 4738 1343 4789 oedem
1354 4738 1471 4788 lecerunt.
1483 4735 1531 4787 Sed
1545 4750 1601 4786 cuno
1615 4746 1720 4800 mamus
1733 4736 1885 4787 exercitusa

1112 4845 1255 4896 Veientibus
1266 4842 1419 4899 maceretur,
1431 4843 1455 4889 et
1466 4843 1534 4889 trans
1545 4839 1635 4888 llumeu
1648 4837 1758 4889 Tiberim
1772 4837 1803 4888 ad
1814 4837 1885 4889 Fide·

1111 4965 1156 5001 aas
1169 4950 1376 5014 componeret,
1392 4945 1500 4997 Marcius
1512 4947 1604 5009 quanta
1625 4943 1732 4995 mamma
1745 4944 1828 5009 potuit
1841 4955 1884 4994 oe·

1113 5055 1207 5106 leritate
1222 5056 1311 5106 educto
1332 5055 1439 5105 exercitu
1457 5053 1564 5117 primum
1587 5050 1641 5101 sias
1659 5064 1761 5114 omues,
1786 5064 1837 5116 qua
1857 5048 1884 5101 in

1111 5174 1195 5225 εςειιιο
1208 5159 1277 5211 exire
1297 5160 1425 5223 poteraut,
1442 5156 1553 5220 equitatu
1576 5154 1727 5216 interclusit,
1749 5167 1800 5219 quo
1812 5152 1885 5218 louge
