4088 5936
242 383 303 444 arb

244 534 257 559 ιι
274 505 320 564 καὶ
336 504 424 586 μορφή
441 508 487 564 τοῦ
501 501 637 583 βασιλείου
650 500 739 581 γάνους
755 501 828 571 ἀξία.
870 500 909 565 Ἦ
921 502 1021 563 τούτων
1039 510 1042 517 ’

244 622 258 647 ιι
273 595 322 673 μίν
331 593 484 672 οάδίτερον,
498 597 516 665 ή
531 593 554 651 δ’
566 590 676 663 ἀσθενὴς
688 592 727 649 ἔτι
745 593 790 650 καὶ
801 591 869 652 πολὺ
885 591 1023 672 ἀπέχουσα

182 683 187 689 ’
244 712 258 738 ιι
272 688 318 743 τοῦ
332 683 434 762 φρονεῖν
448 681 482 739 ri
495 679 664 760 προσήκοντα
683 680 774 753 νεότης
793 680 914 761 μεθιλκει
930 705 975 755 σε,
990 683 1024 742 δι’

244 800 257 827 ιι
272 771 305 843 ἣν
319 772 367 828 οὐκ
383 769 463 836 ἀξιοῖς
477 769 511 828 τά
526 767 650 828 πολιτικά
669 769 795 848 πράττειν
807 789 814 843 ;
835 771 860 837 δς
874 771 904 829 ού
918 771 1023 840 πολλοῖς

201 888 214 924 ς
244 860 378 922 «ἀποδεῖς
398 855 469 915 ἔτεσι
489 856 717 929 πεντηκονταέτης
741 847 826 931 εἶναι,
851 857 980 938 κράτιστα
995 859 1023 919 δὲ

243 974 256 1001 ιι
272 948 404 1025 ἄνθρωποι
415 945 547 1026 πεφύκασι
562 952 664 1025 φρονεῖν
678 949 702 1004 oi
716 946 777 1025 περὶ
792 945 891 1020 ταύτην
905 947 1023 1021 μάλιστα

243 1064 256 1091 ιι
271 1035 405 1115 γενόμενοι
421 1035 469 1107 τήν
489 1033 608 1105 ἡλικίαν.
653 1033 742 1114 Φέρε,
767 1036 828 1093 ἀλλ’
848 1039 866 1106 i.
881 1040 927 1094 τοῦ
940 1036 1022 1096 κατί-

243 1154 256 1181 ιι
271 1148 363 1207 χοντος
379 1124 412 1183 τδι
429 1122 577 1205 πράγματα
590 1122 706 1200 εὐγένεια
719 1122 765 1182 καὶ
779 1128 796 1196 ἠ
811 1124 875 1203 πρὸς
887 1122 945 1207 τοῦς
958 1148 1023 1206 κρα-

242 1243 255 1268 ιι
270 1215 373 1280 τίστους
386 1215 437 1271 τῶν
447 1212 563 1271 πολιτῶν
582 1210 773 1288 ίπιτηδειότης,
788 1210 821 1270 δι’
831 1211 864 1284 ἢν
875 1213 922 1271 οῦκ
932 1214 1022 1272 ιύεπι-

189 1334 214 1373 ,η
242 1333 255 1358 ιι
268 1303 389 1385 χείρητάς
403 1305 489 1374 ἐστιν,
512 1299 652 1378 ἀνέχεσθαί
667 1322 698 1359 σε
717 1299 872 1379 ἀναγκάζεις
890 1301 959 1361 ἀλλά
975 1303 1022 1362 καί

242 1422 255 1447 ι
270 1397 355 1452 ταῦτα
367 1391 504 1473 ἀμφότερα
518 1393 606 1455 κακῶς
622 1388 717 1466 ἔχοντα
731 1391 804 1470 αὐτῷ
823 1390 962 1470 τυγχάνει,
976 1392 1022 1450 καί

241 1510 254 1535 ιι
271 1480 328 1542 ούδδ
350 1479 428 1546 αὐτὸς
452 1477 520 1538 αθτά
540 1500 571 1553 γε
585 1480 685 1558 ἀγνοεῖ.
703 1478 757 1538 Καὶ
775 1477 828 1553 μὴν
846 1479 864 1551 ἥ
885 1503 915 1557 γε
934 1481 1021 1558 τόλμα

241 1601 254 1625 ιι
269 1570 314 1631 καὶ
337 1570 368 1629 εδ
388 1566 566 1649 φιλοκίνδυνον
591 1566 676 1626 ἔνεστί
705 1589 752 1627 σου
772 1575 827 1636 τοῖς
847 1568 968 1647 τρόποις,
983 1560 1020 1629 ὧν

241 1687 254 1712 ιι
271 1658 386 1737 μάλιστα
407 1659 446 1738 τῷ
470 1654 617 1736 βασιλεύειν
638 1656 760 1732 μίλλοντι
789 1657 840 1715 δεῖ·
863 1658 978 1737 ὑπάρχει
992 1661 1022 1720 δι’

188 1786 212 1824 ¹5
241 1776 253 1801 ιι
269 1770 309 1808 σοι
331 1745 377 1805 καὶ
393 1748 504 1811 πλοῦτος
518 1744 607 1811 ἱκανὸς
620 1745 666 1804 καὶ
683 1744 754 1825 φιλοι
767 1746 859 1806 πολλοὶ
875 1747 925 1805 καὶ
940 1749 1020 1809 ἀλλαι

241 1863 254 1889 ιι
268 1834 332 1916 πρδς
353 1832 389 1893 τά
402 1831 539 1913 πράγματ’
558 1832 677 1913 ἀφορμαί
703 1833 801 1893 πολλαί
822 1837 867 1894 καί
890 1836 1017 1915 μεγάλαι.

240 1952 253 1978 ιι
267 1926 301 1986 Τί
311 1914 354 1985 ούν
365 1921 404 1983 ίτι
414 1922 521 1999 μέλλεις
533 1920 635 1980 καὶτὸν
647 1921 795 2000 αὗτόματον
805 1923 901 2005 ἐκδέχῃ
912 1925 1016 2004 καιρὸν,

232 2044 253 2087 ,ιι
270 2015 298 2075 δν
316 2013 373 2088 ἥξει
396 2036 437 2073 σοι
451 2009 537 2094 φίρων
551 2010 599 2083 τήν
625 2011 762 2091 βασιλείαν
785 2009 866 2088 μηδδν
886 2016 922 2081 είς
941 2020 1018 2075 τοῦτο

241 2132 254 2159 ιι
267 2099 550 2185 πραγματευσαμίνφνς
573 2101 642 2174 μετὰ
661 2099 712 2182 τὴν
733 2105 779 2158 τοῦ
802 2099 916 2162 Τυλλίου
932 2104 1017 2176 δήπου

183 2222 212 2264 ,0
241 2221 254 2247 ιι
268 2190 410 2264 τελευτήνς
428 2192 552 2269 ὡσπερὰν
566 2186 747 2266 ἀναμενούσης
760 2194 807 2262 τῆς
821 2190 904 2270 τύχης
916 2190 963 2259 τδς
975 2194 1019 2250 ἀν-

240 2310 253 2336 ι
271 2280 402 2361 θρωπίνας
419 2275 600 2354 μελλήσεις,ἣ
615 2281 662 2348 τῆς
680 2274 782 2358 φύσεως
800 2280 877 2355 ἡμῶν
896 2277 942 2346 τάς
955 2286 1015 2341 καθ’

240 2400 252 2426 ιι
269 2369 373 2443 ἠλικίαν
387 2365 491 2447 ίιιάστῳ
503 2366 627 2432 τελευτάς
638 2364 776 2446 φερούσης,
787 2365 847 2424 ἀλλ’
858 2368 906 2425 οὐκ
918 2370 944 2426 ίν
955 2371 1017 2443 ἀδή-

240 2488 252 2514 ιι
266 2462 306 2540 λῳ
320 2455 366 2517 καλ
380 2454 571 2535 δυστεκμάρτῳ
583 2453 652 2513 τέλει
662 2453 769 2511 πάντων
780 2457 831 2513 τῶν
848 2456 1014 2535 ἀνθρωπίνων

240 2576 252 2602 ιι
266 2544 433 2628 πραγμάτων
446 2540 584 2616 κειμίνων.
629 2540 702 2622 Ἐρῶ
719 2539 751 2613 δὴ
770 2541 840 2618 μετά
854 2544 1015 2622 παρρησίας,

184 2677 211 2716 ,γ
239 2664 252 2689 ιι
267 2635 312 2694 καὶ
326 2632 351 2692 εἴ
364 2654 398 2707 με
418 2629 509 2711 φήσεις
523 2633 664 2708 θρασεῖαν,
688 2628 719 2687 τδ
739 2629 831 2688 δοκοῦν
847 2627 930 2689 αίτιον
948 2622 1016 2692 εἶναί

239 2752 252 2779 ι
267 2747 312 2801 μοι
324 2728 369 2782 τοῦ
383 2722 514 2798 μηδεμιᾶς
524 2717 660 2799 ὀρίγεσθαί
672 2740 701 2776 σε
710 2717 777 2793 μήτε
786 2717 936 2798 φιλοτιμίας
948 2720 1017 2797 μήτε

239 2842 252 2869 ιι
267 2812 352 2886 δόξης.
397 2808 468 2881 Γυνή
483 2832 528 2868 σοι
543 2806 649 2867 σύνεστι
667 2806 748 2885 μηδὲν
769 2811 868 2868 letania
890 2818 945 2879 τοῖς
962 2816 1015 2881 σοῖς

239 2929 253 2957 ιι
269 2898 424 2983 τρόποις,ἥ
449 2922 478 2957 σε
502 2898 619 2969 κηλοῦσα
641 2895 687 2953 καὶ
708 2894 857 2978 κατᾴδουσα
881 2900 1017 2974 μαλθακὸν

225 3020 253 3046 1ιι
268 2991 432 3060 ἀποδέδωκε,
444 2987 491 3046 καλ
503 2984 592 3057 λήσεις
607 2988 653 3043 ὑπ’
673 2989 753 3055 αὐτῆς
773 2985 909 3064 γενόμενος
925 2986 951 3057 ii
967 2991 1015 3049 ἀν-

181 3109 209 3149 30
240 3107 253 3133 ιι
270 3078 329 3160 δρδς
351 3078 381 3137 τὸ
399 3074 490 3154 μηδίν·
506 3072 597 3147 ὥσπερ
611 3095 640 3149 γε
661 3072 745 3149 κάμοί
769 3075 898 3154 ψοφοδεὴς
914 3076 959 3135 καὶ
973 3080 1017 3138 ού-

239 3195 252 3223 ιι
267 3168 309 3228 δίν
324 3168 343 3225 ί·
356 3190 392 3226 ων
408 3163 499 3244 ἀνδρὸς
512 3161 598 3240 ἀνήρ,
619 3163 647 3228 ὃς
661 3187 694 3239 με
713 3161 839 3234 ταπεινήν
851 3172 920 3224 ποιεῖ
932 3168 1014 3243 μιγά-

182 3309 184 3313 .
237 3283 250 3310 ιι
263 3258 316 3314 λων
330 3278 411 3313 ουσαν
426 3252 501 3321 ἀξίαν
514 3250 560 3311 καλ
572 3251 657 3322 καλήν
675 3250 705 3309 τδ
718 3253 817 3329 σῶμα,
834 3260 1012 3332 μαρανθεῖσαν

237 3370 250 3395 ιι
265 3342 288 3400 δ’
301 3341 345 3400 ὑπ’
360 3343 449 3400 αὐτοῦ.
493 3342 527 3400 Ei
544 3339 567 3397 δ’
590 3336 721 3415 ἐξεγένετο
743 3337 784 3396 σοί
805 3362 834 3398 τε
854 3339 944 3401 λαόιῖν
966 3344 1013 3418 ἐμὲ

237 3459 250 3485 ιι
264 3439 386 3507 γυναῖκα,
397 3427 478 3505 κάμοί
497 3432 543 3486 σοῦ
556 3428 644 3506 τυχεῖν
660 3427 762 3506 ἀνδρὸς,
778 3429 825 3486 οὐκ
836 3426 867 3486 ἀν
882 3432 908 3489 ἰν
921 3433 1011 3513 ἰδιώτῃ

228 3516 250 3571 ἰι
267 3517 316 3598 βίῳ
331 3521 452 3576 τοσοῦτον
468 3514 625 3593 διεζήσαμεν
634 3514 738 3594 χρόνον.
764 3517 790 3575 Τ
792 3514 801 3573 ί
815 3505 858 3573 οῦν
873 3518 920 3576 οὐκ
932 3518 1013 3579 ίπαν-

237 3634 250 3660 ιι
265 3606 410 3687 ορθούμεθα
423 3605 453 3663 τὸ
466 3608 514 3677 τῆς
528 3604 610 3684 τύχης
622 3604 763 3679 ίλάττωμα
782 3607 857 3682 ήμεῖς
869 3608 1015 3688 μεταθέμε-

236 3724 249 3749 ιι
264 3719 303 3756 νοι
314 3693 372 3763 τούς
382 3693 490 3771 γάμους,
500 3692 546 3752 καὶ
557 3691 588 3751 σύ
595 3690 642 3768 μίν
651 3692 828 3760 ἀπαλλάττεις
839 3698 884 3753 τοῦ
896 3694 953 3774 βίου
963 3700 1011 3774 τήν

236 3814 248 3838 ιι
263 3788 362 3845 σαυτοῦ
374 3792 486 3860 γυναῖκα
498 3816 509 3855 ,-
522 3780 575 3859 ἐγὼ
589 3781 616 3840 δὲ
630 3781 661 3841 ab
679 3780 743 3840 αῦτδ
758 3781 875 3854 διαθήσω
887 3784 933 3843 τὸν
948 3788 1011 3866 ίμδν

235 3904 247 3929 ιι
263 3874 360 3955 ἀνδρας
373 3873 435 3934 ὅταν
451 3871 480 3931 di
493 3871 592 3930 τούτων
604 3869 831 3951 διαχειρισθέντων
846 3872 1011 3955 συνίλθωμεν

235 3991 248 4016 ιι
262 3967 298 4032 τίς
313 3965 343 4021 τὸ
364 3962 442 4035 αύτδ,
462 3962 587 4042 ἀσφαλῶς
610 3959 661 4032 ἤδη
676 3959 710 4017 τά
723 3958 803 4017 λοιπά
820 3960 1009 4042 βουλεύσομεν,

234 4078 247 4105 ιι
262 4050 380 4111 ἐκποδὼν
393 4051 566 4122 πεποιημένοι
577 4046 612 4107 τδι
625 4051 757 4106 λυποῦντα
768 4050 848 4127 ἡμᾶς.
894 4049 948 4110 Καὶ
959 4054 1010 4134 γάρ

234 4166 247 4191 ιι
261 4137 307 4198 liv
323 4142 409 4199 τᾶλλα
423 4164 462 4208 τις
474 4142 573 4200 ἀδικεῖν
589 4143 653 4223 ὀκνῇ
659 4189 668 4217 ,
683 4143 820 4223 βασιλείας
840 4168 871 4223 γε
888 4143 966 4227 χάριν
980 4146 1010 4205 οδ

234 4256 246 4282 ιι
262 4226 366 4305 νίμτσις
379 4229 484 4288 άπαντα
497 4233 609 4306 τολμᾶν.
625 4258 638 4284 ν

273 4319 365 4381 XXX.
387 4320 507 4378 Τοιαῦτα
529 4323 577 4391 τῆς
599 4320 716 4389 Τυλλίας
736 4323 879 4402 λεγούσης,
899 4323 1014 4400 ἀσμενος

176 4430 204 4470 ts
232 4408 337 4487 δέχεται
357 4405 404 4473 τάς
426 4406 538 4485 αἱρέσεις
555 4411 570 4466 δ
593 4409 754 4488 Ταρκύνιος,
771 4411 818 4473 καί
838 4410 935 4470 αὖτίκα
954 4412 1013 4479 δοῦς

232 4499 298 4573 αὐτῇ
314 4494 415 4561 πίστεις
435 4493 598 4569 introibo,
617 4497 652 4555 τδι
668 4499 806 4578 προτέλεια
830 4504 882 4559 τῶν
902 4500 1013 4560 ἀνοσίων

231 4583 323 4662 γάμων
350 4581 561 4663 διαπραξάμενος
590 4585 745 4668 ἀπέρχεται.
809 4587 960 4656 Διελθόντος
983 4588 1010 4647 δὲ

230 4675 259 4732 οὐ
274 4676 372 4734 πολλοῦ
394 4671 463 4750 μιτά
482 4678 567 4732 ταῦτα
589 4674 700 4755 χρόνον,
723 4680 779 4744 τοῖς
798 4677 885 4743 αὐτοῖς
902 4677 1010 4737 πάθεσιν

231 4766 440 4837 ἀποθνήσκουσιν
455 4762 512 4836 ἥτε
526 4763 692 4845 πρισύυτίρα
704 4768 757 4824 τῶν
771 4765 885 4827 Τυλλίου
900 4767 1011 4840 θυγιιτί·

174 4873 204 4914 εο
232 4877 299 4929 ρων,
311 4853 356 4912 καλ
370 4854 520 4934 δνειύτερος
533 4858 586 4913 τῶν
599 4854 766 4934 Ταρκυνίων.
811 4853 944 4917 Ἐνταῦθα
958 4855 1010 4914 πά-

229 4943 271 5000 λιν
283 4943 467 5020 ἀναγκάζομαι
482 4948 631 5021 μεμνῆσθαι
647 4942 775 5017 absilon,
790 4945 836 5004 καὶ
853 4943 883 5004 τὸ
896 4943 1010 5025 ῥάθυμον

230 5031 310 5088 αι’ντοῦ
326 5032 386 5106 περὶ
398 5029 447 5101 τήν
463 5030 580 5099 ίξίτασιν
596 5035 648 5092 τῶν
662 5031 766 5112 χρόνων
783 5028 911 5114 ἀλίγχειν.
946 5030 1011 5092 Ἐπί

227 5119 279 5197 γδιρ
298 5120 344 5188 τῆς
365 5117 498 5198 Ἀρρύντος
521 5122 644 5192 τελευτῆς
668 5120 820 5198 γενόμενος,
846 5125 876 5181 οῦ
899 5123 959 5180 καθ’
981 5120 1009 5179 ἓν

227 5203 376 5285 ἁμαρτάνει
394 5206 488 5282 μόνον,
513 5206 587 5267 δκαδ
606 5205 732 5286 πρότερον
754 5206 832 5288 ίφην,
855 5208 895 5267 ὅτι
909 5206 1008 5287 γίγραε

761 378 930 441 broulsll
952 378 1341 443 flnntcnnnnssttnsts

1080 531 1093 555 ι
1108 511 1171 562 time
1188 514 1237 563 orti
1258 517 1333 575 sunt';
1353 511 1425 564 adest
1440 516 1465 564 et
1483 511 1564 565 forma
1584 514 1651 579 regia
1672 530 1761 581 genere
1774 516 1857 582 digna.

1080 626 1091 654 ιι
1108 612 1146 658 nn
1157 607 1221 661 torte
1229 610 1446 662 horumneutrum
1456 616 1577 663 ternccet
1586 612 1764 674 sedinrentus‚
1776 615 1860 668 adbuc

1079 724 1092 748 ι
1107 704 1203 756 ἰαίνεται
1215 710 1242 757 et
1253 720 1268 757 a
1279 708 1355 759 rectis
1368 708 1478 759 consiliis
1495 708 1579 760 adbuc
1596 709 1669 774 longe
1681 717 1791 769 remota.
1810 713 1859 765 im-

1079 821 1092 844 ι
1109 801 1179 866 pedit
1192 807 1229 862 te,
1249 818 1301 869 quo
1316 805 1400 856 minus
1411 805 1444 856 ad
1462 805 1606 870 reipublicae
1620 806 1860 862 administrationem

1079 921 1091 946 ι
1106 902 1225 954 accedere
1236 903 1314 965 velis,
1331 905 1377 969 qui
1394 920 1443 956 non
1461 906 1532 971 leuge
1545 907 1612 958 absis
1628 909 1860 976 aquinquagesimo

1078 1016 1091 1040 ιι
1106 997 1278 1050 aetabssnnol
1289 1001 1500 1053 Hominesantem
1515 1004 1561 1068 qni
1570 1004 1746 1057 bancoetatem
1756 1007 1860 1073 ingressi

1080 1113 1092 1137 ι
1105 1096 1174 1154 sunt,
1185 1095 1317 1158 prudentia
1326 1111 1404 1162 quam
1414 1100 1522 1151 maxime
1533 1101 1614 1153 solent
1626 1103 1716 1156 valere.
1754 1111 1791 1157 An
1805 1108 1861 1160 eius

1079 1211 1092 1236 ι
1105 1192 1150 1257 qui
1161 1205 1265 1258 regnum
1279 1197 1348 1245 tenet
1368 1196 1496 1258 noitilitas,
1514 1203 1540 1250 et
1552 1200 1692 1267 gratiaque
1703 1204 1781 1268 pollet
1792 1205 1860 1271 apud

1078 1310 1091 1333 ι
1106 1288 1254 1354 optimates,
1264 1304 1315 1355 qna
1329 1293 1399 1355 tit2ut
1408 1293 1477 1346 baud
1486 1293 1559 1347 facile
1570 1297 1657 1349 invadi
1668 1300 1756 1364 possit,
1768 1304 1794 1352 te
1804 1302 1860 1353 brec

1079 1408 1091 1431 ι
1105 1387 1157 1452 pati
1173 1386 1257 1460 cogit?
1276 1390 1353 1454 Atqui
1371 1389 1420 1441 hec
1434 1405 1536 1458 quoquc
1549 1397 1685 1461 utrumque
1702 1397 1739 1447 illi
1754 1399 1819 1450 male
1832 1414 1859 1451 se

1078 1508 1090 1531 ι
1106 1486 1194 1544 babet,
1210 1485 1238 1536 id
1256 1486 1324 1551 quod
1345 1487 1397 1553 ipae
1408 1489 1475 1540 baud
1489 1490 1594 1555 ignorat.
1628 1494 1739 1547 Audacia
1757 1511 1817 1548 vero
1835 1501 1860 1549 et

1079 1606 1091 1629 ι
1106 1583 1272 1650 periculorum
1291 1589 1442 1653 contemptio
1460 1590 1511 1640 tuis
1531 1591 1643 1643 nuribus
1664 1594 1744 1653 ineat,
1767 1595 1861 1660 quibm

1078 1702 1091 1726 ιι
1105 1681 1215 1732 menime
1224 1694 1288 1747 opus
1298 1687 1337 1734 est
1346 1685 1377 1743 ei.
1391 1686 1437 1751 qul
1450 1693 1599 1751 regnaturus
1606 1694 1653 1741 est.
1664 1693 1728 1743 sunt
1740 1696 1859 1757 praterea

1079 1799 1091 1823 ι
1106 1776 1153 1828 tibi
1168 1777 1230 1829 sotis
1240 1780 1331 1845 ampla
1345 1795 1405 1847 opes
1419 1788 1444 1834 et
1456 1783 1530 1835 amici
1539 1786 1613 1838 multi
1627 1790 1653 1837 et
1665 1788 1745 1839 multa
1756 1790 1805 1841 alia
1818 1796 1861 1842 at·

1079 1897 1092 1921 ι
1108 1889 1159 1942 que
1170 1890 1259 1941 magna
1272 1877 1305 1927 ad
1319 1892 1372 1930 rem
1392 1880 1584 1946 aggrediendam
1600 1882 1760 1937 adminicula.
1792 1889 1860 1948 Quid

1079 1992 1092 2016 ι
1107 1971 1184 2036 tgttur
1196 1969 1280 2022 adbuc
1290 1975 1429 2036 cunctaris,
1443 1980 1469 2027 et
1483 1982 1612 2043 exspectas
1623 1981 1786 2043 occasionem,
1800 1999 1860 2049 qum

1076 2082 1130 2119 ase
1149 2068 1195 2120 tibi
1217 2069 1285 2119 ultro
1300 2070 1401 2131 atterat,
1420 2072 1516 2139 tibique
1539 2076 1599 2126 nibil
1620 2078 1731 2130 molienti
1752 2093 1857 2146 regnum

1079 2191 1092 2215 ιι
1104 2167 1210 2219 alferat?
1219 2182 1252 2219 an
1261 2166 1325 2219 farte
1334 2174 1391 2234 post
1399 2170 1475 2221 Tullii
1487 2171 1680 2239 obitumtquasi
1688 2190 1748 2227 vero
1758 2177 1859 2232 fortuna

1078 2282 1090 2306 ι
1102 2261 1226 2312 humanas
1234 2262 1406 2313 cunctationes
1415 2266 1548 2329 exspectet,
1561 2269 1605 2316 aut
1619 2272 1707 2320 natura
1720 2273 1804 2321 nostra
1813 2285 1861 2337 pro
1897 2244 1905 2251 Ι

1077 2375 1091 2399 ι
1104 2355 1225 2418 cuiusque
1237 2358 1310 2406 aetate
1329 2356 1403 2407 tinem
1415 2357 1475 2409 vitae
1489 2359 1615 2425 imponat,
1637 2376 1720 2428 neque
1731 2363 1789 2416 linis
1804 2380 1859 2418 om·

1078 2466 1090 2489 ι
1106 2446 1175 2497 nium
1185 2459 1269 2497 rerum
1281 2446 1448 2499 humanarum
1461 2451 1572 2504 incertus
1588 2455 1710 2520 sititque
1724 2444 1858 2512 obscurus.

1078 2559 1090 2582 ι
1103 2537 1190 2589 bibere
1203 2541 1286 2589 tamen
1296 2539 1391 2599 dicam.
1407 2541 1466 2593 licet
1474 2557 1515 2595 me
1523 2559 1598 2597 rocas
1607 2548 1738 2613 audacem,
1753 2550 1779 2602 id
1791 2552 1860 2617 quod

1077 2650 1090 2674 ι
1103 2629 1165 2680 mibi
1180 2629 1279 2680 ridetur
1293 2631 1320 2681 iu
1335 2646 1424 2684 caussa
1436 2649 1506 2697 esse,
1529 2652 1574 2689 cur
1591 2642 1623 2690 ab
1637 2642 1705 2692 omni
1722 2644 1860 2697 ambitione

1065 2725 1091 2767 ἰι
1107 2721 1240 2774 abhorreas
1254 2727 1280 2775 et
1299 2727 1410 2791 aglcrian
1425 2730 1539 2796 cupidine
1551 2737 1651 2784 tanturn
1666 2734 1742 2787 absis.
1776 2739 1861 2790 llabcs

1077 2834 1090 2858 ιι
1105 2813 1171 2865 enlm
1191 2829 1295 2867 uxorem
1313 2819 1425 2872 rnoribus
1442 2823 1493 2873 tuis
1509 2837 1611 2889 prorsus
1623 2826 1787 2891 dissimilem,
1799 2844 1859 2895 quaa

1077 2927 1090 2953 ιι
1105 2909 1131 2957 te
1146 2906 1199 2959 suis
1213 2907 1335 2963 illecebris
1347 2917 1374 2964 et
1396 2914 1605 2969 incantationibus
1618 2921 1728 2983 emollit,
1743 2926 1769 2972 et
1780 2935 1795 2972 a
1806 2937 1859 2988 qua

1076 3035 1089 3059 ι
1101 3027 1130 3065 ex
1146 3013 1200 3062 viro
1217 3008 1250 3060 ad
1272 3007 1378 3059 nibilum
1397 3012 1423 3059 te
1436 3009 1515 3073 redigi
1537 3014 1632 3072 nescim
1647 3015 1859 3078 quemadmodum

1077 3125 1090 3148 ι
1105 3104 1166 3155 mihi
1176 3114 1277 3169 quoque
1287 3103 1326 3151 est
1338 3098 1445 3150 maritus
1455 3100 1559 3151 timidus
1568 3106 1594 3152 et
1605 3102 1650 3166 qui
1662 3103 1723 3154 nibil
1734 3105 1807 3156 virile
1816 3105 1861 3156 ba·

1076 3216 1089 3241 ιι
1103 3196 1161 3253 bet,
1181 3195 1226 3260 qui
1236 3208 1277 3244 me
1295 3193 1378 3257 ampla
1395 3191 1494 3243 fertum
1510 3193 1609 3258 diguam
1623 3194 1763 3260 depremit,
1779 3202 1806 3249 et
1818 3213 1859 3249 mc

1076 3307 1089 3331 ι
1101 3285 1198 3350 egregia
1211 3283 1290 3334 torma
1309 3282 1439 3346 praeditam
1457 3283 1581 3336 tabefacit.
1615 3287 1721 3345 Quodsi
1738 3289 1784 3340 tibi
1797 3304 1861 3340 cm·

1076 3397 1089 3422 ιι
1105 3378 1201 3443 tigisset
1215 3379 1245 3425 ut
1260 3389 1301 3425 me
1314 3388 1418 3425 niumm
1439 3375 1560 3436 duceres,
1579 3382 1604 3428 ct
1620 3379 1681 3430 mibi
1700 3384 1730 3431 ut
1743 3385 1768 3433 te
1782 3384 1860 3434 mari·

1078 3491 1090 3514 ιι
1103 3473 1158 3520 tum
1170 3467 1302 3525 haberem,
1319 3469 1387 3517 certe
1398 3479 1447 3517 nun
1459 3470 1510 3517 tam
1520 3468 1563 3520 diu
1576 3471 1668 3535 privati
1684 3473 1844 3526 risissemus.

1108 3587 1120 3609 ιι
1136 3566 1202 3625 Quin
1211 3566 1285 3631 igitur
1302 3563 1409 3616 fortunae
1422 3577 1530 3615 errorem
1542 3570 1638 3616 nosmet
1651 3566 1698 3629 ipsi
1713 3568 1862 3631 corrigimus

1077 3678 1089 3701 ι
1106 3660 1245 3723 permutato
1266 3656 1393 3720 coniugio.
1418 3659 1444 3706 et
1467 3657 1495 3706 tu
1511 3670 1613 3707 uxorem
1633 3660 1703 3708 tuam
1724 3661 1756 3711 de
1777 3660 1861 3713 medio

1076 3774 1090 3801 ι
1104 3754 1184 3817 tollis,
1199 3767 1244 3818 rgo
1262 3765 1322 3802 vero
1343 3749 1431 3800 eodem
1443 3746 1519 3798 modo
1533 3748 1651 3798 maritum
1661 3762 1746 3800 meum
1760 3752 1864 3802 tracte?

1077 3869 1087 3891 ι
1102 3848 1165 3898 cum
1177 3859 1236 3895 vero
1247 3845 1286 3895 bis
1297 3842 1428 3893 exstinctis
1442 3839 1565 3891 coniuncti
1583 3839 1715 3900 fuerimus,
1730 3844 1791 3892 tunc
1804 3844 1862 3893 tuto

1074 3960 1086 3985 ι
1101 3939 1133 3990 de
1143 3936 1245 4003 reliquis
1255 3934 1458 3992 consultabimus‚
1481 3933 1589 3982 emedio
1598 3932 1702 3984 sublatis
1713 3934 1859 3995 obstaculis,

1074 4051 1086 4076 ι
1100 4047 1158 4099 quas
1167 4033 1238 4084 nobis
1250 4031 1354 4082 molesta
1377 4031 1444 4078 sunt.
1477 4025 1586 4076 Etenim
1605 4025 1627 4075 si
1643 4025 1700 4089 quis
1713 4027 1768 4078 aliis
1779 4027 1805 4077 in
1815 4041 1861 4078 re·

1073 4123 1148 4175 abus
1164 4124 1202 4176 ius
1220 4123 1314 4174 violare
1332 4124 1441 4179 veretur,
1456 4116 1573 4182 regnandi
1591 4120 1675 4168 tamen
1692 4118 1772 4184 gratia
1783 4118 1860 4184 quid-

1074 4233 1086 4256 ι
1100 4214 1138 4264 ris
1153 4214 1246 4265 audere
1264 4211 1303 4263 ias
1315 4213 1361 4262 est.
1375 4226 1387 4257 u

1101 4344 1173 4394 xlix.
1193 4346 1253 4395 llaec
1266 4339 1364 4394 dicente
1377 4338 1470 4396 Tullia.
1487 4336 1638 4401 Tarquinius
1652 4336 1758 4388 libenter
1769 4335 1857 4388 condi·

1069 4439 1148 4490 tiones
1157 4439 1212 4490 illas
1226 4438 1320 4503 accepit
1330 4457 1336 4497 ς
1347 4440 1375 4490 et
1387 4436 1471 4487 statim
1480 4434 1541 4485 data
1555 4433 1603 4484 fide
1620 4438 1646 4484 et
1658 4435 1765 4499 accepta,
1780 4437 1860 4499 atque

1070 4534 1221 4586 nefariarum
1237 4535 1379 4600 nuptiarum
1395 4531 1512 4598 primitiis
1529 4530 1687 4596 impetratis,
1701 4530 1771 4581 abiit.
1802 4533 1857 4581 non

1067 4633 1147 4684 multa
1167 4636 1252 4684 autem
1270 4636 1327 4697 post
1348 4630 1434 4681 ιιιοτθο
1455 4628 1543 4680 eodem
1565 4632 1592 4678 et
1612 4627 1691 4678 maier
1710 4625 1787 4677 rutlii
1806 4627 1857 4678 iilia

1068 4734 1095 4781 et
1107 4729 1257 4795 Tarquinius
1273 4728 1353 4779 minor
1374 4727 1497 4780 obterunt.
1532 4729 1614 4791 Atque
1636 4725 1684 4775 boc
1700 4725 1755 4775 loon
1767 4737 1860 4776 rursus

1065 4840 1140 4891 cogar
1153 4826 1221 4877 Fabii
1238 4825 1388 4877 mentionem
1405 4823 1500 4886 iacere,
1515 4827 1542 4874 et
1563 4823 1617 4874 cius
1638 4821 1812 4886 negligentiam
1830 4822 1856 4872 in

1066 4925 1207 4988 temporum
1222 4924 1400 4989 supputatione
1423 4921 1580 4986 redarguere.
1613 4919 1718 4971 aruntis
1737 4918 1805 4970 enim
1821 4919 1858 4969 iu·

1065 5020 1167 5072 teritum
1188 5035 1307 5081 namans,
1325 5034 1373 5071 non
1388 5020 1465 5071 semel
1484 5022 1582 5070 tanturn
1598 5022 1684 5084 peccat
1701 5019 1748 5082 (ut
1761 5020 1789 5069 et
1797 5020 1856 5069 ante

1068 5116 1138 5182 dixi)
1154 5118 1222 5184 quod
1240 5118 1326 5170 scribit
1342 5121 1462 5168 aruntem
1480 5117 1610 5183 Tarquinii
1630 5118 1710 5168 lilium
1724 5130 1793 5174 esse.
1811 5116 1856 5167 sed

1064 5217 1140 5268 etiam
1151 5216 1251 5275 iterum.
1266 5216 1333 5283 qued
1351 5216 1422 5268 illurn
1438 5214 1586 5268 defunctum
1603 5219 1710 5268 amatre
1720 5212 1856 5281 tanaquilis
