4068 5924
631 422 926 494 ANTIQUlTATUM
948 423 1094 486 ROMAN.
1116 426 1190 488 LIB.
1214 429 1263 489 lli.

149 547 266 626 μνούσης
281 548 333 628 γδιρ
345 548 454 622 ἥδητῆς
470 549 625 627 Ῥωμαῖκῆς
641 551 776 632 φάλαγγος
793 552 925 611 καὶκατὰ

149 634 182 695 τὸ
208 636 344 718 ἀριστερὸν
372 635 450 716 κέρας
475 640 742 719 παραρρηγνυμένης,
772 639 867 717 μαθών
895 640 925 700 τὸ

150 725 285 803 γινόμενον
323 723 465 800 ἐλάττωμα
492 728 553 806 περὶ
585 727 642 794 τοὺς
674 730 821 809 σφετέρους·
849 729 927 809 έτυχε

152 813 179 872 δέ
203 812 264 873 τότε
301 812 450 893 μαχόμενος
482 815 526 872 έπὶ
558 820 603 874 τοῦ
627 812 710 883 δεξιοῦ
733 816 851 895 κέρατος·
879 816 927 883 τὰς

12 950 14 967 ,
107 912 122 949 ὓ
149 901 292 980 κρατίστας
317 904 371 961 τῶν
397 901 499 961 ίππέων
527 902 585 969 ἴλας
613 903 774 982 ἐπιστρέψας
802 903 849 962 καί
874 907 925 962 τῶν

12 986 13 989 “
149 993 235 1060 πεζῶν
259 988 319 1057 τυδς
348 989 539 1064 ἀκμαιοτάτους
563 989 702 1049 ἀναλαόὼν
722 984 770 1070 Ινψγε
790 990 926 1050 κατθῐνώ-

149 1102 197 1138 του
224 1082 268 1149 τῆς
291 1080 387 1136 ἑαυτοῦ
411 1086 550 1156 στρατιᾶς,
572 1078 618 1137 καί
637 1078 810 1158 παραλλάξας
826 1079 927 1160 τὀἀρι·

12 1200 13 1219 ;
113 1230 118 1236 ,
150 1166 241 1246 στερθν
256 1164 332 1244 κέρας
345 1164 457 1238 ἤλαυνεν
478 1165 516 1224 έτι
530 1166 689 1247 προσωτέρω
714 1171 759 1237 τῆς
778 1168 922 1246 φάλαγγος.

148 1249 254 1315 'Enete’
268 1254 427 1336 ίπιστρέψας
449 1254 493 1312 ἐπὶ
508 1254 570 1334 δόρυ
584 1256 630 1313 καί
643 1255 676 1314 τά
690 1254 784 1333 κέντρα
805 1255 926 1335 προσόα-

94 1358 123 1399 10
148 1339 202 1401 λῶν
225 1350 278 1408 τοῖς
302 1339 393 1409 ίπποις
411 1344 448 1408 είς
481 1342 607 1418 πλαγίους
633 1342 762 1419 tottila
789 1342 849 1409 τοὺς
875 1346 927 1401 τῶν

149 1433 295 1512 Τυρρηνῶν
309 1430 409 1510 λόχους·
422 1422 492 1490 ούτοι
505 1431 555 1511 γάρ
566 1429 610 1490 ἀπί
622 1436 668 1490 τοῦ
683 1429 766 1499 δεξιοῦ
778 1434 830 1489 τῶν
843 1435 924 1492 πολε-

150 1519 217 1598 μίων
243 1519 389 1601 μαχόμενοι
410 1518 519 1596 κέρατος
542 1519 685 1599 ἐτρέψαντο
706 1516 766 1586 τοὺς
786 1517 845 1583 καθ’
867 1522 928 1579 tco-

149 1608 218 1676 ναός·
243 1608 376 1689 ίπιφανεὶς
390 1608 414 1665 δ’
429 1608 515 1674 αὐτοῖς
535 1607 733 1687 ἀπροσδόκητος
755 1608 855 1679 πολλὴν
880 1607 925 1668 ίκ·

150 1697 245 1768 σληίιν
260 1696 306 1756 καί
327 1695 448 1776 ταραχὴν
467 1696 609 1775 παρέσχεν.
629 1695 676 1756 Ἐν
690 1696 718 1754 δέ
734 1694 818 1776 τούτῳ
843 1696 888 1755 καί
911 1701 928 1770 ἡ

98 1799 122 1837 ¹⁸
150 1787 216 1860 πεζὴ
237 1790 290 1845 τῶν
306 1784 450 1863 Ῥωμαίων
473 1785 581 1863 δύναμις
601 1784 763 1844 ἀναλαόοῦσ’
783 1783 878 1856 έαυτλν
899 1788 928 1845 έκ

150 1881 195 1934 ταῶ
225 1874 353 1953 προτέρου
382 1872 502 1949 δείματος
527 1874 563 1939 είς
591 1870 713 1933 ἀντίπαλ’
743 1871 854 1951 έχώρει,
883 1876 929 1932 καί

152 1961 220 2040 μιτθ
238 1967 314 2021 τοῦτο
329 1959 405 2042 φόνος
427 1983 456 2019 τε
472 1958 554 2025 πολύς
575 1963 626 2017 τῶν
651 1963 794 2041 Τυρρηνῶν
812 1961 926 2039 έγίνετο,

151 2050 197 2111 καί
210 2050 296 2130 τροπὴ
312 2056 357 2109 τοῦ
368 2048 450 2119 δεξιοῦ
463 2049 571 2128 κέρατος
585 2050 725 2121 παντελής.
779 2049 928 2129 Ταρκύνιος

151 2140 179 2200 δέ
193 2143 250 2208 τοῖς
274 2137 388 2216 ἡγεμόσι
401 2141 452 2196 τῶν
479 2141 564 2206 πεζῶν
583 2139 732 2197 ἀκολουθεῖν
750 2138 876 2205 κελεύσας
900 2141 927 2199 έν

96 2248 122 2285 so
150 2230 244 2309 κόσμῳ
262 2227 308 2286 καί
321 2227 423 2306 βάδην,
440 2227 516 2293 αὐτὸς
533 2226 577 2284 ἐπὶ
595 2226 625 2285 τὸ
639 2223 818 2304 στρατόπεδον
833 2226 929 2307 ίχώρει

149 2319 180 2380 τὸ
192 2322 244 2377 τῶν
266 2315 416 2393 πολεμίων,
437 2314 553 2373 ἐλαύνων
574 2313 633 2382 τοὺς
646 2314 743 2382 ίππους
760 2314 809 2371 etl
823 2315 927 2394 spelaeo·

151 2407 250 2488 φθάσας
274 2404 302 2463 δέ
327 2403 387 2471 τοὺς
401 2407 432 2463 tx
454 2407 501 2471 τῆς
521 2407 618 2481 τροπῆς
642 2402 855 2478 ἀνασωζομένους
879 2405 928 2477 έγ-

151 2493 249 2574 κρατὴς
267 2492 369 2569 γίνεται
384 2498 429 2551 τοῦ
450 2490 568 2570 χάρακος
583 2488 655 2556 εὐθὺς
670 2489 695 2557 ἐξ
709 2491 812 2570 ἐφόδου.
829 2492 865 2551 Oi
876 2489 929 2572 γάρ

154 2586 180 2641 ίν
194 2585 264 2663 αθτῶ
278 2576 497 2661 καταλειφθέντες
517 2577 577 2639 οὔτε
592 2580 639 2649 τὴν
663 2584 851 2657 κατασχοῦσαν
869 2577 928 2646 τοὺς

95 2694 121 2729 ετ,
156 2671 290 2751 σφετέρους
304 2670 441 2751 συμφοράν
457 2666 666 2748 προεγνωκότες,
683 2665 743 2726 ούτε
758 2666 818 2734 τοὺς
840 2691 929 2746 προσ-

156 2759 238 2826 ιόντας
261 2762 346 2825 ἱππεῖς
364 2756 493 2836 γνωρίσαι
508 2756 551 2813 διδ
572 2756 602 2813 τό
620 2755 752 2834 αἰφνίδιον
768 2759 814 2824 τῆς
830 2755 927 2834 ἐφόδου

152 2846 313 2919 δυνηθέντες,
332 2844 425 2904 είασαν
442 2842 535 2910 αύτούς
556 2832 708 2922 παρελθεῖν.
753 2842 880 2914 Ἁλούσης
895 2844 923 2903 δέ

155 2940 196 3009 τῆς
209 2940 378 3016 παρασκευῆς
400 2939 452 2994 τῶν
466 2932 604 3007 Λατίνων,
621 2935 645 2990 οί
662 2930 710 3009 μίν
736 2934 929 3011 ἀναχωροῦντες

150 3026 180 3081 έκ
205 3030 252 3095 τῆς
269 3028 367 3102 τροπῆς
387 3026 423 3090 ὡς
437 3024 473 3089 εἰς
494 3022 607 3102 ἀσφαλῆ
630 3017 784 3099 καταφυγὴν
806 3019 857 3077 ύπὸ
875 3024 928 3078 τῶν

94 3134 119 3178 n
151 3109 374 3188 καταλαόομένων
400 3113 482 3181 αὐτὴν
496 3109 598 3170 ἱππέων
621 3108 787 3167 ἀπώλλυντο·
811 3110 835 3167 ol
856 3110 879 3166 δ’
898 3109 930 3166 ίκ

153 3208 200 3261 τοῦ
219 3199 395 3280 στρατοπέδου
416 3199 519 3279 φεύγειν
543 3197 707 3278 ὁρμήσαντες
732 3198 767 3262 είς
787 3195 817 3255 τθ
840 3197 928 3256 πεδίον

154 3288 206 3363 ὓπδ
224 3293 271 3361 τῆς
291 3286 447 3364 Ῥωμαῖκῆς
461 3286 594 3369 φάλαγγος
612 3285 692 3360 ὁμόσε
706 3282 842 3363 χωρούσης
864 3283 929 3342 ἀπέ-

153 3386 274 3454 θνησκον·
288 3383 312 3439 οί
327 3379 355 3439 δέ
368 3378 472 3444 πλείους
492 3379 577 3435 αὐτῶν
591 3372 735 3450 ὠθούμενοί
747 3377 770 3431 θ’
785 3374 829 3430 ὑπ’
842 3371 927 3442 ἀλλή-

152 3470 204 3526 λων
226 3469 271 3527 stoi
289 3465 518 3542 καταπατούμενοι
543 3463 604 3544 περί
618 3463 672 3527 τοῖς
691 3461 813 3538 σκόλοψιν
827 3459 844 3531 ἢ
860 3459 929 3518 κατδι

95 3579 120 3620 ts
151 3557 198 3623 τάς
209 3558 322 3637 τάφρους
338 3555 383 3615 τδν
396 3551 525 3613 οίκτίστόν
541 3575 568 3609 τε
584 3551 629 3609 καί
640 3549 825 3627 ἀγεννέστατον
836 3549 931 3627 τρόπον

153 3645 341 3725 διεφθάρησαν·
372 3640 436 3702 ὥστ’
467 3640 674 3717 ἠναγκάσθησαν
697 3640 720 3697 cl
747 3636 932 3715 περιλειπόμε·

153 3755 195 3790 νοι
207 3736 255 3802 τῆς
269 3730 397 3810 σωτηρίας
410 3728 502 3790 οὐδένα
519 3728 599 3807 πόρον
617 3729 701 3805 εθρεὶν
716 3724 854 3801 δυνάμενοι
875 3746 932 3780 πα-

155 3822 279 3898 ραδοῦναι
300 3828 351 3886 τοῖς
370 3816 561 3897 κεκρατηκόσιν
583 3813 700 3881 ίαυτούς.
746 3810 888 3888 Γενόμενος
909 3809 932 3868 ’δ’

153 3908 326 3987 θΤαρκύνιος
347 3909 454 3966 πολλῶν
475 3904 606 3981 σωμάτων
618 3925 648 3961 τε
662 3901 707 3960 καί
725 3899 870 3981 χρημάτων
886 3901 930 3975 έγ-

94 4030 121 4070 ω
154 3996 263 4077 κρατὴς,
280 3994 338 4062 τοθς
357 3996 405 4072 μίν
419 3992 604 4071 αἰχμαλώτους
618 3988 749 4061 ἀπέδοτο,
764 3987 798 4048 τδ
813 3990 835 4047 δ’
848 3990 874 4046 έν
890 3990 928 4067 τῷ

155 4085 253 4164 χάρακι
266 4081 469 4164 καταληφθέντα
479 4088 533 4147 τοῖς
547 4077 720 4159 στρατιώταις
739 4078 894 4155 ίχαρίσατο.

194 4173 266 4233 le.
276 4174 369 4232 Ταῦτα
380 4166 588 4248 διαπραξάμενος
600 4166 645 4225 tari
658 4165 705 4232 τίς
719 4162 807 4229 πολεις
818 4166 869 4220 τῶν
877 4168 933 4222 Λα·

155 4261 229 4320 τίνων
240 4253 288 4338 ἦγε
296 4259 344 4330 την
357 4257 483 4334 δύναμιν,
492 4262 528 4324 ῶς
538 4257 615 4335 μάχῃ
624 4254 669 4321 τάς
679 4252 717 4328 μὴ
728 4250 934 4331 προσχωρούσας

156 4352 227 4427 αὐτῷ
242 4345 487 4428 παραστησόμενος·
503 4347 532 4404 ού
548 4342 601 4415 μὴν
616 4340 707 4413 ἐδέησέ
721 4339 745 4418 γ’
758 4341 831 4419 αύτῷ
845 4362 935 4419 τειχο-

95 4464 120 4505 ςς
155 4438 263 4516 μαχίας.
309 4435 438 4501 Ἅπαντες
450 4434 501 4514 γάρ
514 4435 550 4500 εἰς
564 4430 665 4498 ἱκεσίας
681 4430 726 4490 καί
742 4428 844 4500 δεήσεις
859 4427 935 4508 ἐτρά-

156 4549 252 4597 ποντο,
267 4523 314 4583 καί
325 4522 448 4603 πρίσόεις
463 4520 516 4581 ἀπθ
529 4526 575 4580 τοῦ
595 4524 680 4579 κοινοῦ
691 4518 841 4598 πέμψαντες
854 4539 935 4574 κατα·

154 4611 286 4673 λύσασθαι
302 4611 346 4669 τδν
362 4610 475 4687 πολεμον
493 4608 582 4682 ἠξίουν
597 4611 637 4688 ἐφ’
650 4598 687 4673 οἷς
702 4607 779 4673 αὐτὸς
793 4605 933 4683 ἧόούλετο,

156 4698 201 4758 καί
215 4699 261 4767 τίς
276 4699 366 4766 πόλεις
377 4697 537 4775 παρέδοσαν.
577 4696 717 4772 Γενόμενος
732 4692 759 4752 δέ
768 4696 819 4752 τ’ῶν
834 4692 935 4751 πόλεων

156 4790 224 4848 κατά
247 4788 326 4848 τάσδε
349 4787 395 4854 τάς
409 4786 548 4864 ὁμολογίας
561 4790 576 4845 θ
590 4783 713 4864 βασιλεὺς
724 4782 810 4863 κύριος
824 4779 935 4840 έπεεικέ·

100 4903 127 4942 ιο
158 4899 241 4936 στατα
250 4877 350 4944 πάσαις
362 4874 528 4957 προσηνέχθη
543 4875 588 4934 καὶ
603 4871 778 4953 μετριώτατα.
802 4868 871 4931 Ούτε
884 4868 935 4950 γάρ

159 4965 312 5025 ἀπέκτεινεν
332 4963 391 5023 οὔτε
412 4964 514 5043 φεύγειν
537 4962 685 5042 ἠνάγκασεν
715 4956 774 5017 ούτι
798 4956 935 5037 χρήμασιν

158 5052 291 5131 ίζημίωσε
311 5054 429 5114 Λατίνων
449 5049 550 5110 οὐδένα·
564 5054 613 5129 γῆν
631 5052 654 5108 τ’
670 5049 756 5114 αὐτοῖς
770 5051 934 5126 καρποῦσθαι

160 5140 208 5213 τὴν
219 5144 322 5201 ίαυτῶν
336 5141 475 5221 έπέτρεψε,
485 5139 530 5198 καί
538 5139 713 5214 πολιτεύμασι
726 5135 936 5216 χρήσασθαιτοῖς

158 5230 278 5309 πατρίοις
298 5232 403 5309 ἀφῆκεν·
426 5229 568 5287 ἀποδοῦναι
582 5228 604 5285 δ’
623 5223 715 5293 αύτοθς
729 5223 850 5284 ἐκέλευσε
862 5219 934 5280 Ῥω-

1698 438 1755 495 its

981 563 1058 616 luisse
1068 580 1153 617 omnes
1163 567 1392 619 taciletatebantur.
1409 570 1474 618 cum
1485 570 1550 621 enin
1564 574 1676 622 Romana
1690 572 1755 626 acies
1810 597 1814 602 ⁷

980 673 1029 724 iam
1042 675 1178 738 laboraret,
1193 682 1219 728 et
1227 678 1252 728 in
1263 679 1362 729 sinistro
1380 693 1458 730 cornu
1466 680 1564 731 ordines
1574 682 1623 731 iam
1636 680 1758 732 dissolve-

981 788 1074 847 rentur,
1085 786 1128 837 ubi
1143 788 1195 850 ipse
1207 802 1307 841 suornm
1320 790 1399 843 aciem
1416 790 1527 841 tnclinari
1544 792 1605 842 vidit
1618 792 1757 856 (pugnabat

981 900 1063 948 autem
1085 902 1143 950 tunc
1161 899 1188 950 ia
1205 900 1292 951 dextro
1304 904 1395 964 cornu)
1408 902 1555 953 fortissimas
1575 903 1687 965 equitum
1706 903 1759 953 alas

981 1003 1114 1064 convertit,
1126 1005 1152 1054 et
1163 1003 1310 1055 lectissimos
1323 1019 1435 1070 quosque
1448 1007 1544 1070 pedites
1559 1021 1668 1057 secema
1688 1010 1758 1072 tergo

981 1108 1152 1161 suiexercltus
1160 1111 1240 1174 duxit,
1248 1116 1274 1163 et
1282 1114 1406 1176 preterito
1416 1113 1515 1163 sinistro
1521 1129 1596 1164 cornu
1605 1116 1670 1164 ultra
1682 1115 1757 1165 aciem

981 1229 1123 1282 progressus
1136 1223 1193 1269 est;
1208 1219 1294 1270 deinde
1306 1234 1439 1272 conversus
1451 1221 1476 1270 in
1491 1220 1574 1271 hostes
1585 1224 1611 1272 et
1622 1222 1758 1273 calcaribus
1853 1234 1859 1257 ν

982 1329 1063 1379 citatis
1076 1329 1147 1394 equis
1160 1329 1187 1379 in
1202 1332 1356 1380 transversas
1377 1333 1539 1381 Etruscorum
1550 1333 1663 1383 cohortes
1681 1333 1758 1396 impe·

981 1443 1036 1490 tum
1057 1441 1130 1501 tecit,
1150 1453 1207 1506 quae
1235 1441 1261 1491 in
1284 1439 1372 1490 dextro
1394 1440 1504 1490 hostium
1527 1454 1602 1491 eomu
1622 1447 1759 1506 pugnantes

981 1549 1103 1614 oppositos
1116 1552 1163 1602 sihi
1175 1550 1330 1603 adversarios
1342 1551 1367 1600 in
1379 1551 1461 1615 lugam
1473 1553 1607 1604 verterant.
1639 1552 1687 1601 Sed
1701 1565 1758 1601 cum

982 1673 1010 1709 se
1030 1660 1078 1710 illis
1093 1672 1124 1708 ex
1139 1658 1274 1722 improviso
1293 1659 1317 1708 in
1339 1661 1497 1722 conspectum
1518 1658 1663 1719 obtulisset,
1686 1658 1759 1709 valde

982 1785 1025 1821 eos
1040 1770 1131 1822 terruit
1143 1775 1167 1821 at
1182 1770 1300 1821 turbarit.
1334 1772 1431 1822 Interea
1450 1784 1510 1821 vero
1530 1774 1556 1822 et
1573 1771 1625 1835 ipse
1636 1774 1759 1823 Romano·

982 1897 1038 1932 rum
1051 1882 1176 1946 peditatus
1191 1881 1300 1932 collectis
1311 1895 1342 1931 ex
1356 1882 1437 1945 priore
1447 1886 1514 1933 metu
1527 1881 1614 1932 animis
1625 1883 1649 1931 in
1663 1882 1760 1933 hostem

982 1992 1109 2042 contendit
1124 2010 1130 2040 ι
1144 1995 1170 2041 et
1181 1991 1266 2054 ingens
1278 1993 1439 2040 Etruscorum
1455 1990 1535 2041 cedes
1550 1990 1615 2041 tacta
1627 1994 1758 2056 totumque

982 2100 1098 2150 dextrum
1116 2114 1193 2151 cornu
1205 2102 1231 2151 in
1244 2101 1328 2164 lugam
1340 2115 1440 2153 versum
1454 2105 1501 2151 est.
1538 2101 1686 2165 Tarquinius
1699 2115 1760 2154 vero

982 2208 1056 2260 iussis
1072 2209 1183 2275 peditum
1195 2211 1301 2262 ducibus
1323 2226 1350 2262 se
1363 2211 1448 2263 ordine
1459 2214 1484 2262 et
1506 2211 1653 2275 pedetentim
1672 2214 1760 2278 sequi,

982 2318 1035 2382 ipse
1047 2319 1079 2369 ad
1091 2320 1200 2371 hoedum
1211 2324 1291 2370 caetra
1309 2321 1439 2372 mucltatis
1455 2321 1526 2383 equis
1537 2321 1626 2372 tendit.
1659 2324 1691 2372 Et
1704 2334 1762 2372 cnm

982 2431 1172 2492 preverteretur
1198 2443 1241 2479 eos
1264 2431 1307 2493 qui
1327 2432 1439 2481 exercitu
1459 2430 1485 2480 in
1501 2431 1582 2494 iugem
1602 2444 1676 2481 rerso
1700 2444 1762 2483 cva-

983 2541 1081 2600 serant,
1098 2540 1182 2588 statim
1202 2539 1281 2601 primo
1295 2538 1485 2602 itnprtuoastris
1500 2539 1595 2602 potitur
1614 2552 1622 2584 ι
1637 2539 1681 2602 qui
1694 2539 1759 2590 enda

983 2647 1017 2698 ibi
1039 2648 1118 2698 relicti
1139 2647 1248 2708 inerant,
1266 2647 1324 2709 quia
1340 2646 1446 2697 nondum
1462 2660 1566 2697 suorum
1587 2646 1681 2697 cladem
1705 2661 1759 2698 res-

984 2755 1113 2817 civerant,
1131 2769 1212 2820 neque
1236 2756 1333 2818 equites
1356 2755 1518 2807 adventantes
1547 2755 1579 2805 ol)
1605 2755 1760 2820 repentinum

983 2866 1116 2917 adrentum
1130 2865 1273 2930 dignoscere
1296 2866 1424 2929 poterant,
1439 2878 1482 2917 eos
1497 2864 1592 2931 ingredi
1607 2864 1674 2929 passi
1687 2868 1758 2917 sunt.

984 2974 1067 3038 Captis
1080 2976 1164 3024 autem
1180 2975 1321 3024 Latinorum
1336 2973 1439 3035 castris,
1460 2972 1505 3036 qui
1525 2985 1554 3024 ex
1569 2972 1625 3038 luga
1640 2986 1670 3025 eo
1690 2986 1717 3023 se
1734 2976 1764 3025 nt

984 3080 1016 3130 ad
1028 3082 1111 3130 tutum
1122 3080 1243 3144 retugium
1261 3080 1425 3144 recipiebant,
1445 3082 1477 3130 air
1495 3080 1628 3144 equitibus,
1647 3079 1691 3143 qui
1710 3080 1763 3143 ipsa

984 3196 1141 3254 occuparant,
1154 3192 1328 3243 cedebantur:
1341 3193 1384 3256 qni
1393 3205 1454 3242 rere
1463 3204 1495 3242 ex
1508 3190 1595 3241 castris
1603 3191 1628 3240 in
1635 3187 1763 3253 planitiem

985 3304 1109 3367 lugerent,
1133 3302 1157 3351 in
1185 3305 1306 3353 Romanas
1334 3303 1441 3367 legiones
1464 3301 1601 3352 incidentes
1626 3299 1758 3352 interlicia-

985 3412 1087 3474 bantnr,
1108 3414 1219 3477 plerique
1242 3427 1302 3464 roro
1326 3426 1353 3464 se
1380 3413 1485 3463 laricem
1509 3412 1635 3462 trudentes
1657 3414 1683 3462 et
1705 3424 1763 3462 con·

986 3518 1112 3570 calcantes
1124 3517 1190 3569 circa
1207 3519 1301 3569 rollum
1318 3522 1362 3568 ant
1374 3519 1467 3568 iossam
1478 3517 1617 3567 miserrimo
1636 3519 1661 3567 et
1678 3516 1761 3581 indig-

986 3625 1088 3675 nissimo
1109 3624 1196 3674 mortis
1214 3637 1302 3687 genere
1313 3623 1448 3688 perierunt.
1484 3628 1567 3680 Quare
1582 3621 1671 3685 reliqui
1684 3620 1765 3672 coacti

987 3735 1058 3792 sunt,
1069 3744 1127 3780 cum
1141 3729 1233 3780 nullam
1245 3729 1319 3779 aliam
1335 3728 1421 3778 salutis
1438 3728 1504 3778 riam
1524 3727 1633 3778 invenire
1646 3728 1764 3790 possent,

987 3852 1014 3889 se
1030 3835 1166 3888 victoribus
1183 3835 1282 3886 dedere.
1314 3833 1463 3896 Tarquinios
1479 3834 1565 3882 autem
1582 3830 1666 3879 multis
1678 3830 1762 3881 homi·

987 3943 1059 3994 nibus
1070 3945 1096 3993 et
1111 3939 1220 4006 pecuniis
1230 3938 1336 4005 potitus,
1348 3938 1458 4001 captives
1478 3935 1603 3997 vendidit,
1618 3935 1765 3997 aequeque

988 4054 1013 4106 iu
1023 4053 1112 4104 castus
1121 4053 1220 4102 inventa
1236 4053 1294 4101 sunt
1306 4046 1425 4098 militibus
1440 4044 1542 4108 largitus
1552 4047 1600 4095 eat.

1019 4168 1084 4216 civ,
1099 4162 1144 4213 llis
1153 4162 1228 4211 rebus
1236 4159 1312 4224 gestis
1321 4157 1458 4209 exercitum
1465 4156 1551 4207 conus
1563 4154 1710 4206 Ladnmnm.
1716 4168 1761 4205 ur·
1786 4171 1789 4176 ’

988 4263 1033 4313 bes
1050 4259 1140 4319 duxit,
1158 4261 1189 4308 ut
1202 4257 1227 4306 ri
1248 4270 1303 4318 eas,
1314 4267 1372 4321 qure
1386 4267 1414 4305 ss
1436 4251 1528 4303 dedere
1541 4252 1647 4314 nollent,
1666 4264 1762 4317 expug-

988 4361 1066 4411 naret.
1100 4359 1278 4407 vernmtamen
1300 4353 1368 4404 nulla
1392 4350 1573 4417 oppugnatione
1597 4365 1660 4417 opus
1686 4350 1762 4401 tuitc

988 4468 1074 4506 omnes
1082 4453 1147 4503 enim
1158 4452 1189 4502 ad
1197 4449 1387 4515 supplicationes
1400 4453 1426 4499 et
1437 4461 1523 4511 preces
1537 4462 1564 4498 sc
1577 4446 1761 4506 converterunt,
1815 4430 1818 4436 Α

989 4556 1013 4605 et
1026 4551 1113 4616 legatis
1127 4547 1253 4600 communi
1265 4548 1343 4597 totius
1361 4545 1442 4611 gentis
1458 4557 1579 4595 consensu
1595 4543 1676 4592 missis
1695 4554 1764 4603 roga-

989 4655 1055 4713 runt,
1068 4655 1096 4701 ut
1109 4648 1201 4713 quibus
1218 4646 1292 4696 vellet
1301 4644 1482 4695 conditionibus
1501 4644 1592 4692 iaceret
1610 4651 1704 4702 pacem,
1722 4651 1764 4687 ur·

989 4750 1082 4814 hesqne
1096 4746 1251 4800 dediderunt.
1281 4744 1325 4793 llis
1349 4746 1432 4793 autem
1454 4738 1636 4790 conditionibus
1658 4735 1763 4799 Tarqui·

988 4847 1044 4897 nius
1058 4843 1161 4895 υτθίθυε
1177 4841 1279 4906 potitus,
1304 4835 1492 4888 clementissime
1516 4838 1542 4882 et
1567 4826 1764 4880 moderatissima

989 4954 1074 4992 ornnes
1086 4937 1209 4990 tractavit.
1231 4938 1317 4999 Neque
1329 4933 1395 4983 enim
1408 4942 1557 4994 quemquam
1568 4927 1712 4978 latinorum
1721 4925 1765 4975 eut

989 5038 1110 5089 interiecit
1124 5037 1170 5086 aut
1187 5035 1268 5084 solum
1281 5036 1379 5083 vertere
1391 5028 1471 5093 coegit
1489 5039 1568 5090 neque
1586 5022 1690 5088 pecnnia
1703 5020 1765 5072 mul·

990 5135 1061 5193 tavit,
1073 5132 1117 5182 sed
1125 5132 1172 5182 illis
1181 5128 1294 5196 permisit
1301 5131 1331 5180 ut
1339 5139 1400 5191 aero
1411 5138 1457 5175 sno
1468 5123 1617 5181 fruerentur,
1628 5123 1654 5170 et
1662 5130 1765 5168 conoes-

989 5224 1025 5274 sit
1034 5226 1063 5274 ut
1076 5221 1164 5286 patriis
1174 5219 1270 5285 legibus
1283 5222 1309 5269 et
1318 5213 1438 5267 mortuus
1450 5214 1578 5264 uterentur
1598 5230 1606 5262 ι
1623 5208 1695 5260 iussit
1706 5217 1766 5273 roro
