4034 5922
55 83 105 155 ιζ,
146 10 377 117 υκαι-(ἀμ
415 29 599 131 aspi.
658 6 663 13 ’

658 378 954 453 ANTlQUlTATUM
975 384 1123 447 eumad.
1148 388 1222 450 tie.
1246 392 1268 450 i.
1724 405 1763 463 59

163 500 262 577 μάνδὴ
284 503 443 580 κνυζούμενα
462 505 531 563 κατά
549 510 593 563 τοῦ
620 508 746 584 τέλματος
771 512 936 575 ἐκυλινδεῖτο.

164 589 287 649 Λύκαινα
318 592 346 650 δέ
379 617 417 659 τις
449 594 601 666 ίπιγανεῖσα
626 595 758 668 νεοτόκος,
792 601 937 676 σπαργῶσα

161 677 223 744 τώς
245 677 358 752 μαστούς
374 680 425 739 ὑπὸ
440 683 582 753 φάλακτος,
600 682 715 742 ἀνεδίδου
737 683 874 756 τθςθηλάς
885 687 938 751 τοῖς

162 766 295 842 στόμασιν
312 770 412 838 αὐτῶν,
431 771 477 827 καλ
494 773 526 846 τῇ
542 769 645 848 γλώττῃ
659 770 702 828 τὸν
721 773 805 842 πηλδν
819 763 842 851 ᾧ
855 774 937 832 κατά-

115 863 130 901 ⁸
161 857 242 912 πλεοι
265 846 333 924 ἦσαν
364 855 513 933 ἀπελίχμα.
578 855 622 916 Ἐν
644 857 670 914 δὲ
688 858 772 937 τούτῳ
793 860 938 939 τυγχάνου-

162 964 207 999 σιν
228 943 252 1000 οί
276 949 362 1017 νομεῖς
388 942 565 1009 ε’ξελαύνοντις
588 942 635 1010 τάς
658 946 753 1021 ἀγέλας
779 947 822 1004 ἐπὶ
843 947 935 1023 νομήν·

161 1030 217 1100 ἤδη
236 1026 287 1108 γάρ
308 1029 423 1105 έμύατδν
441 1022 473 1103 ἦν
486 1030 516 1089 τδ
538 1031 644 1111 χωρίον·
659 1031 704 1092 καί
717 1056 755 1100 τις
775 1036 860 1093 αὐτῶν
876 1034 937 1095 libs

161 1119 213 1189 τήν
236 1117 429 1186 λύκαιναν·ὡς
451 1121 584 1190 ἠσπάζετο
605 1119 638 1178 sd
671 1121 772 1200 βρέφη,
795 1121 858 1191 τέως
890 1124 937 1200 μὲν

4 1274 6 1291 .
163 1206 267 1286 ἀχανὴς
282 1198 313 1279 ἦν
330 1208 381 1267 ὑπό
396 1229 425 1267 τι
438 1208 554 1284 θάμάους
565 1207 610 1266 καί
627 1208 750 1277 ἀπιστίας
763 1213 814 1268 τῶν
829 1216 938 1291 θεωρου·

4 1298 6 1321 ³
101 1321 130 1361 so
162 1300 258 1370 μένων·
283 1295 362 1356 ἔπειτ’
376 1297 495 1355 ἀπελθὼν
517 1297 561 1355 καλ
584 1297 708 1366 συλλέξας
731 1296 805 1367 όσους
828 1300 935 1359 ἐδύνατο

161 1384 302 1451 πλείστους
326 1388 379 1443 τῶν
404 1386 489 1465 ἀγχοῦ
507 1384 650 1462 aspictens
667 1387 695 1443 οὗ
714 1386 765 1467 γάρ
789 1388 939 1447 ἐπιστεύετο

160 1472 254 1547 λέγων·
277 1473 336 1550 ἄγει
355 1461 462 1553 τοάργον
485 1473 549 1532 αύτδ
566 1471 746 1548 θεασομένους.
790 1473 840 1542 Ὦς
854 1474 939 1535 δὲκά-

165 1568 247 1617 κεῖνοι
275 1560 387 1632 πλησίον
417 1560 534 1626 ἐλθόντες
565 1559 661 1635 ἔμαθον
694 1560 741 1632 τὴν
771 1561 818 1638 μὲν
848 1562 938 1642 ὥσπερ

164 1645 245 1705 τέκνα
272 1645 464 1728 περιέπουσαν,
493 1648 526 1707 τά
555 1649 578 1705 δ’
605 1651 640 1715 ὡς
664 1647 761 1727 μητρὶς
782 1647 938 1725 ἐξεχόμενα,

105 1758 132 1795 ss
162 1734 297 1811 deceptiosis
328 1759 354 1793 τι
383 1738 468 1815 χρῆμ’
493 1738 555 1816 δρᾶν
589 1735 780 1809 ὑπολαβόντες,
810 1738 939 1813 ἐγγυτέρω

161 1821 315 1900 προσῄεσαν
329 1822 434 1901 ἀθρόοι,
453 1821 626 1898 δεδιττόμενοι
649 1827 698 1903 βοῇ
713 1823 743 1881 τὸ
762 1826 863 1902 θηρίον.
903 1822 937 1883 Ἥ

161 1908 314 1968 δδλύκαιν’
345 1911 376 1969 οὐ
398 1910 460 1987 μάλ’
474 1910 644 1991 ἀγριαίνουσα
666 1916 718 1970 τῶν
741 1911 883 1990 ἀνθρώπων
905 1916 938 1987 τῇ

164 1998 302 2080 προσόδῳ,
321 1999 379 2058 ἀλλ’
393 1998 483 2079 ὥσπερ
507 1998 540 2056 ἀν
560 1997 716 2078 χειροήθης,
734 2004 874 2058 ἀποστᾶσα
887 2002 939 2056 τῶν

165 2089 269 2168 βρεφῶν
294 2086 383 2168 ἠρέμα
407 2089 452 2146 καὶ
476 2088 545 2145 κατά
567 2086 668 2159 πολλὴν
696 2087 804 2163 ἀλογίαν
822 2093 868 2146 τοῦ
887 2107 940 2145 ποι·

105 2187 135 2225 ³⁰
163 2178 271 2249 μειικοῦ
292 2174 400 2252 ὁμίλου,
415 2173 506 2252 ἀπῄιι.
559 2163 614 2234 Ἦν
630 2173 771 2252 γάρτιςού
786 2172 852 2232 πολὺ
868 2172 939 2232 ἀπί-

161 2285 219 2340 χων
234 2264 333 2322 ἀκείθεν
344 2260 414 2342 ἱερός
432 2264 519 2341 χῶρος
542 2260 592 2338 ύλῃ
615 2261 706 2342 βαθείᾳ
725 2261 870 2342 συνηρεφὴς
894 2268 938 2321 καὶ

161 2349 246 2427 πέτρα
268 2351 344 2422 κοίλη
361 2349 449 2427 πηγάς
473 2352 583 2409 ἀνιεῖσα·
598 2349 702 2427 ἐλέγετο
720 2350 748 2409 δέ
762 2351 850 2418 Πανὸς
873 2341 938 2408 εἶναι

160 2439 192 2495 τὸ
209 2438 311 2509 νάπος,
330 2438 376 2496 καλ
398 2437 486 2516 βωμὸς
505 2428 536 2509 ἦν
555 2438 643 2497 αὐτόθι
659 2442 706 2496 τοῦ
725 2442 792 2497 θεοῦ·
814 2440 849 2503 εἰς
863 2444 940 2497 τοῦτο

161 2528 192 2585 τὸ
205 2525 302 2606 χωρίον
317 2526 419 2585 ίλθαῧά
435 2525 639 2602 ἀποκρύπτεται.
683 2525 724 2584 Ti
739 2526 786 2603 μὲν
802 2517 846 2584 σύν
860 2527 939 2592 ἄλσος

106 2636 135 2673 τε
161 2618 251 2675 οὐκέτι
271 2616 403 2692 διαμένει,
420 2615 452 2673 τὸ
476 2614 501 2672 δ’
519 2612 611 2693 ἀντρον
636 2611 661 2682 ίξ
685 2604 748 2685 odsi
772 2612 848 2678 λιὸδις
870 2613 940 2672 isit-

162 2705 249 2777 δοται,
266 2705 306 2782 τῷ
328 2702 489 2782 Παλλαντίῳ
514 2700 784 2782 προσῳκοδομημένον
809 2700 939 2759 δείκνυται

162 2790 233 2848 :ssd
256 2788 304 2860 τὴν
323 2790 368 2850 ἐπί
395 2789 441 2849 τὸν
464 2790 626 2870 ἱππόδρομον
649 2787 779 2870 φέρουσαν
792 2788 867 2860 ὁδὸν,
894 2790 939 2848 καὶ

161 2875 268 2952 τέμενός
281 2880 355 2936 ίστιν
374 2879 454 2937 αὐτοῦ
476 2877 604 2948 πλησίον,
625 2875 675 2936 ἀνθ’
694 2874 770 2935 εἰκὼν
787 2884 872 2935 κεῖται
892 2880 939 2935 τοῦ

161 2969 280 3040 πάθαις,
300 2965 412 3025 λύκαινα
438 2966 551 3032 παιδίοις
578 2964 635 3023 δυσί
656 2963 714 3031 τοὺς
744 2962 859 3041 μαστούς
873 2965 938 3024 ἀπί-

105 3086 135 3124 ω
164 3076 282 3134 σχουσα,
297 3054 397 3132 χάλκεα
415 3054 554 3130 ποιήματα
571 3056 686 3119 παλαιᾶς
706 3052 838 3129 ἐργασίας.
886 3043 939 3112 Ἦν

167 3142 197 3201 δὲ
207 3142 240 3200 τδ
251 3141 344 3221 χωρίον
359 3144 411 3202 τῶν
424 3143 470 3200 σὺν
488 3141 612 3220 Εὖάνδρῳ
626 3139 684 3198 ποτ’
699 3140 860 3212 οἰκησάντων
876 3141 939 3200 αὐτὸ

165 3230 301 3312 Ἆραοίδων
315 3230 401 3308 ίερδν,
415 3229 581 3309 eclipses.
618 3228 667 3296 Ὧς
683 3230 706 3288 δ’
727 3226 829 3300 ἀπίστη
844 3228 874 3287 τὸ
893 3234 939 3301 θη·

163 3320 231 3399 ρίον,
249 3318 365 3400 αἴρουσιν
380 3321 404 3379 ni
423 3322 513 3396 νομεῖς
528 3317 562 3378 τδ
575 3317 676 3400 βρέφη,
691 3316 805 3388 σπουδὴν
817 3318 940 3396 ποιούμε·

163 3431 203 3467 νοι
229 3407 334 3489 τρέφειν
359 3406 441 3477 αὖτά“,
464 3411 499 3474 ὡς
525 3408 589 3465 θεῶν
614 3405 743 3474 σώζεσθαι
762 3404 937 3484 βουλομένων.

110 3524 137 3562 ει
163 3487 220 3557 Ἦν
235 3495 264 3555 δέ
277 3519 317 3562 τις
331 3499 357 3555 ἀν
369 3497 455 3562 αὐτοῖς
469 3495 631 3574 συοφορβίων
645 3496 786 3573 βασιλικῶν
800 3495 940 3570 ἐπιμελού-

163 3608 240 3660 μενος
267 3585 386 3654 ίπιεικὴς
410 3583 484 3661 ἀνὴρ,
509 3583 661 3648 Φαιστύλος
687 3581 787 3658 ὄνομα,
810 3579 837 3649 ὃς
859 3583 886 3639 ἐν
907 3586 940 3663 τῇ

163 3674 249 3733 πόλει.
259 3670 328 3731 κατά
355 3672 387 3742 δή
404 3695 429 3731 τι
445 3673 584 3747 ἀναγκαῖον
599 3669 722 3748 ἐγεγόνει,
736 3672 794 3728 καθ’
804 3668 833 3729 δν
847 3669 940 3749 χρόνον

162 3765 181 3831 ἡ
194 3758 278 3840 φθορδι
294 3761 342 3831 τῆς
355 3758 479 3824 Σιλουίας
491 3758 537 3815 καὶ
549 3761 563 3815 δ
576 3757 651 3837 τόκος
665 3757 803 3839 ἠλίγχιτο·
817 3757 861 3816 καί
874 3757 941 3833 μετά

165 3854 250 3906 ταῦτα
274 3845 453 3924 κομιζομένων
475 3845 518 3904 dart
538 3844 582 3903 τδν
601 3846 721 3923 ποταμὸν
748 3848 801 3904 τῶν
821 3848 939 3925 βρεφῶν,

111 3966 137 4003 ω
168 3942 223 4005 τοῖς
244 3937 366 4016 φέρωσιν
378 3932 446 3993 αὖτά
460 3932 529 3992 κατά
543 3932 613 3992 θείαν
627 3933 710 4013 τύχην
726 3933 782 4009 ἅμα
795 3933 940 4005 διεληλύθιι

165 4025 213 4095 vde
228 4020 312 4094 αιἰτὴν
320 4022 396 4096 δδδν,
407 4023 443 4089 εἰς
455 4021 485 4081 ιδ
499 4019 663 4081 Παλλάντιον
672 4020 733 4079 talv-
746 4020 773 4087 θς
783 4020 879 4092 ἥκιστα
889 4030 942 4090 τοῖς

166 4114 258 4179 ἀλλοις
281 4108 437 4191 καταφανὴς
461 4107 598 4186 γενόμενος
621 4112 658 4178 ὡς
682 4108 822 4169 ἐπίσταταί
849 4116 941 4169 τετοῦ

166 4199 340 4280 πράγματος,
357 4197 471 4266 ἀξιώσας
485 4198 559 4277 αὐτῷ
572 4201 775 4277 συγχωρηθῆναι
789 4194 824 4256 τά
845 4196 940 4279 βρέφη,

166 4285 302 4364 λαμδάνιι
315 4289 339 4343 τ’
351 4284 419 4345 αιίτά
433 4283 506 4363 παρά
522 4289 568 4342 τοῦ
583 4289 668 4344 κοινοῦ
683 4284 729 4342 καλ
745 4282 829 4364 φίρων
845 4288 882 4351 ὡς
894 4284 941 4355 τὴν

112 4408 139 4446 ,ς
166 4382 280 4455 γυναῖκα
291 4374 409 4454 ίργιται.
437 4372 582 4432 Τετοκυῖαν
595 4370 622 4431 δλ
638 4371 796 4431 καταλαὸὼν
810 4372 855 4432 καὶ
865 4376 942 4452 ἀχθο·

167 4464 262 4539 μένην,
280 4462 320 4521 δτι
342 4461 433 4540 νεκρδν
458 4462 524 4539 αὐτῇ
540 4459 570 4520 τδ
584 4459 678 4541 βρέφος
690 4452 733 4532 ἦν,
748 4461 943 4539 παραμυθεῖταί

166 4576 195 4615 τι
220 4550 268 4611 καί
290 4550 396 4609 δίδωσιν
419 4547 597 4608 ὑποθαλίσθαι
618 4547 651 4606 sd
676 4547 785 4622 παιδία,
806 4557 894 4608 πᾶσαν
918 4546 943 4616 ἐξ

169 4643 256 4720 ἀρχῆς
280 4638 472 4717 διηγησάμινος
493 4635 541 4709 sip
561 4640 747 4716 κατασχοῦσαν
766 4635 833 4695 αὐτὰ
848 4635 941 4714 τύχην.

168 4726 327 4803 Αάξομίνοις
344 4725 367 4785 δ’
386 4728 471 4790 αὐτοῖς
491 4725 575 4801 ὄνομα
587 4724 700 4794 τίθεται,
716 4726 755 4802 τῷ
770 4724 818 4800 μέν
832 4721 944 4799 Ῥωμύ-

115 4844 142 4882 u
167 4818 231 4889 λον,
251 4818 290 4895 τῷ
311 4814 340 4873 δθ
361 4812 479 4889 Ῥῶμον.
543 4815 578 4874 Oi
600 4812 622 4871 δ
642 4811 814 4891 ἀνδρωθέντος
829 4810 945 4886 γίνονται

166 4906 236 4965 ιατά
255 4908 281 4963 τ’
304 4902 414 4973 ἀξίωσιν
437 4904 539 4983 μορφῆς
565 4899 611 4960 καί
628 4900 794 4980 φρονήματος
818 4898 895 4977 ὄγκον
915 4900 944 4958 οὐ

167 4992 322 5075 cumpost<
338 4989 386 5049 sud
409 4989 543 5067 βουκόλοις
560 4985 686 5063 ίουιύτες,
706 4987 765 5046 ἀλλ’
784 4983 852 5052 cloec
863 4985 895 5043 ἀν
909 5008 946 5051 τις

167 5082 286 5152 ἀξιώσειε
302 5078 363 5146 τὼς
375 5080 407 5137 ίκ
421 5075 554 5158 βασιλιίω
569 5099 598 5136 τε
620 5074 717 5155 φύντας
731 5075 820 5153 γένους
834 5074 880 5133 καί
894 5073 945 5132 ἀπὸ

168 5172 300 5250 δαιμόνων
323 5174 424 5248 σπορᾶς
436 5164 555 5243 γενέσθαι
575 5163 775 5242 νομιζομένους,
796 5166 831 5227 ὡς
851 5162 877 5219 ίν
894 5163 946 5226 τοῖς

991 526 1069 578 lienis
1078 530 1146 589 parte
1155 527 1261 591 undique
1272 529 1453 593 recedentibus,
1461 547 1522 583 saxo
1535 534 1614 585 illisus
1625 540 1650 586 et
1660 549 1762 589 seusus

990 622 1095 675 infantes
1109 625 1192 686 eiecit,
1203 628 1246 691 qui
1262 631 1418 691 vagientesiu
1429 645 1497 682 eane
1506 634 1689 686 volutabantur.
1719 643 1762 701 sp·

991 721 1073 782 paruit
1081 725 1163 773 autern
1172 724 1231 787 iupa
1241 725 1354 788 medam
1374 728 1491 779 uberibus
1504 731 1596 781 recenti
1607 738 1680 796 partu
1700 733 1764 786 laete

991 819 1157 881 turgentibus,
1172 835 1229 885 ques
1240 836 1325 872 eorum
1341 824 1378 874 ori
1398 838 1519 876 mammas
1531 818 1652 892 prebuit,
1671 835 1697 881 et
1714 832 1763 882 lin·

991 931 1039 981 gua
1054 931 1162 978 canum,
1183 934 1232 983 quo
1245 922 1310 984 pieni
1322 925 1405 983 erant,
1424 923 1552 974 lambendo
1565 926 1687 979 abstersit.
1721 933 1764 980 in·

992 1018 1060 1064 terea
1072 1029 1131 1065 vero
1148 1017 1211 1067 torte
1223 1022 1335 1081 pastores
1346 1034 1431 1084 greges
1452 1025 1548 1085 pastum
1560 1025 1665 1087 agebant
1683 1026 1765 1090 (iocus

992 1111 1057 1162 euim
1077 1111 1126 1161 iem
1149 1114 1247 1177 pervius
1269 1116 1337 1178 crat)
1359 1120 1385 1167 at
1399 1131 1431 1167 ex
1449 1118 1487 1168 bis
1508 1119 1623 1182 quidam,
1636 1125 1767 1186 conspecta

991 1210 1048 1273 lupa
1061 1222 1117 1273 quse
1136 1209 1240 1261 infantes
1253 1213 1367 1276 terebat,
1381 1216 1531 1278 aliquamdiu
1543 1219 1676 1281 spectaculi
1693 1222 1765 1271 nori·

991 1309 1042 1356 tale
1059 1308 1277 1367 attonitus,etri1
1291 1310 1368 1359 ocutis
1381 1310 1433 1360 suis
1446 1311 1549 1371 credens
1571 1313 1643 1366 bassii
1659 1336 1665 1365 :
1679 1316 1766 1369 deinde

992 1403 1052 1456 abiit
1072 1408 1097 1455 et
1116 1409 1261 1457 murocatos
1272 1419 1294 1469 ⁸s
1313 1407 1402 1458 vicinia
1418 1413 1543 1474 quotquot
1557 1412 1640 1479 potuit
1657 1416 1767 1476 pastores

992 1500 1089 1564 (neque
1113 1501 1177 1551 enim
1195 1501 1250 1551 eius
1276 1500 1358 1552 uerbis
1382 1503 1443 1553 tides
1462 1504 1614 1570 θιθοίιοιιιτ)
1634 1508 1764 1572 adipsum

993 1599 1160 1660 spectaculum
1176 1599 1285 1650 adduxit.
1319 1601 1381 1650 Cum
1398 1606 1482 1651 autem
1492 1604 1518 1652 et
1528 1601 1564 1651 itti
1581 1603 1682 1666 propius
1692 1617 1764 1655 acce·

992 1695 1078 1745 dentes
1092 1696 1154 1746 hauc
1171 1698 1288 1759 tauquam
1302 1698 1366 1748 iiiios
1378 1699 1516 1758 torentem,
1535 1699 1590 1749 iilos
1604 1704 1720 1762 uuquam
1735 1715 1766 1752 εκ

992 1795 1070 1842 matre
1091 1793 1226 1857 pendentes
1251 1793 1495 1858 animadvertissent,
1517 1795 1626 1846 divinam
1639 1797 1764 1860 quandam

993 1901 1044 1937 rem
1064 1901 1091 1939 ss
1111 1889 1193 1940 videre
1217 1890 1276 1951 rati,
1296 1891 1454 1955 trequentes,
1473 1892 1580 1942 clamore
1603 1893 1680 1948 ieram
1694 1894 1766 1943 terri·

994 1988 1088 2049 tentes,
1104 1986 1203 2049 propius
1216 1988 1379 2035 accesserunt.
1406 1990 1438 2036 At
1449 1987 1506 2050 iupa
1517 1986 1644 2037 bominum
1656 1988 1764 2041 adventu

993 2081 1121 2132 bonvaldo
1132 2083 1239 2144 efferata,
1254 2082 1298 2133 sed
1311 2086 1341 2132 ut
1349 2086 1477 2132 mausueta
1490 2083 1580 2133 sensim
1590 2084 1621 2133 ab
1633 2083 1766 2135 infantibus

994 2178 1110 2238 recessit,
1124 2181 1149 2229 et
1160 2191 1217 2227 cum
1234 2192 1321 2240 magua
1331 2178 1411 2229 turbs
1429 2179 1568 2243 pastoricia
1586 2182 1766 2244 contemptione

993 2275 1064 2325 abiit.
1113 2278 1167 2326 Non
1185 2275 1269 2339 procul
1279 2274 1345 2325 subn
1356 2274 1441 2325 uberat
1453 2274 1525 2326 lucus
1536 2276 1636 2340 quidam
1648 2278 1763 2328 arborum

992 2370 1114 2423 densitate
1132 2384 1235 2436 opacus,
1252 2375 1278 2422 et
1294 2384 1366 2435 mpes
1379 2384 1439 2421 cara
1452 2370 1544 2422 iontem
1555 2374 1677 2424 emittens.
1714 2375 1764 2424 tu-

993 2485 1038 2521 cns
1051 2472 1136 2521 autem
1158 2469 1218 2520 Pani
1236 2483 1305 2520 sacer
1324 2470 1461 2527 dicebatur,
1483 2468 1568 2531 ibique
1581 2472 1634 2519 erat
1648 2469 1689 2519 dei
1699 2484 1765 2520 ara:

994 2580 1045 2630 quo
1060 2579 1117 2616 cum
1132 2568 1189 2630 iupa
1200 2565 1321 2627 venisset,
1333 2578 1360 2616 se
1375 2538 1518 2615 occultavit.
1551 2568 1632 2629 Atque
1643 2566 1715 2617 lucus
1726 2567 1768 2618 llis

993 2664 1096 2730 quidem
1106 2678 1153 2714 uon
1169 2664 1274 2729 amplius
1283 2668 1366 2725 extat,
1383 2668 1481 2713 antrum
1496 2676 1555 2714 varo
1565 2663 1631 2715 unde
1645 2665 1698 2715 lons
1710 2678 1767 2729 pro·
1818 2640 1820 2645 ‚

994 2762 1099 2819 fluebat,
1116 2760 1202 2811 Palatii
1221 2759 1331 2810 aediliciis
1349 2759 1492 2813 adiunctum
1504 2761 1594 2811 visitur
1610 2761 1686 2813 ineis
1704 2775 1762 2824 quus

994 2857 1041 2906 tert
1064 2855 1097 2906 ad
1116 2855 1223 2918 circum,
1239 2858 1263 2904 el
1284 2855 1400 2905 sacellum
1418 2859 1456 2905 est
1471 2855 1546 2906 iuxta
1559 2855 1658 2920 ipsum,
1674 2856 1714 2906 ubi
1729 2860 1768 2907 est

994 2956 1076 3002 statua
1094 2950 1169 3002 huius
1183 2966 1256 3002 casus
1272 2952 1361 3014 iudex,
1374 2951 1535 3016 tupaduobus
1546 2951 1678 3002 tutantibus
1693 2966 1768 3002 nram-

995 3051 1180 3116 maspriebeos:
1194 3065 1256 3116 opus
1265 3051 1394 3115 antiquum
1405 3064 1501 3102 exuere
1511 3052 1613 3103 iactum.
1646 3053 1671 3100 is
1684 3056 1767 3102 aulem

994 3150 1062 3199 iocus
1077 3150 1125 3212 (ιιι
1144 3149 1239 3214 terim)
1252 3148 1351 3200 oiimab
1368 3146 1512 3210 Arcadibus,
1529 3149 1573 3215 qui
1585 3163 1642 3200 cum
1654 3149 1767 3202 Evandro

995 3245 1027 3295 ibi
1049 3245 1217 3308 habitaverat,
1231 3247 1385 3297 consecratus
1407 3245 1497 3297 iuerat
1544 3248 1608 3296 curu
1628 3245 1705 3309 igitur
1718 3247 1768 3297 iera

994 3342 1150 3403 recessisset,
1165 3347 1276 3406 pastores
1290 3343 1394 3394 inientes
1417 3342 1581 3403 sustulsmut,
1599 3342 1768 3394 existimantes

994 3452 1037 3490 eos
1053 3443 1168 3490 accurate
1182 3440 1292 3501 alendos,
1304 3453 1368 3502 quos
1382 3439 1418 3489 dii
1431 3440 1511 3490 salros
1526 3439 1668 3490 voluissent.
1702 3441 1768 3490 inter

994 3550 1037 3586 eos
1055 3541 1139 3588 autem
1154 3540 1209 3587 erat
1222 3538 1323 3600 quidam
1345 3536 1415 3587 suilis
1433 3536 1492 3600 regii
1514 3536 1640 3600 magister,
1660 3536 1698 3585 vir
1714 3550 1769 3599 pro·

995 3633 1043 3683 bus
1061 3633 1159 3683 nomine
1178 3634 1325 3694 Faustulus,
1344 3633 1388 3695 qui
1410 3634 1489 3694 negoti
1508 3630 1635 3681 cuiusdam
1660 3632 1770 3695 urgentis

997 3729 1114 3779 caussato
1128 3727 1190 3778 urbe
1202 3729 1293 3789 iuerat,
1307 3743 1355 3790 quo
1363 3734 1471 3791 tempore
1484 3727 1567 3777 Silviae
1586 3732 1698 3790 stuprum
1711 3743 1768 3791 par-

996 3829 1086 3888 tusque
1105 3821 1281 3874 indicabatur:
1302 3826 1328 3871 et
1349 3827 1449 3885 postea,
1471 3835 1528 3870 cum
1544 3821 1648 3871 inientes
1669 3819 1700 3869 ad
1721 3821 1768 3869 iiu-

997 3923 1065 3972 rium
1086 3920 1289 3985 deportarentur,
1304 3932 1362 3967 cum
1387 3917 1504 3966 ministris
1521 3916 1564 3979 qui
1585 3929 1627 3965 eos
1650 3915 1769 3975 terebant,

997 4021 1080 4071 divino
1101 4018 1208 4083 quodam
1238 4031 1311 4076 casu,
1341 4016 1461 4065 Palatium
1494 4016 1593 4077 petens,
1620 4013 1707 4063 eadem
1729 4013 1769 4063 viu

997 4120 1084 4170 iverat.
1117 4117 1171 4180 ilie,
1196 4115 1283 4166 ceteris
1293 4113 1394 4177 quidem
1407 4112 1474 4162 uulto
1495 4110 1569 4160 modo
1586 4124 1638 4161 rem
1659 4111 1705 4161 sibi
1717 4124 1771 4162 esse

997 4220 1080 4267 notam
1101 4214 1245 4274 declarans,
1265 4208 1400 4275 postulavit
1419 4213 1447 4259 ut
1467 4207 1515 4258 sibi
1528 4208 1632 4260 inustas
1650 4207 1770 4259 concede·

997 4316 1104 4363 rentur:
1120 4324 1183 4374 quos
1196 4308 1319 4360 communi
1332 4307 1455 4357 sociorum
1469 4320 1591 4357 consensu
1609 4306 1713 4356 traditos
1727 4318 1768 4355 ac·

997 4409 1070 4471 cepit,
1082 4409 1108 4458 et
1120 4407 1151 4456 ad
1162 4419 1263 4456 uxorem
1277 4404 1373 4455 detulit.
1416 4407 1495 4462 Quam
1507 4416 1564 4453 cum
1576 4404 1709 4452 invenisset
1722 4402 1771 4450 iarn

997 4504 1109 4564 enixam,
1133 4505 1158 4552 et
1178 4504 1320 4551 merentem
1343 4499 1376 4551 ob
1400 4498 1532 4560 iurantem,
1554 4512 1628 4561 quem
1644 4500 1770 4545 mortuum

997 4600 1114 4661 ediderat,
1133 4596 1253 4649 consolari
1261 4595 1350 4661 ccepti,
1360 4599 1387 4646 et
1397 4595 1501 4645 labotes
1513 4593 1534 4643 ei
1546 4588 1716 4655 supponendus
1727 4588 1771 4639 de·

997 4697 1048 4761 diti,
1070 4694 1184 4747 omuibus
1200 4705 1284 4744 eorum
1298 4691 1397 4743 casibus
1407 4690 1438 4741 ab
1450 4690 1520 4741 initio
1530 4688 1658 4739 enarratis.
1708 4689 1771 4735 Cum

997 4798 1081 4845 autem
1088 4794 1234 4851 crescerent,
1240 4789 1311 4839 alteri
1321 4788 1421 4852 quidem
1428 4783 1533 4842 Romuli,
1547 4783 1616 4834 alteri
1632 4795 1691 4831 raro
1702 4780 1770 4831 ltemi

998 4906 1085 4942 nomen
1108 4888 1184 4940 dedit.
1219 4886 1267 4946 Qui
1279 4886 1320 4936 ubi
1334 4885 1494 4935 adoleverunt
1515 4885 1539 4931 et
1552 4880 1671 4944 dignitate
1686 4880 1771 4928 formas

998 4987 1023 5031 el
1035 4979 1107 5030 animi
1127 4975 1269 5027 celsitudine
1288 4988 1337 5024 uon
1358 4971 1467 5023 subulcis
1483 4974 1526 5020 aut
1545 4969 1660 5019 bubulcis
1674 4966 1768 5017 similes

999 5081 1083 5137 amnt,
1105 5075 1149 5126 sed
1169 5074 1247 5135 tales,
1267 5071 1352 5135 quates
1364 5069 1445 5132 quiris
1470 5068 1545 5132 stirpe
1566 5066 1631 5128 regia
1649 5069 1717 5114 ortos
1743 5064 1769 5110 et

999 5165 1144 5217 arideorum
1163 5162 1254 5213 semine
1273 5165 1345 5211 ustos
1361 5157 1495 5208 iudicasset
1508 5175 1515 5206 ι
1527 5144 1761 5221 quemadmoduuin
