4034 5922
273 444 314 505 αθ
795 433 960 504 illusisti
982 432 1358 496 HALICARNASSENSIS

274 575 348 643 ταῦτ’
367 571 598 645 έξιστιν,υἰκούειν
613 568 640 628 δέ
655 569 700 629 καὶ
714 567 823 649 γράφειν
837 565 903 647 ὑπὲρ
915 564 1046 637 adsim&

278 660 477 738 Καλλίστρατός
500 662 523 716 θ’
546 662 560 716 θ
581 657 642 735 περὶ
663 652 839 734 Σαμοθρᾴκης
855 653 1046 731 συνταξάμενος

276 752 374 827 ἱστορεῖ
387 750 433 808 καὶ
447 747 565 825 Σάτυρος
585 742 669 811 θτούς
683 743 808 823 ἀρχαίους
821 743 918 818 μύθους
928 766 1045 820 συναγα-

275 838 328 918 γὼν
338 837 384 897 καὶ
395 838 470 896 ἄλλοι
483 832 572 913 συχνοί
582 876 591 905 ,
600 831 775 897 παλαιότατος
788 833 810 889 δ’
821 822 857 889 ὧν
874 834 950 907 ἡμεῖς
970 829 1046 905 ίσμεν

236 946 249 984 t
276 932 290 986 θ
303 924 412 996 ποιητής
424 923 563 999 Ἀρκτῖνος.
606 919 721 996 Λέγουσι
728 923 789 995 γοῦν
801 909 866 978 ὧδε·
877 918 986 997 Χρύσην
997 915 1045 986 τήν

278 1014 430 1076 Πάλλαντος
456 1007 586 1085 θυγατέρα
609 1005 767 1085 γημαμένην
798 1006 926 1084 Δαρδάνῳ
954 1004 1048 1084 φερνάς

276 1100 464 1177 ἐπενέγκασθαι
484 1093 581 1174 δωρεός
599 1093 724 1165 Ἀθηνᾶς,
752 1093 785 1151 τά
801 1117 830 1152 τε
849 1091 985 1151 παλλάδια
1002 1089 1048 1149 καὶ

275 1188 309 1246 τά
322 1185 380 1264 ίερό
398 1185 451 1239 τῶν
473 1182 595 1259 μεγάλων
611 1185 689 1252 θεῶν,
706 1182 874 1260 διδαχθεῖσαν
897 1183 981 1239 αθτῶν
1001 1178 1049 1244 τόις

276 1273 393 1339 τελετάς.
435 1268 545 1341 Ἐπειδὴ
562 1269 588 1327 δὲ
601 1268 648 1340 τήν
662 1268 811 1348 έπομύρίαν
827 1268 965 1350 φεύγοντες
984 1264 1045 1346 Ἀρ·

223 1385 250 1423 to
276 1363 351 1426 κάθες
368 1358 570 1430 Πελοπόννησον
584 1357 630 1433 μὲν
647 1356 780 1430 ἐξελιπον,
794 1359 820 1416 έν
842 1356 869 1415 δὲ
885 1380 918 1436 τη
939 1354 1047 1433 Θρᾳκίᾳ

275 1452 349 1530 νήσῳ
361 1448 421 1515 τούς
439 1447 509 1527 βίους
524 1446 680 1525 ἱδρύσαντο,
698 1447 895 1504 κατασκευάσαι
906 1444 951 1504 eli
969 1445 1044 1519 Δάρ-

276 1542 353 1598 δανον
368 1541 483 1597 ἐνταῦθα
496 1541 549 1595 τῶν
561 1539 624 1593 θεῶν
638 1534 737 1593 τούτων
751 1532 836 1610 ῖερόν,
850 1535 977 1611 ἀρρήτους
996 1539 1049 1595 τοῖς

275 1629 363 1692 ἄλλοις
379 1631 504 1684 ποιοῦντα
516 1623 562 1689 τόες
580 1622 659 1688 ἰδίους
678 1623 764 1680 αὐτῶν
776 1620 935 1697 ὀνομασίας,
946 1620 992 1678 καὶ
1002 1618 1048 1685 τόις

275 1714 381 1780 τελετάς
401 1711 563 1785 αύτοῖς,τδις
584 1713 619 1777 είς
639 1710 699 1768 τόδε
720 1709 813 1788 χρόνου
837 1709 973 1789 γινομένας
996 1706 1047 1765 ὑπὸ

222 1822 247 1859 to
276 1803 473 1881 Σαμοθρᾴκων,
486 1801 624 1859 ἐπιτελεῖν.
668 1797 714 1863 Ὡς
724 1798 751 1855 δέ
765 1801 861 1874 μετῆγε
872 1802 917 1855 τοῦ
931 1794 984 1854 iel>
999 1795 1046 1866 τήν

276 1891 359 1950 πλείω
382 1897 476 1969 μοῖραν
488 1890 524 1955 τίς
535 1887 584 1957 τήν
600 1886 706 1957 Ἀσίαν,
721 1885 754 1943 τά
772 1883 819 1961 μέν
840 1885 896 1964 ἱερὰ
919 1887 970 1941 τῶν
982 1886 1047 1941 θεῶν

277 1980 323 2040 καὶ
333 1976 381 2044 τός
394 1973 501 2041 τελετθις
510 1975 565 2041 τοῖς
576 1973 749 2048 ὑπομείνασιν
762 1976 788 2031 έν
803 1976 837 2052 τῇ
850 1973 924 2051 νήσῳ
936 1972 1048 2031 καταλι-

277 2071 353 2126 πεῖν·
364 2066 398 2124 'cd
413 2063 440 2123 tl
454 2062 588 2121 παλλάόια
600 2062 644 2120 καῖ
656 2062 704 2126 τόις
715 2064 767 2119 τῶν
778 2064 843 2120 θεῶν
855 2060 955 2126 εἰκόνας
964 2082 1046 2119 κατα-

276 2153 472 2229 σκευασάμενον
495 2151 637 2228 ἀγαγέσθαι
660 2149 716 2226 μετ’
736 2151 825 2209 αὐτοῦ.
867 2145 1048 2223 Διαμαντευό-

184 2238 189 2243 ’
220 2259 247 2297 au
278 2265 356 2321 μενον
377 2243 404 2300 δὲ
419 2239 479 2320 περὶ
492 2243 539 2311 τῆς
554 2238 681 2308 οἰκήσεως
701 2237 772 2296 τότ’
789 2236 857 2296 σίλλα
873 2242 984 2313 μαθεῖν,
1001 2235 1047 2293 καὶ

276 2331 337 2410 περὶ
355 2333 406 2388 τῶν
428 2330 504 2406 ίερῶν
517 2331 564 2397 τῆς
584 2328 701 2403 φυλακῆς
716 2325 790 2384 τόνδε
807 2325 853 2384 σόν
871 2325 993 2406 χρησμὸν
1004 2327 1050 2383 λα·

277 2420 347 2479 θεῖν·

338 2541 379 2596 Εἰς
389 2540 470 2599 πόλιν,
481 2539 510 2596 ην
522 2538 653 2599 κτίζησθα,
664 2539 724 2592 θεοῖς
740 2538 812 2593 σέόας
823 2535 919 2598 ἄφθιτον
934 2536 979 2583 αῖεῖ

338 2611 599 2672 κατακοιμίσασα
614 2625 639 2658 τε
651 2610 729 2658 σε’ὀειν
741 2608 834 2664 θυσίαις
842 2623 868 2656 τε
880 2614 959 2673 χοροῖς
966 2621 1001 2654 τε.

219 2698 245 2737 ts
336 2681 403 2732 'Eos’
416 2684 445 2731 ἂν
452 2682 497 2743 γὰρ
508 2682 563 2730 τάδε
572 2681 649 2742 σεμνά
661 2680 713 2730 καθ’
722 2680 834 2743 ὑμετέραν
844 2679 918 2743 χθόνα
925 2679 997 2745 μίμνῃ

337 2753 402 2818 δῶρα
413 2753 468 2809 Διὸς
482 2752 569 2814 κούρης
584 2750 666 2814 ἀλόχῳ
678 2752 754 2810 σε’θεν,
766 2753 782 2809 ἡ
794 2751 820 2800 δέ
832 2749 898 2807 πόλις
910 2765 949 2799 σοι

336 2824 404 2873 ἔσται
415 2823 544 2886 ἀπόρθητος
559 2823 600 2872 τόν
612 2822 649 2871 ἀεὶ
664 2821 749 2885 χρόνον
759 2821 841 2884 lipara
853 2826 938 2871 πάντα.

312 2945 422 3006 Lxlx.
432 2944 566 3022 Δάρδανον
579 2941 626 3020 μὲν
636 2943 663 2999 έν
676 2947 709 3023 τῇ
720 2940 853 3019 κτισθείσῃ
862 2942 885 2999 θ’
896 2940 937 3021 ὑφ’
953 2944 1046 3001 ἑαυτοῦ

273 3031 318 3090 καί
329 3030 472 3107 ὀνομασίας
492 3029 584 3106 ὁμοίας
598 3030 714 3109 τυχούσῃ
730 3031 805 3089 πόλει
821 3028 854 3087 τά
870 3027 915 3101 tin
936 3031 1046 3096 καταλι-

218 3142 245 3181 tu
273 3118 427 3178 πεῖν·’ίλίου
434 3120 456 3177 δ’
465 3120 492 3175 ὀν
503 3118 605 3198 ὑστέρῳ
613 3118 699 3198 χρόνῳ
710 3117 923 3194 συνοικισθέντος,
932 3120 985 3176 ὀκεῖ
1000 3141 1047 3195 με·

273 3210 427 3287 τενεχθῆναι
440 3204 505 3283 πρδς
516 3209 568 3263 τῶν
584 3204 694 3284 ἐγγόνων
707 3208 786 3264 αὐτοῦ
796 3204 829 3262 τά
841 3205 910 3283 ἱερά.
926 3205 1047 3278 Ποιήσα-

274 3302 334 3355 σθαι
347 3296 374 3355 δέ
388 3294 447 3361 τοὺς
461 3295 547 3363 Ἰλιεῖς
560 3295 624 3354 νεών
639 3318 668 3354 τε
682 3294 727 3353 καί
737 3294 830 3353 άδυτον
848 3296 934 3361 αὐτοῖς
946 3294 990 3354 ἐπὶ
1001 3299 1047 3365 τῆς

273 3383 413 3462 ὀκρας,καὶ
423 3382 561 3464 φυλάττειν
571 3384 605 3441 δι’
613 3382 762 3459 ὀπιμελείας
771 3383 835 3455 δσης
844 3382 964 3441 έδύναντο
973 3382 1049 3442 πλεί-

273 3496 349 3544 στης,
368 3472 521 3546 θεόπεμπτά
545 3472 569 3530 θ’
586 3471 744 3549 ἡγουμένους
763 3462 828 3531 εἶναι
850 3471 895 3531 καί
914 3472 1045 3552 σωτηρίας

218 3587 244 3626 35
272 3559 350 3639 κύρια
363 3565 395 3637 τῇ
411 3557 495 3621 πόλει.
537 3559 722 3636 Ἁλισκομένης
736 3558 763 3619 δὲ
778 3563 826 3629 τῆς
837 3558 910 3618 κάτω
926 3560 1044 3631 πόλεως,

272 3648 316 3707 τόν
330 3649 437 3708 Αἰνείαν
452 3649 577 3728 καρτερόν
592 3652 638 3719 τῆς
650 3647 731 3723 ἄκρας
743 3649 900 3724 γενόμενον,
915 3647 1006 3725 άραντ’
1016 3651 1046 3707 ἐκ

272 3740 325 3795 τῶν
339 3737 440 3796 ἀδύτων
453 3736 487 3795 τά
503 3737 525 3796 θ’
546 3735 603 3817 ίερδ
616 3739 669 3793 τῶν
687 3735 807 3812 μεγάλων
827 3738 891 3795 θεῶν
911 3735 956 3796 καῖ
981 3736 1045 3815 ὅπερ

275 3825 315 3884 έτι
329 3829 421 3906 περιῆν
429 3812 589 3884 παλλάδιον·
606 3825 712 3902 θάτερον
724 3822 775 3902 γδιρ
786 3824 917 3884 Ὀδυσσέα
928 3822 971 3883 καῖ
988 3830 1047 3884 Δεο-

275 3914 361 3989 μήόην
373 3915 466 3982 νυκτός
482 3937 561 3994 φασιν
572 3916 607 3980 είς
621 3911 703 3971 Ἴλιον
716 3912 889 3991 ἀφικομένους
902 3916 988 3989 κλοπῇ
999 3916 1046 3971 λα·

218 4024 245 4063 ευ
274 4001 339 4060 όεῑν·
363 4001 482 4081 οἴχεσθαί
508 4025 537 4061 τε
560 4002 708 4079 κομίσαντα
732 3998 792 4080 [τὸν
815 4000 937 4078 Αἰνείαν]
956 4002 986 4057 ἐκ
999 4004 1046 4070 τῆς

273 4090 389 4161 πόλεως,
413 4089 459 4148 καὶ
472 4091 553 4148 ἐλθεῖν
569 4089 656 4165 ἄγοντ’
677 4091 713 4154 είς
732 4088 860 4148 Ἰταλίαν.
916 4086 1047 4164 Ἀρκτῖνος

275 4175 303 4234 δέ
322 4197 400 4255 φησιν
419 4175 470 4235 θπό
493 4177 553 4243 Διὸς
574 4178 680 4248 δοθῆναι
700 4174 828 4255 Δαρδάνῳ
846 4175 991 4235 παλλάδιον
1007 4177 1044 4250 έν,

273 4260 318 4319 καὶ
338 4251 404 4318 εἶναι
422 4261 491 4319 τοῦτ’
515 4266 541 4321 έν
554 4263 624 4345 Ἰλίῳ
647 4264 726 4335 τέως,
750 4264 872 4343 μέχριςῆ
893 4264 967 4328 πολις
984 4264 1048 4337 ήλί-

274 4373 364 4421 σκετο,
374 4348 553 4426 κεκρυμμένον
567 4354 592 4409 έν
608 4353 710 4429 άόάτῳ.
727 4352 823 4413 Είκύνα
837 4353 859 4410 δ’
873 4352 971 4413 ἐκείνου
983 4377 1048 4412 κατ-

220 4459 247 4498 tu
274 4434 468 4513 εσκευασμένην
491 4438 526 4502 ὡς
551 4438 631 4514 μηδέν
660 4446 706 4513 τῆς
729 4438 876 4521 ἀρχετύπου
897 4438 1045 4522 διαφέρειν,

275 4527 378 4598 ἀπάτης
391 4530 442 4586 τῶν
454 4523 677 4586 ὀπιθουλευύντων
697 4532 788 4601 ἕνεκα,
804 4531 830 4588 ὀν
848 4532 953 4609 φανερῷ
968 4533 1047 4600 τεθῆ-

274 4637 332 4686 ναι,
346 4614 391 4674 καί
407 4613 488 4685 αὐτήν
500 4612 620 4693 Ἀχαιούς
633 4618 867 4683 ἐπιύουλεύσαντας
880 4618 983 4676 λαθεῖν.
1006 4616 1047 4676 Tei

275 4703 321 4778 μέν
337 4693 380 4761 ούν
394 4704 428 4768 τίς
443 4702 560 4763 Ἰταλίαν
572 4704 616 4761 ὑπ’
627 4704 730 4763 Alorion
746 4706 902 4779 κομισθέντα
920 4704 978 4785 ίερόι
994 4717 1046 4775 τοῖς

274 4789 417 4868 εἰρημένοις
439 4790 549 4871 ἀνδράσι
565 4792 718 4867 πειθόμενος
732 4796 825 4871 γράφω
843 4797 894 4853 τῶν
908 4816 936 4851 τε
956 4794 1046 4872 μεγά-

219 4911 247 4951 tu
273 4878 324 4934 λων
340 4879 404 4936 θεῶν
428 4878 527 4947 εἰκόνας
549 4870 629 4952 εἶναι,
654 4878 697 4945 οθς
713 4881 889 4962 Σαμοθρᾷκες
908 4880 1045 4951 Ἑλλήνων

274 4964 377 5039 μάλιστ’
389 4966 554 5043 ὀργιάζουσι,
570 4968 658 5026 καὶτὸ
680 4968 870 5043 μεμυθευμένον
885 4968 1045 5043 παλλάδιον,
1060 5042 1064 5050 .

273 5053 289 5109 ὀ
302 5074 365 5126 φασι
387 5052 434 5121 τάς
447 5054 518 5133 ίερός
531 5055 669 5136 φυλάττειν
683 5056 825 5136 παρθένους
839 5059 866 5116 έν
880 5061 936 5138 ναῷ
954 5058 1044 5134 κείμε·

273 5163 315 5199 νον
327 5138 450 5215 Ἑστίας,
467 5142 529 5202 ἔνθα
541 5144 585 5201 καὶ
602 5144 633 5204 τό
645 5144 773 5205 ἀθάνατον
784 5144 894 5214 σώζεται
908 5151 969 5225 πῦρ,
978 5146 1044 5227 ὑπέρ

272 5218 310 5307 ὧν
324 5229 349 5286 έν
365 5228 465 5311 θατέρῳ
476 5230 632 5308 λεχθήσεται
647 5232 725 5311 λόγῳ.
768 5232 818 5306 Είη
833 5236 856 5293 δ’
867 5232 899 5293 δν
914 5233 959 5292 καί
973 5234 1046 5315 παρὰ

1083 610 1087 625 .
1107 587 1156 636 que
1175 574 1283 625 militari.
1319 574 1465 637 remigum
1484 573 1567 625 videre
1584 576 1622 624 lus
1640 577 1678 624 est
1689 594 1694 623 :
1707 576 1744 626 las
1759 575 1834 626 etium
1849 582 1895 633 est

1108 670 1192 721 audire
1213 676 1239 722 et
1250 672 1358 722 seribere
1377 672 1409 721 de
1422 671 1470 723 illis
1480 685 1519 730 ea.
1531 685 1588 734 quus
1604 670 1706 722 tradidit
1723 671 1882 723 callistratus

1108 767 1346 818 Samothraeloarum
1368 781 1449 819 rorum
1470 773 1568 829 auctor,
1585 772 1611 820 et
1624 771 1726 832 Satyrus
1748 768 1884 833 prissanum

1105 865 1242 915 ssuuumm
1261 866 1392 927 collector,
1415 868 1441 916 et
1463 880 1520 915 eum
1540 864 1582 915 olli
1602 866 1673 916 multi
1689 869 1742 916 tum
1767 867 1883 918 Ατσίῖυιεε

1104 963 1176 1025 poetu
1193 962 1303 1011 omnium
1318 975 1383 1026 quos
1394 962 1508 1012 novimus
1519 961 1715 1025 antiquissimus.
1748 964 1789 1013 Sic
1806 964 1884 1028 igitur

1104 1058 1131 1109 lti
1151 1059 1262 1109 scribunt
1278 1080 1285 1110 ι
1308 1060 1431 1123 Chi-yson,
1447 1058 1564 1111 Pallantis
1579 1060 1654 1113 liliam
1665 1098 1672 1121 ‚
1685 1074 1743 1110 oum
1770 1036 1885 1113 numano

1104 1156 1240 1219 nupsisset,
1257 1171 1301 1222 pro
1311 1156 1370 1207 dote
1383 1156 1500 1207 attulisse
1513 1156 1630 1207 Minervae
1642 1170 1760 1219 munera,
1774 1157 1884 1208 Palladia

1104 1256 1198 1305 seilicet
1215 1256 1241 1304 et
1253 1257 1398 1317 Magnorum
1417 1253 1522 1303 deorum
1540 1267 1622 1315 mera,
1639 1268 1745 1317 quorum
1765 1256 1883 1318 mysteriis

1104 1355 1233 1404 didicerat.
1276 1352 1324 1403 Sed
1336 1366 1394 1402 eum
1413 1352 1520 1402 Arcades
1535 1349 1655 1401 dlluvium
1672 1351 1794 1416 fugientes
1811 1353 1883 1402 Pelo·

1105 1464 1240 1516 ponuesum
1256 1450 1424 1514 reliquissent,
1435 1453 1459 1499 et
1476 1448 1502 1499 in
1511 1450 1615 1500 Thracia
1624 1449 1706 1499 insula
1717 1448 1789 1500 sedes
1803 1463 1882 1514 posu-

1105 1552 1194 1611 issent,
1217 1548 1359 1599 Dardanum
1376 1547 1411 1597 ibi
1431 1546 1480 1597 diis
1497 1546 1552 1597 istis
1576 1547 1694 1612 templum
1714 1549 1884 1607 exstruxisse,

1106 1647 1228 1711 proprium
1239 1648 1348 1710 ipsorum
1359 1658 1447 1695 nomeu
1456 1644 1518 1694 alios
1527 1644 1645 1694 uolantem
1654 1682 1661 1705 ,
1671 1648 1696 1694 et
1707 1645 1823 1707 mystsrla
1834 1644 1884 1695 illis

1105 1742 1254 1800 instituisse,
1270 1754 1327 1804 quta
1338 1746 1363 1792 et
1377 1740 1409 1791 ad
1429 1741 1477 1791 hoo
1491 1754 1572 1805 usque
1590 1745 1688 1805 tempus
1707 1742 1882 1792 Samothraces

1104 1839 1243 1890 observant.
1277 1838 1324 1887 Sed
1343 1852 1400 1888 oum
1416 1838 1534 1888 maiorem
1550 1838 1634 1903 populi
1648 1842 1742 1901 partem
1763 1839 1789 1889 in
1799 1840 1881 1890 Asiam

1104 1936 1253 1995 traduceret,
1274 1948 1346 1984 saera
1368 1935 1471 1984 deorum
1489 1937 1514 1984 et
1536 1933 1653 1996 mysteria
1667 1933 1715 1983 illis
1737 1933 1882 1996 reliquisse,

1108 2032 1152 2095 qui
1161 2033 1187 2082 in
1196 2032 1276 2082 insula
1285 2035 1452 2083 remanserant
1463 2050 1470 2080 ε
1482 2031 1588 2082 Palladia
1599 2045 1660 2081 vero
1671 2037 1694 2081 et
1708 2031 1810 2081 deorum
1822 2032 1885 2082 ima-

1105 2128 1173 2189 gines
1190 2142 1248 2182 eum
1267 2128 1367 2191 reliquis
1384 2127 1487 2178 sarcinis
1514 2142 1598 2181 seeum
1626 2132 1774 2193 asportasse.
1817 2131 1882 2179 Cum

1105 2228 1186 2274 numm
1200 2224 1232 2274 de
1250 2224 1349 2275 sodlbus
1363 2225 1495 2275 oondeudis
1511 2225 1640 2275 oraculum
1650 2225 1805 2286 euusuleret,
1819 2226 1884 2277 inter

1106 2322 1184 2373 mults
1196 2322 1244 2372 alia
1260 2336 1317 2385 quse
1335 2322 1434 2384 didicit,
1457 2322 1505 2372 lioo
1522 2323 1598 2372 eliam
1620 2335 1679 2373 oum
1700 2322 1828 2374 oraculum
1851 2322 1884 2373 de

1105 2433 1230 2471 sacrorum
1248 2416 1358 2471 custodia
1369 2424 1430 2471 tuno
1443 2420 1586 2484 accepisse:

1132 2527 1164 2570 In
1172 2527 1242 2583 ανθε,
1253 2540 1325 2584 pesam
1335 2526 1478 2581 condideris,
1491 2527 1530 2572 dit
1538 2528 1634 2573 cultum
1645 2540 1733 2582 purim
1742 2540 1832 2584 semper

1131 2597 1233 2650 natum,
1243 2600 1266 2641 et
1276 2597 1424 2641 υόοενυαειίῖα
1432 2599 1503 2651 eolus,
1512 2597 1632 2654 εσοεῖερυε
1642 2597 1772 2655 chorisque.

1132 2667 1194 2711 Illam
1203 2668 1260 2711 dum
1269 2668 1319 2712 λαο
1327 2668 1462 2712 υειιετσιεεῖα
1471 2668 1498 2712 in
1507 2671 1585 2713 oestro
1595 2666 1691 2723 repione
1698 2669 1831 2714 manserint

1133 2737 1203 2781 Duuo
1212 2749 1263 2793 puoe
1272 2737 1335 2781 Iovis
1346 2738 1413 2792 sirpo
1424 2737 1522 2792 ευειῖυρῖ
1532 2741 1578 2781 tuoe
1587 2736 1662 2797 dedit,
1670 2738 1718 2782 istu
1729 2737 1785 2781 urdo
1795 2737 1840 2782 tile

1132 2808 1186 2852 Brit
1197 2808 1391 2864 ιάεσρειρπαθίῖῖε
1398 2809 1425 2852 in
1434 2812 1575 2865 perpetuum
1586 2820 1667 2851 omnes
1677 2808 1734 2854 αῖεε.

1104 2913 1883 2980 Llllll.Dardanumigitur,lnurboquameoudielil,etquasude

1104 3022 1150 3058 suo
1161 3009 1257 3059 nomine
1273 3009 1418 3070 nominavit,
1433 3009 1488 3059 lraeo
1498 3009 1629 3060 simulacra
1639 3010 1776 3074 reliquisse.
1792 3013 1881 3062 Postea

1104 3116 1177 3162 vero.
1196 3116 1255 3153 oum
1273 3105 1346 3154 ilium
1367 3103 1496 3154 eonditum
1518 3109 1598 3160 esset,
1616 3104 1669 3154 liaec
1688 3118 1758 3156 sacro
1774 3105 1805 3155 ab
1827 3106 1883 3156 eius

1104 3197 1233 3260 nepotibus
1245 3212 1276 3248 eo
1290 3199 1366 3249 luisse
1378 3198 1504 3250 translata
1518 3198 1619 3249 llieuses
1630 3202 1714 3249 autem
1726 3199 1845 3263 templum
1855 3205 1880 3249 el

1104 3290 1205 3353 adytum
1211 3291 1272 3355 ipsis
1279 3292 1304 3341 iu
1315 3306 1371 3342 aree
1380 3291 1476 3351 lesisse,
1487 3296 1512 3343 et
1519 3292 1724 3353 quanumaxima
1731 3306 1792 3342 euro
1798 3296 1883 3357 potue-

1104 3388 1161 3436 ruut
1174 3384 1228 3436 haeo
1239 3400 1359 3447 servasse,
1371 3385 1438 3449 quod
1447 3386 1565 3436 divinitus
1573 3399 1604 3436 ea
1617 3386 1748 3439 sibimissa
1759 3386 1883 3452 publices·

1104 3492 1153 3541 que
1171 3475 1257 3529 suiutls
1277 3478 1379 3543 pignora
1395 3492 1449 3529 esse
1473 3478 1615 3531 eredebant.
1673 3478 1722 3529 Sed
1736 3492 1792 3530 eum
1808 3479 1884 3530 urbis

1103 3583 1160 3632 puts
1169 3569 1269 3621 interior
1279 3573 1424 3634 caperetur,
1441 3572 1544 3621 AEneam
1564 3584 1620 3621 aree
1634 3572 1742 3635 pou'tum
1758 3587 1787 3623 ex
1801 3573 1883 3637 adytis

1104 3677 1175 3714 suom
1188 3677 1333 3728 magnorum
1346 3664 1450 3714 deorum
1467 3667 1494 3715 et
1504 3665 1652 3727 Pollidium,
1665 3666 1733 3731 quod
1746 3667 1827 3718 adhue
1836 3682 1881 3719 su·

1103 3760 1209 3820 perorat,
1223 3757 1374 3808 abstulisse·
1389 3759 1495 3808 alterum
1505 3760 1571 3809 euim
1584 3759 1616 3808 ab
1626 3761 1713 3822 Ulysse
1724 3764 1751 3813 et
1760 3761 1881 3812 Diomede

1103 3850 1175 3900 Ilium
1201 3856 1274 3901 noctu
1301 3852 1417 3914 proiectis
1438 3851 1522 3902 lurtim
1547 3852 1658 3902 ablatum
1677 3867 1739 3903 esse.
1779 3856 1881 3905 Εοεειπι

1103 3943 1220 4005 igiturex
1237 3944 1298 3993 urbe
1316 3944 1473 4001 discessisse,
1495 3958 1573 4008 eaqiie
1587 3958 1672 3994 seeum
1691 3945 1792 4006 tulisse,
1812 3949 1837 3996 et
1856 3948 1882 3996 iu

1103 4036 1197 4088 ltaliam
1210 4039 1400 4101 transportasse.
1433 4039 1548 4088 Arctinus
1564 4052 1624 4089 veru
1640 4041 1674 4089 ait
1689 4048 1766 4089 unum
1782 4043 1880 4091 tantum

1102 4132 1236 4183 Palladium
1265 4133 1378 4183 Dardano
1409 4147 1425 4183 ιι
1451 4136 1509 4184 love
1539 4134 1638 4193 dutum,
1659 4135 1734 4198 utque
1755 4136 1804 4186 hoe
1832 4136 1879 4186 illi.

1102 4228 1178 4278 donec
1205 4228 1264 4277 urbs
1291 4230 1434 4291 caperetur,
1461 4227 1487 4277 lu
1510 4228 1585 4291 adyto
1613 4228 1766 4279 reconditum
1791 4230 1877 4279 luisse.

1101 4320 1147 4369 sed
1168 4320 1297 4383 imaginem
1319 4320 1373 4370 eius
1387 4320 1496 4371 ellictum
1510 4324 1536 4371 et
1549 4320 1610 4375 nihil
1627 4321 1660 4372 ab
1674 4322 1816 4388 ‘exemplari
1836 4323 1879 4372 ‹li-

1100 4426 1197 4461 rersum
1222 4413 1247 4462 iu
1270 4412 1367 4475 publico
1399 4414 1474 4463 luisso
1500 4416 1667 4480 propositam,
1696 4417 1728 4467 ad
1757 4431 1800 4469 aus
1830 4418 1879 4467 lal-

1100 4507 1185 4557 leudos
1196 4509 1237 4571 qui
1251 4506 1353 4558 iusidias
1362 4508 1408 4573 ipsi
1420 4510 1581 4571 struxisseut,
1597 4514 1672 4574 atque
1685 4511 1773 4562 hanua
1785 4513 1879 4564 uidete

1099 4613 1144 4664 per
1159 4600 1260 4650 iusidias
1270 4600 1346 4651 missa
1357 4605 1504 4667 surreptum.
1537 4605 1612 4654 sacra
1627 4603 1701 4668 igitur
1716 4618 1773 4667 qun
1786 4605 1878 4656 AEueas

1100 4696 1125 4746 in
1137 4695 1232 4746 ltaliam
1248 4696 1390 4758 transtulit,
1407 4696 1476 4747 viros
1497 4710 1581 4761 supra
1599 4700 1739 4750 nominatos
1760 4704 1875 4757 secutus,

1099 4788 1138 4838 uio
1160 4788 1237 4839 tuisse
1261 4801 1405 4853 magnorum
1430 4790 1534 4841 deorum
1563 4792 1709 4853 simulacra,
1732 4806 1796 4856 quos
1813 4793 1877 4843 inter
1950 4810 1955 4819 ·

1099 4885 1199 4934 Groeuos
1213 4883 1383 4935 Samutmaoes
1402 4884 1561 4949 potissimum
1583 4887 1675 4946 colunt,
1694 4889 1720 4937 et
1739 4886 1876 4937 Palladium

1098 4979 1158 5030 illud
1177 4980 1269 5031 tubulis
1281 4979 1446 5043 celebratum,
1464 4980 1534 5044 quod
1551 4982 1576 5031 in
1591 4981 1681 5044 templo
1691 4984 1774 5032 Vestio
1786 4995 1875 5033 recou-

1097 5066 1178 5118 ditum
1198 5068 1256 5131 (ubi
1274 5073 1300 5119 et
1321 5069 1384 5133 iguis
1392 5074 1524 5133 perpetuus
1544 5068 1725 5133 asservaturia
1741 5069 1875 5135 virginibus

1098 5155 1174 5205 sacris
1186 5156 1303 5207 custodiri
1318 5156 1410 5217 sonunt,
1423 5158 1454 5207 de
1471 5155 1562 5220 quibus
1575 5157 1600 5206 iu
1612 5159 1712 5221 postero
1729 5157 1792 5208 llbro
1804 5157 1875 5208 dioe-

1098 5247 1151 5295 tur.
1186 5244 1249 5295 lissi
1257 5248 1339 5295 minen
1349 5248 1431 5309 potest
1442 5249 1469 5295 ut
1480 5249 1569 5309 prater
1581 5245 1634 5295 haec
1645 5246 1694 5296 sint
1707 5247 1732 5297 el
1745 5245 1793 5296 alia
1802 5245 1874 5297 nobis
