4034 5922
610 432 907 508 ANTIQUITATUM
929 440 1081 504 ROMAN.
1106 446 1181 521 pta.
1206 448 1231 507 Ι.
1716 452 1735 512 3

127 562 211 633 μόνιοι
227 557 256 617 δὲ
276 561 486 629 Πελοποννήσου
505 562 551 620 καί
574 568 622 636 τῆς
650 565 732 638 οίλλης
755 574 910 644 κρατοῦντες

127 646 276 725 Ἑλλάδος,
292 648 341 713 ἕως
356 651 525 714 Μακεδονίας
543 651 590 721 τὴν
609 653 693 733 ἀρχὴν
711 655 909 734 προύδίδοσαν,

126 736 348 805 ε’παύθησανδΗ
339 760 389 795 οπο
376 736 551 843 Θηδαίων,
567 742 620 798 οὐδ’
643 739 725 800 όλατ
710 744 849 820 τριάκοντα
864 746 909 817 ἔτη

127 824 176 893 τἠν
202 821 292 901 ἀρχην
319 826 507 902 κατασχόντες.
549 824 629 886 Ἡ
616 828 642 886 οὲ
667 827 810 903 Ῥωμαίων
837 830 911 899 πολις

90 934 103 973 ε
131 913 242 981 αποίσης
262 911 356 987 μὲν
338 935 415 990 αρχει
443 937 491 991 γης
500 959 508 987 ,
529 914 577 987 όση
600 914 636 990 μὴ
664 917 809 994 ἀνέμδατός
826 921 910 994 ἐστιν,

130 1003 190 1059 ἀλλ’
216 998 264 1057 ὑπ’
282 1001 427 1080 ἀνθρώπων
447 1012 622 1062 κατοικεῖται·
651 1006 739 1077 πάσης
767 1007 836 1066 its
820 1010 912 1087 κρατεῖ

132 1088 330 1197 δαλόσσης,’
304 1110 333 1145 ου
355 1088 433 1164 μόνον
452 1094 498 1160 τῆς
517 1091 585 1157 ἐντδς
604 1090 659 1171 Ηρ
661 1093 771 1152 ακλείων
791 1099 910 1170 στηλῶν,

132 1177 199 1235 siit
211 1177 258 1236 καί
269 1200 319 1246 της
330 1176 523 1255 Ὠκεανίτιδος,
537 1178 586 1251 ὅση
596 1181 717 1239 πλεῖσθαι
733 1180 769 1257 μὴ
785 1184 910 1249 ἀδύνατός

132 1270 209 1343 ἐστι,
224 1265 320 1346 πρώτη
342 1267 388 1324 καί
416 1267 484 1343 μόνη
506 1272 558 1326 τῶν
578 1270 607 1326 ἐκ
631 1275 676 1327 τοῦ
698 1275 794 1338 παντὸς
818 1275 911 1340 αἰῶνος

87 1384 108 1420 η.
132 1352 367 1430 μνημονευομένων
391 1352 519 1421 deeuti<
532 1354 577 1413 καὶ
604 1356 688 1423 δύσεις
701 1360 774 1436 ὅρους
796 1382 909 1432 ποιησα·

134 1443 199 1518 μένα,
216 1446 263 1512 τῆς
285 1440 451 1507 δυναστείας·
462 1443 557 1550 χρόνος
570 1446 595 1500 τ’
610 1447 676 1520 αὐτῇ
693 1452 739 1504 τοῦ
756 1449 867 1525 κρότους
881 1450 909 1506 οὗ

137 1530 253 1639 βραχύς,
275 1529 332 1590 ἀλλ’
347 1529 453 1596 δσος’
427 1533 537 1612 ουδεμιᾷ
556 1535 606 1591 τῶν
626 1533 759 1676 αίέλλων
729 1559 788 1595 oure
809 1539 910 1596 πόλεων

135 1618 193 1676 οὗτε
210 1620 363 1694 βασιλειαν.
409 1616 492 1685 bitte
507 1618 596 1694 μὲν
568 1618 668 1698 γαρέξ
683 1622 767 1700 ἀρχῆς
787 1623 854 1698 perir
865 1624 909 1682 τὸν

136 1709 254 1786 οἰκισμὸν
280 1706 314 1765 τδι
335 1707 448 1778 πλησίον
469 1708 528 1780 ἔθνη
548 1710 634 1768 πολλὰ
657 1709 702 1769 καί
721 1711 828 1790 μάχιμα
847 1713 909 1772 ὄντα

89 1814 109 1853 ιι
135 1796 337 1874 προοηγόγετο,
359 1794 405 1853 καί
428 1795 622 1873 προύύαινεν
608 1797 649 1854 orsi
671 1806 725 1854 πᾶν
749 1800 908 1874 δουλουμένη

965 595 1022 632 cum
1043 585 1203 649 Peloponnesi
1230 591 1256 637 et
1285 589 1385 652 reliquas
1405 591 1508 641 crudas
1525 595 1605 641 essent
1629 591 1738 641 dondui.

965 674 997 725 ad
1022 678 1191 729 ttlaccdoniam
1214 693 1293 742 usque
1311 681 1443 745 imperium
1466 688 1651 747 propagarunt:
1671 682 1713 734 scd
1726 698 1741 732 rr

965 768 1087 820 ilrebanis
1112 784 1142 819 cu
1165 771 1255 834 privati
1278 776 1350 833 suut,
1378 787 1434 823 cum
1462 788 1493 824 uc
1516 775 1616 838 triginta
1640 776 1740 838 qurdern

965 861 1073 922 integros
1089 875 1166 911 annos
1185 861 1211 912 id
1224 863 1394 914 retinuissent.
1427 869 1460 915 At
1472 866 1612 929 respublica
1631 869 1740 916 llemnna

965 953 1040 1001 totius
1052 958 1134 1013 terrra,
1145 968 1202 1018 quae
1213 954 1312 1017 quidem
1324 968 1372 1003 nou
1381 956 1477 1005 deserta
1487 960 1526 1006 est
1536 956 1579 1005 sed
1591 956 1622 1006 ab
1635 956 1739 1006 bomini-

963 1042 1010 1093 bus
1020 1043 1144 1104 incolitur,
1154 1045 1284 1107 imperium
1300 1042 1376 1096 habet
1391 1067 1397 1094 ι
1414 1049 1440 1095 et
1459 1045 1535 1095 totius
1552 1048 1627 1096 maris
1645 1051 1683 1097 est
1694 1048 1740 1097 do·

964 1135 1037 1195 minu,
1050 1149 1099 1184 non
1112 1135 1192 1185 solum
1204 1135 1257 1186 cius
1266 1137 1332 1199 qued
1348 1140 1387 1186 cst
1404 1137 1468 1186 intra
1479 1136 1605 1187 eolunmas
1619 1138 1740 1191 llcrrulis.

964 1228 1007 1277 sed
1025 1231 1051 1278 et
1071 1229 1162 1278 Oceani
1174 1243 1320 1293 quacunque
1341 1230 1451 1291 navigari
1462 1234 1556 1294 potest,
1576 1230 1702 1296 primaque
1715 1236 1741 1282 et

964 1318 1016 1369 sola
1030 1332 1061 1369 cx
1084 1320 1113 1369 iis
1125 1334 1180 1383 qum
1197 1320 1323 1369 bominum
1338 1319 1457 1369 memoris
1471 1320 1625 1371 celebrantur
1645 1324 1701 1387 ortu
1714 1327 1741 1373 et

963 1424 1050 1460 occasu
1060 1411 1119 1462 siries
1132 1411 1229 1476 imperii
1241 1412 1279 1462 sui
1288 1412 1430 1461 terminarit
1443 1431 1449 1461 :
1462 1412 1564 1477 eiusque
1577 1414 1684 1475 potentin
1692 1428 1741 1463 non

963 1499 995 1548 ad
1007 1499 1124 1562 exiguum
1135 1503 1232 1564 tempus
1242 1499 1350 1561 duravit,
1362 1499 1403 1548 sed
1411 1502 1529 1562 quantum
1538 1499 1645 1549 nullialii
1656 1513 1738 1562 neque

964 1589 1228 1653 civitattuequcregno
1241 1589 1350 1652 contigit.
1384 1589 1472 1640 Statim
1485 1588 1548 1641 enim
1558 1588 1590 1638 ab
1602 1589 1671 1640 initio
1683 1595 1739 1654 post

964 1682 1052 1732 urbem
1060 1681 1183 1740 constitum
1194 1682 1308 1731 liuitimas
1316 1686 1409 1746 gentes,
1420 1694 1477 1744 qum
1490 1682 1608 1732 multaret
1617 1682 1739 1732 bellicosis

963 1776 1046 1835 eraut,
1060 1772 1109 1823 sibi
1123 1773 1240 1836 adjunxit,
1252 1786 1385 1836 omnesque
1397 1774 1551 1824 adversarios
1564 1756 1661 1836 semper
1674 1774 1740 1825 subi·

829 1885 838 1909 ι
902 1890 909 1911 ι
962 1865 1040 1927 gendo
1062 1878 1205 1928 progressus
1225 1865 1293 1917 tecit.
1325 1865 1362 1914 nb
1377 1864 1510 1916 bisantem
1526 1865 1691 1928 rebusnsque
1709 1864 1741 1914 ad

135 1886 164 1942 τὸ
185 1884 339 1944 ἀντίπαλον.
392 1885 486 1942 Ταῦτα
508 1884 536 1941 δὲ
561 1885 639 1945 πέντε
660 1884 706 1943 καί
725 1908 901 1963 τετταρακοντ

135 1971 184 2043 ἤδη
197 1970 264 2052 πρὸς
275 1970 444 2035 ἑπτακοσίοις
455 1970 538 2029 ἔτεσίν
553 1974 623 2030 ἔστιν
638 1977 673 2038 είς
687 1973 804 2039 ύποίτους
817 1974 909 2032 Κλαύ·

134 2061 185 2118 διον
197 2058 309 2138 Νέρωνα
317 2056 347 2115 τὸ
357 2056 475 2137 δεύτερον
484 2059 645 2119 ὑπατεύοντα
658 2059 701 2117 καὶ
715 2058 825 2118 Πίσωνα
835 2061 909 2119 Καλ·

135 2146 269 2226 αυίρνιον,
283 2143 309 2205 ui
321 2145 391 2203 κατὰ
405 2144 453 2216 τὴν
467 2145 556 2223 τρίτην
568 2146 611 2205 ίπί
623 2155 681 2214 ταῖς
695 2146 849 2219 ἐνενήκοντα
862 2148 908 2205 καὶ

87 2255 109 2293 αι
133 2236 224 2294 bsurde
248 2233 410 2309 ὀλυμπιάσιν
435 2235 636 2313 ἀπεδείχθησαν.
678 2234 724 2303 Ἐξ
745 2227 776 2294 ού
801 2235 824 2293 δ’
847 2235 908 2309 δλης

130 2323 276 2401 ἐκράτησεν
290 2321 403 2388 Ἰταλίας
427 2321 472 2380 καί
493 2324 536 2379 έπλ
560 2323 608 2394 τὴν
629 2323 752 2382 ἁπάντων
769 2325 908 2402 ἐθάρρησεν

133 2409 219 2491 ἀρχὴν
243 2412 402 2488 παρελθεῖν,
424 2408 573 2471 ἐκδαλοῦσα
596 2410 643 2484 μὲν
666 2415 696 2470 ἐκ
716 2416 763 2482 τῆς
777 2413 909 2485 θαλάττης

131 2499 349 2579 Καρχηδονίους,
364 2496 390 2556 oi
404 2499 528 2570 πλείστην
542 2497 621 2577 ἔσχον
637 2502 761 2571 ναυτικὴν
779 2499 908 2578 δύναμιν,

130 2589 283 2668 ὑποχείριον
300 2586 327 2645 δὲ
350 2586 470 2644 λαύοῦσα
486 2588 667 2663 Μακεδονίαν,
688 2589 706 2659 ἢ
734 2587 799 2656 τέως
826 2588 908 2647 ἐδόκει

82 2704 105 2741 ετ
131 2678 257 2754 μέγιστον
282 2675 383 2755 ἰσχύειν
411 2675 481 2733 κατθι
505 2680 570 2753 γῆν,
595 2676 666 2736 οὐδέν
692 2675 731 2733 ἔτ’
761 2676 904 2736 ἀντίπαλον

131 2769 233 2847 ἔχουσα
248 2766 308 2826 ούτε
323 2765 457 2846 βόρύαρον
472 2769 551 2849 ιρῦλον
565 2765 624 2826 οὔτε
635 2766 802 2841 Ἑλληνικόν,
818 2769 908 2846 γενεθν

131 2856 249 2934 ἐύδόμην
268 2856 320 2927 ἤδη
333 2855 381 2926 τὴν
398 2855 439 2916 ἐπ’
453 2857 517 2932 ἐμοῦ
531 2857 648 2933 διαμένει
671 2857 768 2924 παντὸς
790 2857 908 2937 ἄρχουσα

130 2946 228 3006 τόπω-
240 2944 310 3009 ίθνος
320 2947 343 3002 δ’
354 2944 428 3003 ούδὲν
438 2947 473 3011 ὣς
489 2946 570 3003 εἰπεῖν
578 2944 657 3018 iccio,
672 2944 756 3025 θπερλ
763 2949 810 3017 τῆς
820 2952 908 3020 κοινῆς

131 3032 274 3109 ἡγεμονίας
289 3031 306 3102 ἢ
323 3037 368 3090 τοῦ
384 3031 420 3107 μὴ
433 3033 559 3112 ἄρχεσθαι
570 3035 634 3113 πρὸς
650 3035 731 3106 αὐτὴν
746 3033 906 3114 διαφέρεται.

81 3134 109 3174 a·
132 3119 214 3180 ’.λλλδ
231 3119 283 3198 γδρ
297 3117 337 3177 δτι
350 3118 397 3193 μὲν
410 3116 470 3177 οὔτε
484 3119 530 3190 τὴν
546 3119 688 3196 ἐλαχίστην
698 3124 748 3179 τῶν
763 3120 909 3180 ὑποθέσεων

131 3208 299 3287 πρσηρημαι,
310 3207 428 3285 καθάπερ
443 3206 558 3286 ἔσην,
530 3231 588 3266 ουτε
600 3208 660 3287 περὶ
672 3209 771 3317 ραύλρις
783 3231 829 3267 και
819 3208 907 3278 ἀσή-

134 3320 196 3373 μους
206 3294 313 3374 πράξεις
322 3294 426 3372 ἔγνωκα
440 3296 498 3353 διατ
501 3295 590 3375 ρ,ίύειν
605 3295 674 3355 ἀλλὰ
687 3319 736 3373 περ
739 3296 747 3354 ί
762 3319 791 3354 τε
805 3296 905 3362 πόλεως

133 3384 224 3493 γρέρω
234 3386 282 3452 τῖς
295 3405 345 3458 περ
332 3384 532 3461 ριρανεστοίτης,
542 3383 586 3442 καί
598 3406 659 3463 περι
648 3319 828 3462 πραίξεωνΐ
809 3407 844 3442 ων
859 3386 907 3442 οὐκ

137 3496 167 3529 αν
187 3471 246 3580 ἔχοι
269 3494 307 3537 τις
330 3472 373 3530 ίτέ
375 3494 420 3548 αρς
443 3471 590 3539 δπιδείςασθ
592 3494 620 3528 αι
642 3468 781 3549 λαμπροτ’
757 3491 844 3551 ερας,
858 3475 905 3530 οὐκ

89 3563 112 3603 ⁸⁵
135 3551 172 3618 αδδ
172 3559 213 3587 ”’
159 3563 221 3634 δο,
231 3582 258 3616 τι
271 3559 311 3617 δεῖ
323 3558 406 3616 πλείω
418 3557 511 3637 λέγειν.

173 3648 220 3709 lV.
242 3646 307 3705 Ὅτι
317 3646 340 3703 δ’
354 3648 402 3706 ούκ
415 3647 476 3706 ιίνευ
484 3649 611 3724 λογισμοῦ
621 3647 666 3706 καὶ
673 3645 794 3725 προνοίας
809 3647 907 3728 ἔμφρο-

135 3760 176 3802 νος
190 3737 233 3796 ἐπί
245 3736 280 3795 τδι
290 3735 376 3794 πύλαι
390 3739 442 3794 τῶν
457 3736 646 3815 ἱστορουμένων
663 3736 721 3815 cepi
737 3738 816 3808 αὐτῆς
829 3738 906 3815 ίτρα·

136 3826 230 3899 πόμην,
244 3823 301 3881 ἀλλ’
312 3822 382 3901 ἔχων
396 3826 559 3901 εὐλογίστως
573 3824 715 3883 ἄποδοῦναι
726 3826 773 3893 τῆς
782 3821 908 3902 προαιρέ-

136 3933 199 3978 σεως
212 3911 311 3985 αἰτίας,
323 3910 399 3988 ὀλίγα
414 3912 541 3988 βούλομαι
555 3918 704 3989 προειπεῖν,
720 3908 762 3968 ίνα
783 3908 820 3985 μή
841 3933 908 3977 τινες

90 4009 113 4047 ⁴0
136 3998 309 4076 ἐπιτιμήσωσί
330 4022 375 4075 μοι
392 4002 444 4056 τῶν
459 4000 522 4076 πρὸς
541 3999 647 4058 ἅπαντα
666 3998 812 4078 φιλαιτίων,
833 3996 906 4057 οὐδέν

138 4087 211 4146 σέτω
231 4090 283 4146 τῶν
308 4086 454 4162 μελλόντων
478 4089 619 4158 δηλοῦσθαι
638 4086 843 4165 προακηκοότες,
867 4083 907 4144 δτι

134 4179 179 4247 τῆς
191 4174 311 4250 ἀοιδίμου
322 4175 460 4253 γενομένης
471 4174 528 4232 καθ’
544 4179 615 4248 ἡμᾶς
626 4175 726 4239 πόλεως
741 4172 845 4242 ἀδόξους
859 4170 906 4232 καί

136 4264 202 4322 πάνυ
214 4262 340 4327 ταπεινλς
349 4262 396 4326 τὰς
408 4262 513 4340 πρώτας
525 4264 591 4341 ἀρορ
594 4259 644 4337 μδς
657 4258 842 4331 λαθούσης
800 4283 845 4319 και
857 4261 904 4320 ούκ

136 4351 205 4419 έξίας
223 4353 394 4429 ίστοριαης
380 4374 547 4430 αναγραρης,
575 4352 603 4409 ού
629 4352 739 4416 πολλαῖς
761 4348 788 4406 δὲ
806 4356 907 4426 γενεαῖς

89 4454 112 4491 tt
136 4442 257 4519 πρότερον
267 4444 305 4506 εἰς
315 4440 466 4520 inspirares
476 4438 521 4497 καλ
536 4437 639 4506 δόξαν’
625 4439 813 4517 αριγμένης,,
787 4436 812 4495 δέ
824 4427 893 4496 οδ
860 4462 908 4506 τας

134 4550 162 4586 τε
176 4524 358 4593 uenisset<
376 4527 479 4585 καθεῖλε
491 4525 642 4591 δυναστείας
656 4522 755 4584 καί
717 4548 774 4591 τους
787 4528 906 4586 Φοινικι-

134 4616 194 4682 αους
207 4616 366 4696 κατώρθωσε
387 4614 539 4688 πολέμους,
555 4611 611 4680 ἐξόν
623 4636 668 4689 μοι
682 4616 735 4672 τῶν
748 4612 854 4681 ἔνδοςων
865 4636 906 4670 τι-

136 4706 166 4762 νδ
180 4704 273 4763 λαδεῖν
289 4705 372 4772 αὐτῆς
391 4702 554 4775 ύτοθίσεων,
571 4703 616 4759 ἐπὶ
641 4700 690 4770 τὴν
707 4700 779 4759 οὐδὲν
795 4700 905 4780 ἔχουσαν

136 4790 449 4870 ίπιαανίςᾶρχαιολογίαν
460 4790 599 4849 ἀπέκλινα.
642 4785 705 4849 Ἔτι
711 4788 762 4868 γθιρ
775 4792 906 4867 ἀγνοεῖται

87 4891 111 4929 ⁵⁰
133 4879 204 4959 ταρδ
223 4887 278 4946 τοῖς
290 4876 422 4950 Ἕλλησιν
443 4877 531 4952 δλίγου
546 4879 598 4935 δεῖν
611 4885 692 4935 πᾶσιν
710 4873 895 4945 ἡπαλαιδ
861 4898 909 4947 της

135 4968 277 5040 Ῥωμαίων
293 4967 396 5033 πολιως
410 4967 524 5046 ἱστορία,
540 4967 584 5024 καί
601 4964 673 5033 δόξαι
690 4962 757 5031 τινὲς
779 4964 827 5021 οθκ
842 4963 907 5032 ἀλη-

133 5058 197 5135 θεῖς,
212 5058 272 5115 ἀλλ’
284 5059 375 5115 iaetu
387 5056 592 5135 έπιτυχόντων’
577 5052 751 5131 ακουσμοίτων
765 5049 812 5123 τδν
822 5050 907 5130 αἰρχθν

133 5146 262 5206 λαθοῦσαι
283 5169 343 5210 τους
368 5143 481 5209 πολλούς
496 5114 742 5214 teucos-medus
728 5165 763 5208 ως
776 5140 908 5206 ἀνεστίους

131 5236 179 5311 μίν
192 5258 267 5304 τινας
280 5232 326 5291 καί
341 5233 478 5304 πλάνητας
493 5231 538 5290 καί
550 5230 696 5311 βαρύοίρους
709 5228 755 5289 καλ
775 5226 893 5287 οθδδ’
847 5251 908 5288 του·

962 1955 1093 2006 Claudium
1116 1958 1236 2008 tteroucm
1272 1957 1362 2006 iterum
1392 1960 1418 2006 ct
1446 1956 1605 2020 calpurnium
1627 1956 1741 2007 Pisonem

962 2047 1084 2107 consules,
1097 2046 1140 2109 qui
1158 2060 1234 2096 cucur
1250 2046 1394 2110 Olympiade
1418 2046 1495 2097 creati
1513 2051 1586 2108 sunt,
1609 2046 1659 2097 iarn
1683 2050 1741 2097 suut

962 2140 1106 2204 septingenti
1127 2139 1288 2204 quadraginta
1306 2140 1415 2204 quinque
1432 2139 1497 2189 anni.
1530 2143 1565 2191 Ex
1586 2154 1635 2203 que
1656 2143 1741 2190 autem

963 2240 1041 2286 toturn
1050 2236 1145 2285 ltaliam
1156 2236 1267 2298 subegit,
1282 2239 1307 2285 et
1317 2235 1393 2285 tetius
1400 2234 1468 2285 orbis
1477 2237 1599 2289 terrarum
1610 2236 1739 2299 imperium

962 2328 1077 2378 alleclarc
1092 2340 1152 2376 ausa
1168 2329 1221 2387 cst',
1236 2326 1373 2376 exturbatis
1388 2326 1477 2377 emani
1489 2326 1740 2388 carthaginiensibus.

962 2418 1006 2481 qui
1028 2419 1115 2480 opibus
1131 2417 1262 2468 naualibus
1277 2416 1412 2481 plurimum
1431 2417 1569 2480 pmllcbant,
1580 2420 1607 2469 ct
1618 2416 1737 2467 Macedo·

962 2514 1004 2563 nia
1034 2514 1059 2562 in
1083 2516 1230 2576 potestatem
1259 2510 1375 2571 redacta,
1403 2523 1466 2574 qum
1489 2523 1519 2561 co
1551 2511 1661 2572 tempore
1690 2513 1740 2560 ter·

962 2606 1082 2656 rostribus
1102 2605 1180 2669 copiis
1199 2602 1332 2667 plurimum
1348 2603 1431 2652 ualere
1453 2600 1653 2661 existimabatur,
1671 2599 1740 2650 uuile

962 2695 1066 2760 amplius
1076 2697 1221 2745 adversante
1234 2708 1278 2743 nec
1292 2692 1473 2754 trarbaragcntc
1488 2704 1568 2754 neque
1582 2702 1670 2754 graeca
1679 2703 1737 2754 sep-

961 2790 1049 2839 timam
1064 2788 1113 2837 ism
1130 2791 1230 2837 estatem
1253 2785 1284 2834 od
1304 2799 1384 2835 meam
1404 2797 1482 2847 usquc
1500 2796 1609 2833 omnium
1628 2782 1738 2832 locorum

962 2879 1062 2930 domina
1083 2882 1219 2943 permanet.
1252 2879 1303 2927 lter
1329 2876 1378 2925 ulla
1403 2888 1462 2938 gens
1483 2878 1535 2935 est,
1558 2874 1736 2938 propemedum

961 2970 1079 3030 dixerim,
1095 2982 1151 3033 quse
1164 2969 1196 3019 de
1212 2968 1319 3017 universi
1340 2966 1408 3017 orbis
1419 2966 1556 3030 principatu
1570 2978 1627 3014 cum
1639 2977 1667 3014 ea
1678 2976 1735 3014 con·

962 3061 1045 3112 tendat
1055 3059 1296 3124 auteiusimperium
1309 3057 1439 3109 detrectet.
1471 3057 1518 3108 sert
1532 3055 1606 3112 enim.
1619 3068 1659 3106 me
1673 3055 1738 3106 baud

960 3154 994 3204 ita
1010 3153 1063 3204 leve
1082 3154 1252 3216 argumentum
1266 3152 1306 3211 (ut
1326 3148 1421 3199 (belum
1437 3146 1490 3209 est)
1506 3146 1637 3209 delegisse,
1658 3158 1739 3209 neque

961 3247 986 3296 in
998 3246 1073 3297 rebus
1085 3245 1196 3295 sutilibus
1205 3246 1231 3294 ot
1243 3243 1355 3293 obscuris
1373 3239 1498 3290 immorari
1509 3238 1636 3298 statuisse,
1648 3250 1736 3289 rerum

960 3339 1103 3390 decivitate
1127 3336 1292 3387 illustrissima
1308 3347 1363 3387 csse
1380 3334 1543 3397 scriptumm,
1567 3335 1593 3381 et
1610 3331 1642 3380 de
1664 3330 1739 3383 rebus

960 3431 1049 3495 gestis,
1062 3430 1153 3493 quibus
1171 3427 1349 3492 splendidiores
1364 3424 1452 3474 anullo
1466 3422 1561 3474 ostendi
1570 3423 1677 3487 possint,
1690 3436 1738 3472 nen
1785 3477 1789 3487 Ι

960 3530 1033 3581 video
1045 3543 1090 3580 cnr
1097 3528 1226 3593 prolixiore
1237 3525 1348 3583 oratione
1361 3524 1464 3587 probare
1480 3522 1591 3573 debeam.

994 3623 1037 3670 lv.
1055 3617 1127 3677 Quod
1152 3620 1234 3667 alitem
1255 3629 1303 3664 uon
1325 3614 1462 3664 inconsulto
1482 3626 1528 3663 nec
1547 3612 1684 3676 improvide
1706 3611 1737 3660 ad

961 3706 1107 3757 enarrandas
1120 3706 1212 3769 priscas
1227 3704 1258 3753 de
1274 3718 1303 3753 ea
1311 3704 1373 3753 urbe
1383 3701 1499 3752 historias
1514 3700 1621 3749 animum
1633 3698 1737 3758 adverti,

961 3796 1003 3845 sed
1019 3794 1073 3857 mci¹
1083 3792 1177 3842 consilii
1201 3791 1337 3853 probabiles
1363 3791 1470 3839 rationes
1492 3787 1597 3837 reddere
1620 3798 1733 3849 possum,

961 3881 1047 3947 paucis
1059 3878 1157 3944 preclari
1175 3878 1230 3926 volo
1255 3896 1261 3926 :
1288 3891 1317 3925 nc
1342 3878 1386 3939 qui
1401 3888 1501 3935 corum,
1523 3872 1605 3936 quiin
1622 3868 1737 3918 omnibus

961 3974 1035 4024 rebus
1054 3971 1082 4022 ad
1104 3968 1283 4020 criminandum
1295 3969 1354 4015 sunt
1369 3963 1499 4028 propensi,
1521 3958 1631 4008 nondum
1645 3956 1737 4015 auditis

961 4063 992 4113 iis
1001 4074 1058 4125 qum
1067 4059 1236 4109 declaraturus
1246 4069 1316 4113 sum,
1327 4052 1388 4103 mibi
1403 4049 1576 4107 succenseant,
1595 4045 1662 4109 quod
1674 4044 1737 4095 ciri-

961 4155 1019 4204 tatis
1046 4155 1131 4202 nostre
1149 4152 1222 4200 {etate
1240 4143 1419 4199 celeberrima,
1441 4138 1540 4202 quest
1562 4137 1641 4188 initiis
1662 4136 1736 4187 ualde

961 4241 1074 4293 obscuris
1096 4242 1122 4290 et
1152 4236 1284 4287 immitibus
1306 4236 1381 4295 atque
1413 4228 1517 4292 indignis
1549 4242 1605 4293 quas
1629 4225 1736 4277 historioe

961 4330 1108 4382 mandentur
1123 4328 1247 4392 prolecta,
1260 4321 1327 4372 baud
1337 4319 1421 4369 multis
1437 4320 1493 4367 unte
1508 4316 1604 4367 sarculis
1620 4313 1737 4378 splendo-

962 4437 1014 4473 rem
1025 4426 1053 4473 et
1070 4421 1173 4485 gloriam
1188 4416 1278 4480 adepta
1291 4413 1339 4472 sit,
1353 4424 1382 4461 eu
1399 4423 1449 4473 qno
1459 4407 1643 4459 Macedonicum
1661 4405 1737 4468 impe-

961 4513 1027 4563 rium
1045 4508 1135 4560 evertit
1154 4509 1180 4558 et
1192 4505 1257 4555 bella
1273 4499 1366 4552 Punica
1382 4498 1486 4549 feliciter
1498 4496 1616 4553 coniecit,
1632 4506 1689 4543 curn
1703 4492 1732 4541 il-

961 4602 1038 4650 lustro
1049 4594 1149 4661 aliquod
1156 4594 1327 4657 argumentum
1339 4602 1371 4639 eu
1382 4586 1438 4638 eius
1449 4584 1553 4635 historia
1570 4579 1631 4631 mibi
1646 4579 1736 4643 eligere

961 4688 1069 4747 licuerit,
1097 4684 1129 4734 ed
1152 4681 1312 4744 antiquitates
1338 4689 1426 4743 pamm
1452 4673 1560 4723 illustres
1583 4668 1734 4721 enarrandas

962 4776 1116 4831 declinarim.
1132 4773 1219 4823 Adbuc
1229 4771 1294 4822 enim
1304 4767 1418 4820 omnibus
1437 4766 1486 4814 lere
1499 4762 1598 4814 Graccis
1610 4762 1682 4811 retus
1690 4763 1735 4809 Ro·

961 4882 1040 4919 marnes
1053 4864 1193 4930 reipublice
1205 4861 1308 4913 historia
1325 4859 1405 4923 ἰςςιισια
1416 4859 1463 4913 est,
1480 4858 1506 4903 et
1526 4851 1651 4916 opiniones
1670 4861 1738 4913 quoa·

960 4962 1019 5011 dam
1035 4972 1083 5008 non
1104 4968 1185 5015 reru,
1204 4954 1246 5004 sei
1266 4967 1295 5003 er
1311 4947 1460 5016 quibuslibet
1471 4958 1500 4994 ac
1511 4942 1581 4993 ranis
1595 4940 1736 4993 rumoribus

961 5049 1167 5114 natae,plurimos
1174 5046 1329 5110 deceperunt,
1350 5039 1422 5104 quasi
1430 5034 1553 5100 quosdam
1570 5034 1623 5083 sine
1641 5031 1735 5083 laribus

961 5144 987 5193 et
1003 5151 1103 5191 errones
1121 5148 1151 5186 ac
1170 5134 1287 5184 barbaros
1306 5142 1398 5192 eosque
1420 5124 1521 5176 minime
1538 5121 1628 5173 liberos
1654 5117 1736 5170 eondi-

961 5235 1027 5282 tores
1040 5226 1174 5288 inuenerit,
1190 5226 1243 5289 ipsa
1259 5236 1318 5274 uero
1338 5233 1387 5270 non
1405 5218 1496 5282 pietate
1512 5218 1538 5265 et
1559 5211 1655 5263 iustitia
1673 5214 1737 5263 cete

1611 5310 1633 5354 1.
