4052 5926
218 2278 246 2317 θθ

219 2725 246 2763 θὸ

275 439 336 499 ulo

278 597 291 624 ι
308 570 397 637 πόλεις
413 565 602 648 ἐπαγομένων,
622 565 824 634 ἅντιὸσλοῦντας
836 570 905 645 ὁμᾶς
925 568 972 628 καί
996 569 1055 628 ὁλο·

278 684 291 710 ιι
308 656 471 739 φυρομένους
489 657 619 736 ὁρῶντες,
645 655 692 714 καί
711 655 757 714 ἵνα
777 653 888 715 ἕκαστον
903 654 1057 733 έπιόσωμέ-

278 772 291 798 ιι
307 769 366 813 νους
389 744 504 827 ίταιρίας
530 768 559 804 τε
591 743 637 804 καί
661 743 816 826 συντροφίας
836 743 882 804 καί
909 744 1058 825 ὁμαιχμίας

278 861 291 887 ι
308 834 573 911 ἀναμιμνήσκοντας,
594 834 646 913 οιίχ
665 834 842 911 ὑπεμείναμεν
858 834 1054 912 ίγκαταλιπεῖν·

277 953 290 977 ι
306 923 473 1002 ἡγησάμενοι
497 921 524 983 δὲ
544 922 686 982 κάλλιστον
713 912 847 981 εἶναικαὶ
870 922 1056 1003 λαμπρότατον

277 1038 290 1065 ιι
308 1015 398 1092 εἰγῶνα
426 1012 471 1072 τὸν
483 1009 548 1093 ὁπίρ
565 1014 660 1089 ὑμῶν,
675 1010 757 1087 ὁμόσε
771 1017 825 1077 τοῖς
842 1012 933 1079 δεινοῖς
953 1011 1056 1093 έχωρή·

278 1125 291 1153 ιι
307 1124 407 1178 σαμεν,
423 1099 547 1178 μέγιστον
561 1098 613 1173 ήδη
634 1096 759 1159 κινδύνων
775 1098 964 1181 ἀναρρίψαντες
984 1103 1058 1161 ἐκεῖ·

278 1216 291 1241 ιι
308 1193 400 1269 νον,έν
416 1179 439 1271 ᾧ
457 1187 544 1249 πολλὰ
566 1187 615 1265 μέν
634 1185 776 1266 τραύματα
801 1187 946 1267 λαθόντες,
970 1189 1056 1249 πολλδι

278 1304 290 1332 ιι
307 1281 334 1339 δὲ
349 1281 462 1355 σὼματα
477 1280 609 1356 συγγενῶν
620 1300 649 1335 τε
661 1277 707 1335 καί
717 1277 828 1359 έταίρων
844 1277 889 1336 καί
901 1279 1056 1356 ὁμοσκήνων

277 1392 290 1418 ιι
307 1365 503 1441 ἀποόαλόντες,
524 1363 682 1442 ἐνικήσαμεν
693 1363 753 1433 τούς
772 1365 915 1445 πολεμίους
935 1368 1056 1436 καὶτοὺς

278 1483 291 1509 ιι
308 1459 438 1535 ἡγεμόνας
454 1457 541 1516 αὐτῶν
561 1453 766 1534 ἀπεκτείναμεν,
781 1453 828 1514 καί
849 1454 898 1530 τήν
914 1457 1056 1536 βασιλικήν

278 1572 290 1598 ιι
308 1546 460 1623 συγγένειαν
478 1543 586 1605 ἅπασαν
600 1544 792 1625 διεφθείραμεν.

314 1636 430 1696 lxxv,
455 1633 512 1693 ιἋ
527 1631 576 1711 μὲν
593 1633 625 1705 δή
643 1635 679 1700 εἷς
694 1632 724 1692 cb
743 1633 967 1713 συνελευθερῶσαι
987 1637 1056 1713 ὑμᾶς

278 1722 360 1780 ιιοίπὸ
382 1726 434 1780 τῶν
455 1722 588 1802 τυράννων
609 1720 798 1804 παρεσχόμεθα
814 1722 881 1802 ὑπὲρ
900 1725 1010 1802 δύναμιν
1024 1724 1055 1785 τὸ

277 1835 290 1862 ιι
306 1813 408 1870 έαυτιῖιν
424 1811 575 1892 πρόθυμον,
599 1815 651 1893 οὐχ
672 1810 723 1871 ὁπὸ
745 1815 792 1868 τοῦ
814 1812 957 1888 ἀναγκαίου
985 1816 1054 1890 nul-

277 1924 290 1951 ιι
306 1899 351 1958 λον
366 1901 403 1968 είς
417 1899 481 1959 αὐτὸ
498 1898 677 1967 καταστάντες
693 1898 711 1971 ἢ
725 1901 770 1958 ὑπ’
789 1903 990 1978 άρετῆς,ταύτοί
1004 1905 1052 1961 ε’σ-

277 2012 289 2039 ιι
306 2011 357 2048 τιν.
384 1984 416 2048 Ἃ
433 1986 461 2047 δί
474 1991 510 2056 είς
532 1987 563 2047 τὸ
586 1987 715 2062 τιμᾶσθαί
733 2010 762 2046 τε
783 1987 830 2046 καί
846 1985 938 2067 όίρχειν
955 1991 1052 2070 ἑτέρων

276 2101 289 2128 ιι
306 2076 460 2136 δυναστείαν
484 2100 513 2135 τε
537 2074 728 2158 περιύαλέσθαι
760 2074 843 2151 μείζω
867 2074 885 2146 ἢ
909 2077 978 2137 κατὸι
1004 2076 1053 2151 τήν

276 2190 289 2217 ιι
310 2164 336 2233 ἐξ
363 2167 449 2247 ἀρχῆς
476 2166 583 2236 δόκησιν
608 2162 755 2239 ἀκούσατε,
781 2166 827 2223 καί
849 2162 936 2239 ὅπως,
967 2165 1012 2225 έάν
1026 2190 1053 2226 τι

276 2255 470 2336 «παρατρέψω
494 2254 538 2313 τδν
563 2252 640 2333 λόγον
664 2251 715 2322 ἔξω
731 2257 776 2314 τοῦ
802 2255 933 2330 ιἰληθοῖῖς,
962 2255 1052 2337 ὥσπερ

274 2345 350 2400 ικαὶ
374 2342 522 2423 ἀρχόμενος
548 2332 639 2410 ε’ίπον,
654 2338 843 2401 ίναντιόισεσθί
868 2365 925 2418 μοι.
969 2340 1050 2423 Ὑμῖν

275 2456 289 2484 ιι
302 2430 355 2511 γάρ
369 2432 460 2504 έπειδή
482 2430 512 2491 τὸ
536 2428 654 2512 ἀσφαλές
671 2434 719 2503 τῆς
741 2428 890 2512 ἐλευθερίας
911 2428 997 2501 έὸοξεν
1012 2424 1050 2493 εί·

276 2542 351 2579 ιιναι
371 2517 493 2601 βέύαιον,
516 2521 565 2579 οὐκ
587 2517 740 2599 ἀπέχρησεν
767 2517 811 2578 ίπί
827 2517 922 2580 τούτου
944 2520 1048 2598 μένειν,

276 2635 289 2662 ιι
306 2609 364 2669 ἀλλ’
380 2609 426 2669 ἐπὶ
440 2610 470 2668 τὸ
485 2610 586 2688 τολμθν
605 2609 652 2668 καί
665 2617 861 2689 νεωτεροποιεῖν
876 2608 1049 2689 ὁρμήσαντες,

277 2698 398 2777 «ἐχθρὸν
424 2695 451 2757 δὲ
466 2698 530 2765 ίσως
548 2696 619 2759 θπαν
642 2697 783 2777 ἡγούμενοι
808 2696 838 2756 εδ
861 2696 1051 2779 περιεχόμενον

275 2812 288 2837 ιι
303 2786 468 2866 ίλευθερίας,
488 2788 535 2848 καί
555 2792 649 2867 μικροῦ
665 2788 718 2845 δεῖν
734 2784 799 2867 πρδς
820 2784 939 2852 ἅπαντας
956 2787 1053 2865 ἀνθρώ·

277 2897 290 2924 ιι
308 2895 372 2939 nou<
394 2874 510 2952 πόλεμον
535 2873 730 2944 ἀναδείξαντες,
746 2875 782 2943 είς
804 2874 892 2934 πάντα
910 2874 944 2933 τδι
964 2876 1050 2936 κινδυ·

277 2962 425 3039 ιινεύματα
449 2963 495 3022 καὶ
519 2961 579 3030 τούς
608 2963 675 3044 ὑπὲρ
700 2967 749 3032 τῆς
777 2962 929 3031 πλεονεξίας
954 2962 1052 3033 ταύτης

226 3097 227 3100 ,
278 3052 413 3129 ιᾶγιῖινας
437 3058 491 3117 τοῖς
515 3050 654 3132 ἡμετέροις
676 3050 758 3133 ᾤεσθε
783 3054 836 3111 δεῖν
865 3056 1051 3134 καταχρῆσθαι

219 3170 247 3211 oo

220 3616 247 3654 nt

277 3166 290 3192 ιι
307 3139 439 3215 σώμασιν.
479 3135 568 3207 Ὅσας
588 3138 637 3217 μίν
650 3139 740 3208 πόλεις
759 3141 829 3201 κατὸι
851 3141 914 3218 μίαν
938 3141 983 3200 καί
1007 3139 1053 3198 δύο

277 3254 290 3280 ιι
307 3226 472 3303 πολεμούσας
492 3228 554 3305 ὁμῖν
567 3226 634 3308 ὁπὲρ
647 3233 695 3303 τῆς
709 3229 871 3311 ἐλευθερίας,
892 3227 940 3296 τδις
963 3227 1011 3306 μὲν
1021 3230 1053 3286 έκ

278 3341 291 3368 ι
308 3314 481 3395 παρατάξεως
513 3314 724 3400 χειρωσάμενοι,
746 3318 795 3386 τάς
817 3317 845 3378 sl
867 3318 1052 3398 τειχομαχίαις

278 3403 409 3473 «ἑλόντες
434 3407 565 3480 ὁπηκόους
586 3406 765 3482 ἐποιήσαμεν,
789 3410 835 3470 ἐῶ.
878 3408 913 3469 Τί
935 3406 987 3488 γάρ
1014 3410 1055 3466 δεῖ

278 3520 291 3559 ιι
306 3493 376 3554 κατὰ
391 3493 485 3575 μικρὸν
496 3495 582 3574 λέγειν
595 3496 642 3564 τὸς
659 3496 779 3576 πράξεις,
799 3497 931 3569 τοσαύτην
946 3497 1055 3578 ἔχοντας

279 3608 292 3636 ιι
314 3581 400 3660 λόγων
422 3581 546 3663 ἀφθονίαν
552 3607 562 3660 3
579 3582 649 3645 llll
664 3587 816 3665 Τυρρηνίαν
832 3586 939 3647 ἅπασαν
953 3590 989 3655 είς
1004 3588 1054 3647 διό·

279 3672 374 3730 ιιὸεκα
399 3670 580 3748 νενεμημένην
604 3673 746 3751 ἡγεμονίας
769 3673 816 3733 καί
839 3677 926 3755 πολλῇ
954 3675 1055 3757 μέντῇ

278 3786 291 3813 ιι
308 3758 378 3820 κατὰ
392 3762 458 3838 γῆν,
476 3762 562 3842 πολλῇ
584 3760 659 3841 tiri
680 3760 750 3822 κατὰ
770 3763 901 3824 θάλατταν
918 3766 1055 3846 δυναστεία

279 3875 292 3901 ιι
309 3847 552 3929 περιουσιάζουσαν,
567 3848 633 3917 τίνες
649 3843 717 3923 ήσαν
734 3853 757 3911 oi
773 3853 1056 3931 συγκατακτησάμενοι

280 3938 355 3995 ικαὶ
370 3936 528 4009 ποιήσαντες
548 3936 631 4010 αὐτήν
646 3941 706 4015 ὑμῖν
727 3938 858 4014 ὁπήκσον;
877 3942 1009 4011 Σαύίνους
1028 3942 1055 4004 δὲ

281 4050 294 4076 ι
310 4025 430 4085 τουτουσί
441 4071 450 4104 ,
463 4028 532 4095 ἔθνος
547 4028 710 4100 τηλικοῦτον,
733 4018 771 4095 οἶς
789 4028 833 4088 διὰ
855 4031 953 4099 παντὸς
966 4035 981 4090 ὁ
996 4031 1057 4113 περί

282 4137 295 4163 ιι
310 4115 361 4171 τῶν
376 4115 512 4192 πρωτείων
532 4115 597 4196 πρὸς
611 4120 679 4194 ὑμᾶς
691 4108 724 4190 ήν
740 4119 829 4196 ἀγὼν,
844 4118 909 4180 ποία
924 4119 1058 4203 παρέσχεν

282 4224 294 4251 ιι
311 4198 373 4275 ύμῖν
388 4201 496 4277 βοήθεια
514 4203 610 4280 μηκέτι
624 4208 814 4283 διαμιλλᾶσθαι
830 4209 958 4290 περὶτῶν
974 4211 1057 4291 ίσων;

282 4286 338 4347 «el
355 4286 400 4361 δίς
424 4290 472 4356 τὸς
495 4291 616 4353 Λατίνων
640 4294 780 4375 τριάκοντα
802 4296 904 4378 πόλεις,
934 4300 964 4359 ού
980 4298 1059 4378 μόνον

281 4375 449 4455 «δυνάμεως
475 4377 577 4456 μεγέθει
604 4383 778 4466 ίπαιρομένας
801 4387 871 4446 ἀλλὰ
891 4387 938 4447 καί
957 4388 1002 4449 ἐπί
1020 4393 1058 4468 τῷ

224 4498 250 4534 ιε
279 4491 292 4516 ⁸
306 4464 456 4544 δικαιότῑρα
480 4464 567 4535 ἆξῑθῧν
582 4470 651 4549 μέγα
673 4472 826 4556 φρονούσας,
848 4476 916 4545 τίνες
943 4467 1012 4549 ἦσαν
1034 4480 1058 4537 oi

225 4948 252 4984 ὁθ

282 4578 295 4608 ι
311 4553 578 4634 καταδουλωσάμενοι
604 4558 651 4619 καί
676 4561 858 4645 παρασχόντες
872 4561 939 4643 barin
958 4565 1058 4644 ἀνδρα-

282 4648 441 4724 ιιποδισμοῦ
467 4644 514 4706 καί
536 4651 712 4730 κατασκαφῆς
736 4652 788 4709 τῶν
809 4649 912 4711 πόλεων
935 4651 1059 4729 δεομένας

282 4759 295 4787 ιι
311 4740 472 4817 καταφυγεῖν
491 4740 532 4818 ῖφ’
547 4740 633 4815 ύμθςς

317 4826 448 4888 lxxvi.
464 4853 477 4879 ιι
494 4825 551 4888 'lid
565 4826 670 4900 τᾶλλα,
687 4825 727 4885 ὅτ’
742 4826 815 4886 οὔπω
831 4827 1059 4898 διαστασιάζοντες

283 4911 376 4992 «πρὸς
396 4917 463 4990 ὑμᾶς
485 4913 531 4974 καί
555 4915 630 4975 αύτοί
644 4915 675 4991 γε’
697 4939 738 4975 τοι
763 4916 984 4994 μεταποιούμενοι
1006 4920 1059 4976 τῶν

285 5000 344 5057 alx
369 5004 416 5073 τ’ής
439 5004 523 5084 ἀρχῆς
551 5002 664 5064 έλπίδων
698 5006 962 5085 συνεκινδυνεύσαμεν
983 5009 1058 5082 ύμῖν.

285 5083 386 5145 «Ἀλλ’
400 5090 490 5163 ἐπειδὴ
515 5096 635 5173 φανερῶς
657 5091 710 5166 ήδη
731 5097 875 5172 τυραννίδα
895 5094 1060 5177 περιόεόλη-

285 5197 298 5222 ι
317 5170 390 5247 μένοι
408 5178 456 5248 τήν
471 5178 566 5259 ἀρχήν,
590 5181 636 5239 καί
649 5185 714 5258 ἡμῖν
738 5181 829 5263 ύίσπερ
845 5184 945 5253 δούλαις
967 5206 1060 5266 παρα-

284 5284 298 5311 a
313 5257 446 5339 χριόμενον
466 5264 656 5347 ἐξηλέγχθητε,
674 5272 751 5346 ἡμεῖς
764 5293 792 5330 τε
803 5273 891 5332 οὐκέτι
905 5273 990 5351 ὅμοιοι
1000 5281 1058 5341 ταῖς

800 432 968 497 Dlolell
990 432 1367 498 llnllcnltltlssullsls

1112 594 1125 620 «
1140 576 1213 640 pulos
1235 576 1284 629 sibi
1301 576 1482 640 adscivissent,
1506 589 1564 628 cum
1582 566 1725 629 rideremus
1741 593 1788 630 ros
1801 582 1895 647 suppli·

1112 683 1125 707 ι
1140 663 1204 714 citer
1233 667 1335 715 orantes
1354 667 1380 716 et
1396 664 1523 726 lugentes,
1548 667 1575 715 et
1600 664 1798 731 uniuscuiusque
1820 681 1894 734 opem

1112 769 1125 794 ι
1139 749 1707 814 implomntca,etsodalitatemetcommuaem
1721 754 1894 809 educationem

1111 857 1125 882 ιι
1141 840 1216 901 atque
1232 851 1388 889 communem
1406 838 1521 890 militiam
1540 845 1776 907 commemorantes,
1787 844 1897 895 -rosde-

1112 945 1126 971 ι
1140 938 1222 977 serere
1238 939 1288 988 non
1302 925 1465 979 sustinuimus
1485 945 1492 976 :
1512 929 1557 980 sed
1574 930 1746 984 existimantes
1765 937 1897 986 certamen

1113 1024 1185 1076 «pro
1207 1011 1278 1062 robis
1298 1016 1440 1078 susceptum
1461 1012 1662 1067 honestissimum
1685 1031 1715 1067 ae
1729 1019 1897 1082 prnclarlsst-

1113 1118 1126 1144 ιι
1140 1114 1210 1151 mum
1235 1113 1307 1164 esse,
1331 1100 1386 1151 bno
1413 1100 1479 1152 mua
1504 1101 1636 1166 sublimus,
1665 1104 1803 1157 maximum
1831 1107 1897 1157 illud

1113 1208 1126 1234 ι
1138 1189 1275 1255 periculum
1288 1191 1348 1241 tnnc
1368 1189 1452 1242 subire
1471 1203 1522 1242 non
1532 1188 1689 1254 dubitantes,
1704 1194 1730 1243 in
1745 1207 1797 1258 quo
1810 1208 1898 1260 aceep-

1112 1298 1125 1324 ι
1140 1279 1174 1331 tls
1193 1278 1281 1330 multis
1302 1277 1446 1330 vulneribus
1469 1283 1495 1331 et
1512 1280 1609 1333 amissis
1627 1280 1713 1333 miultis
1733 1283 1846 1347 cognatis
1870 1287 1898 1334 et

1113 1388 1126 1412 ιι
1139 1366 1265 1419 sodalibus
1286 1368 1311 1418 et
1326 1365 1560 1429 contubernalibus,
1577 1366 1664 1421 hostes
1676 1370 1781 1421 vicimus
1793 1382 1900 1422 eorum·

1112 1468 1188 1520 nque
1203 1453 1466 1515 ducesinterlecimus,
1482 1456 1508 1506 et
1526 1457 1608 1506 totum
1628 1456 1724 1519 regium
1746 1469 1824 1519 genus
1835 1470 1898 1508 exs-

1111 1563 1124 1587 ιι
1141 1542 1265 1595 tinuimus.

1140 1631 1237 1680 Lllilv.
1256 1647 1268 1672 «
1284 1630 1344 1679 llaec
1361 1627 1437 1691 igilur
1449 1629 1510 1679 sunt
1529 1640 1588 1692 quse
1610 1641 1657 1694 pro
1669 1628 1797 1679 communi
1810 1632 1898 1682 vestra

1111 1737 1124 1762 ιι
1137 1717 1278 1769 libertates
1294 1716 1406 1779 tyrannis
1424 1715 1573 1767 vindicanda
1594 1730 1671 1782 supra
1683 1717 1751 1769 vires
1765 1717 1832 1770 ultro
1849 1732 1899 1769 ne·

1111 1824 1124 1849 ιι
1140 1817 1190 1869 qua
1217 1804 1364 1856 necessitate
1387 1803 1471 1869 polius
1492 1802 1573 1856 coacti
1595 1817 1672 1869 quam
1695 1804 1798 1856 virtutis
1821 1819 1897 1870 ergo,

1111 1891 1210 1944 «robis
1230 1892 1398 1944 exhibuimus.
1432 1894 1497 1951 Qua
1522 1905 1586 1943 vero
1602 1891 1795 1957 prestiterimus
1813 1895 1898 1944 rein

1111 2001 1124 2026 ιι
1138 1993 1241 2041 caussa,
1261 1984 1291 2030 ul
1306 1981 1332 2031 et
1352 1979 1471 2030 bonorem
1490 1982 1518 2031 et
1534 1979 1666 2045 imperium
1686 1980 1787 2033 melios
1807 1994 1897 2033 conse·

1111 2089 1123 2114 ι
1138 2069 1290 2134 queremini,
1299 2074 1326 2121 et
1336 2069 1503 2134 principatum
1516 2068 1645 2133 maiorem,
1654 2084 1732 2136 συιιυ
1743 2069 1816 2120 initio
1830 2070 1900 2122 exis-

1111 2178 1124 2202 ι
1138 2158 1279 2220 limabatur,
1291 2157 1362 2209 robis
1380 2158 1570 2223 compararetis,
1588 2158 1694 2221 audite,
1715 2162 1740 2210 et
1759 2158 1781 2209 si
1800 2172 1851 2221 qua
1870 2160 1900 2210 in

1112 2266 1125 2290 ι
1140 2260 1168 2297 re
1183 2260 1199 2297 e
1213 2246 1319 2298 veritato
1330 2246 1370 2298 rel
1382 2246 1512 2299 minimum
1525 2260 1666 2310 recessero,
1685 2247 1752 2298 sicul
1770 2248 1900 2313 principio

1112 2353 1125 2378 ιι
1139 2333 1208 2396 dlxi,
1229 2333 1292 2385 mibi
1314 2334 1460 2387 reclamate.
1486 2335 1629 2395 vosenim,
1647 2336 1778 2399 postquam
1798 2333 1827 2385 in
1839 2338 1901 2386 luto

1112 2443 1125 2466 ιι
1138 2422 1192 2473 risa
1208 2426 1248 2474 est
1259 2422 1377 2484 libertas,
1399 2436 1449 2474 non
1464 2424 1574 2476 contenti
1589 2422 1686 2486 tutelis,
1701 2435 1787 2488 neque
1803 2423 1830 2473 in
1847 2422 1900 2475 boe

1114 2532 1126 2556 ιι
1141 2525 1225 2563 rerum
1247 2512 1314 2562 stain
1332 2524 1431 2563 manere
1441 2512 1558 2563 voluistis
1571 2529 1578 2562 ι
1591 2512 1638 2564 sed
1656 2526 1686 2563 oo
1703 2511 1815 2564 audacie>
1836 2524 1901 2577 pro·

1113 2620 1124 2644 ι
1141 2599 1258 2665 rupistis,
1271 2584 1304 2651 ¹ut
1319 2612 1360 2650 res
1371 2613 1448 2652 novas
1459 2600 1541 2653 moliri
1562 2613 1611 2653 uon
1623 2600 1791 2664 dubitaretis,
1808 2614 1899 2653 omnes

1114 2707 1127 2731 ιι
1141 2687 1264 2740 libertatis
1273 2687 1372 2740 tuendae
1385 2689 1511 2741 studiosos
1523 2703 1594 2754 aeque
1606 2704 1654 2755 pro
1665 2690 1782 2742 hostibus
1801 2692 1900 2744 baben·

1114 2796 1127 2821 ιι
1141 2781 1190 2839 tes,
1211 2779 1238 2830 et
1249 2776 1342 2830 bellurn
1357 2791 1428 2844 peno
1443 2778 1561 2831 omnibus
1579 2778 1730 2832 mortalibus
1741 2779 1898 2843 indicentes,

1115 2886 1128 2911 ι
1145 2869 1220 2932 atque
1244 2866 1270 2918 in
1297 2867 1337 2919 his
1361 2866 1477 2932 periculis
1499 2871 1526 2918 et
1542 2867 1654 2933 proeliis,
1678 2881 1724 2933 pro
1746 2869 1796 2920 bac
1816 2870 1901 2921 vestra

1114 2973 1126 2997 ιι
1142 2953 1222 3018 pluris
1231 2953 1337 3006 habendi
1350 2954 1489 3020 cupiditate
1500 2954 1637 3020 susceptis,
1649 2955 1742 3007 nostris
1754 2956 1901 3021 corporibus

1115 3064 1127 3086 ι
1143 3042 1214 3094 robis
1226 3043 1377 3094 abolendum
1395 3056 1451 3095 osse
1464 3043 1581 3108 putastis.
1615 3046 1683 3102 Quot
1700 3058 1761 3096 vero
1772 3045 1899 3105 civitates,

1115 3152 1127 3175 ιι
1141 3131 1216 3182 modo
1225 3131 1335 3196 singulus
1352 3131 1429 3183 modo
1442 3133 1507 3184 duas
1524 3132 1598 3184 simul
1613 3132 1744 3186 vobiscum
1762 3149 1807 3199 pro
1821 3135 1901 3186 liber·

1115 3240 1127 3263 ι
1142 3222 1193 3270 tate
1217 3219 1310 3270 bellum
1332 3222 1460 3283 gerentes,
1483 3220 1576 3284 partim
1593 3218 1647 3271 acie
1675 3223 1805 3284 superatas
1825 3222 1853 3273 et
1876 3222 1903 3273 in

1115 3327 1127 3351 ι
1141 3308 1250 3358 nostram
1262 3308 1412 3371 potestatem
1422 3305 1555 3367 redactas,
1572 3307 1663 3372 perdm
1676 3307 1793 3358 obsessas
1807 3320 1839 3357 ac
1855 3321 1903 3359 ex-

1115 3417 1127 3439 ι
1141 3399 1262 3461 pugnatas
1274 3395 1458 3459 subegerimus,
1479 3397 1609 3460 prcetcreo.
1642 3394 1782 3464 Quidenim
1797 3397 1906 3458 oportet
2017 3446 2018 3449 ,

1113 3505 1126 3531 ι
1141 3484 1280 3535 minutatim
1302 3497 1343 3536 res
1361 3487 1444 3550 gestas
1463 3496 1604 3544 recensere,
1632 3496 1690 3549 qun
1709 3484 1806 3535 tantam
1837 3498 1902 3536 uer·

1114 3596 1126 3620 ι
1142 3575 1231 3627 borum
1244 3573 1373 3626 materiam
1387 3571 1514 3639 prebent?
1535 3573 1681 3624 Universum
1698 3586 1742 3638 pro
1756 3572 1901 3636 Etruriam,

1115 3685 1128 3708 «
1144 3665 1169 3715 in
1192 3662 1323 3715 duodecim
1349 3661 1501 3727 principatus
1524 3659 1647 3722 diuisam
1668 3663 1694 3711 et
1716 3674 1808 3726 magna
1831 3666 1901 3713 terra

1114 3752 1254 3817 «marique
1279 3750 1388 3815 potentia
1410 3749 1559 3816 pollentem,
1583 3748 1685 3813 quinam
1702 3747 1775 3799 robis
1795 3761 1901 3814 συνιερε-

1114 3861 1127 3886 ι
1143 3844 1229 3891 raront
1239 3844 1314 3905 adsue
1326 3839 1354 3891 ln
1364 3842 1474 3890 vestram
1486 3838 1607 3889 ditionem
1620 3837 1772 3900 rmegerunc
1785 3876 1793 3901 ,
1806 3840 1837 3889 ut
1851 3836 1901 3889 im·

1115 3946 1128 3971 ιι
1141 3927 1212 3993 perio
1224 3928 1309 3978 restro
1321 3927 1437 3992 pareret?
1447 3937 1611 3989 quommnam
1624 3937 1687 3975 varo
1696 3935 1744 3988 ope
1755 3923 1903 3976 tacturuest

1112 4034 1126 4063 ι
1140 4018 1170 4067 ut
1182 4014 1266 4068 Sabini
1278 4014 1337 4077 isli,
1350 4027 1410 4078 gens
1418 4017 1471 4066 tam
1484 4013 1583 4077 salida,
1602 4012 1753 4078 quibuscum
1768 4013 1900 4065 continen-

1115 4121 1128 4148 ι
1143 4106 1181 4154 ter
1192 4102 1224 4155 de
1237 4101 1374 4168 principatu
1390 4100 1593 4163 contendebatis,
1608 4101 1640 4152 de
1656 4114 1730 4165 usquo
1744 4102 1799 4153 iuro
1817 4102 1901 4154 robis·

1114 4207 1127 4233 ιι
1145 4203 1203 4242 cum
1224 4189 1331 4255 amplius
1346 4203 1394 4240 non
1409 4189 1577 4241 contendunt?
1594 4188 1676 4247 Quid?
1693 4189 1841 4242 Latinorum
1852 4191 1899 4243 tri·

1114 4296 1128 4322 ιι
1143 4277 1210 4343 mnia
1223 4278 1326 4344 populos
1340 4291 1389 4329 non
1404 4278 1486 4329 solum
1497 4278 1665 4344 magnitudine
1681 4280 1800 4344 ponnus
1810 4281 1900 4341 elmon,

1114 4386 1127 4411 ι
1144 4366 1186 4417 εει]
1204 4367 1278 4417 etiam
1295 4368 1329 4419 ob
1340 4366 1483 4432 ecdurum
1492 4367 1673 4431 postulatorum
1685 4368 1827 4431 animosas,
1839 4370 1902 4433 qui-

1114 4471 1127 4498 ι
1142 4465 1200 4502 nom
1217 4453 1368 4519 subegemnt
1386 4467 1480 4519 eosque
1495 4457 1643 4519 coegenmt,
1660 4470 1693 4508 ne
1710 4455 1737 4507 in
1748 4455 1904 4510 seminatam

1114 4559 1127 4585 ι
1139 4539 1311 4605 abriperentur
1322 4544 1349 4595 et
1360 4541 1435 4594 urbes
1450 4541 1561 4608 ipsorum
1573 4546 1752 4605 everterentur,
1771 4543 1906 4609 supplices
2017 4590 2018 4597 ,

1114 4628 1236 4682 «advos
1254 4631 1405 4697 coningere?

1144 4848 1251 4899 Lllllvl.
1270 4867 1283 4894 ι
1294 4847 1347 4900 illa
1358 4848 1438 4901 malta
1451 4852 1590 4915 pretereo,
1604 4863 1661 4915 qun
1671 4888 1678 4912 ‚
1689 4863 1749 4903 cnm
1758 4850 1870 4903 nondum
1884 4864 1902 4902 a

1116 4936 1214 4988 «robis
1229 4937 1417 5000 dissideremus,
1440 4951 1605 5003 nosquoque,
1630 4936 1692 4989 nibil
1710 4938 1902 4991 commodorum

1116 5040 1128 5066 ιι
1144 5036 1175 5073 ex
1190 5023 1292 5089 imperio
1305 5029 1448 5090 sperantes,
1468 5026 1598 5077 vobiscum
1615 5041 1664 5079 non
1679 5029 1734 5079 sine
1747 5030 1833 5080 nostro
1852 5041 1901 5093 pe·

1116 5130 1127 5154 ι
1143 5111 1222 5163 τίσιιίο
1231 5112 1361 5178 gessimus.
1382 5116 1476 5165 Verum
1488 5120 1650 5181 posteaquam
1670 5118 1831 5169 manifestum
1843 5121 1903 5168 erat

1116 5216 1128 5242 ι
1143 5212 1189 5250 ros
1202 5200 1336 5265 imperium
1347 5205 1458 5253 restrum
1470 5203 1495 5254 in
1508 5205 1662 5268 tyrannidem
1674 5205 1726 5256 lam
1743 5204 1904 5258 convertisse

1115 5308 1127 5333 ι
1142 5289 1168 5339 et
1181 5288 1252 5340 nobis
1262 5291 1379 5356 tauquam
1390 5292 1518 5357 mancipiis
1525 5293 1608 5355 abuti,
1622 5306 1715 5359 nosque
1726 5308 1777 5346 non
1790 5293 1903 5360 amplius
2017 5284 2018 5289 ἵ
