3980 5936
2 778 7 807 l

2 882 6 913 i

626 438 921 512 ANTiQUlTATUbi
943 440 1091 501 ROMAN.
1115 440 1186 504 LlB.
1210 443 1263 504 xi.
1688 446 1748 509 649

135 570 298 650 «γενήσεται
321 570 349 631 δὲ
370 572 418 630 ούκ
446 572 483 638 είς
513 570 637 651 μακράν·
665 567 724 629 τότε
747 568 910 649 παρέσομαι.

135 658 436 740 «Καίτθμένύπίρέ
460 665 490 720 ob
507 665 637 719 τοσαῦτα·
656 656 911 741 περλδέτοδπολὲ-

134 779 148 804 ιι
163 775 213 828 μου
227 749 326 821 ταύτην
340 752 418 827 ὑμῖν,
427 771 450 807 ω
466 746 567 828 βουλὴ,
583 744 693 826 γνώμην
707 746 911 826 ἐποδείκνυμαι,

134 867 146 890 «ι
159 840 245 916 μηδέν
265 836 425 919 ψηφίζεσθαι
447 836 508 915 περί
532 835 643 914 μηδενὸς
663 834 837 914 πράγματος,
863 834 912 903 ἐως

6 1008 13 1017 Ι
93 945 107 984 s
134 926 218 1006 «[ἂν]
238 928 430 1006 εῖποδειχθῶσιν
450 928 479 985 αῖ
501 922 594 1005 ἀρχαί.
608 949 622 977 υ
645 926 741 984 Ταῦτα
756 921 848 997 aindas,
866 922 913 983 καὶ

2 1294 15 1327 μ

133 1015 214 1075 πολὺν
229 1017 259 1074 ἐκ
272 1020 318 1074 τοῦ
341 1013 475 1093 συνεδρίου
494 1011 603 1089 κινήσας
618 1010 725 1073 ίπαινον
743 1012 787 1073 ε’πί
801 1015 840 1092 τῷ
853 1033 912 1089 γεν·

134 1102 199 1184 ναίῳ
213 1102 259 1163 καί
272 1101 446 1184 ριλελευθίρορ
462 1105 509 1174 τῆς
523 1099 639 1180 γνώμης,
654 1100 770 1162 ἐκάθισε.
795 1098 871 1161 Μετθι
884 1101 912 1159 δὲ

133 1197 223 1252 τοῦτον
237 1191 353 1258 ἀναστάς
366 1188 477 1257 Λεύκιος
494 1191 631 1266 Κοίντιος,
647 1193 662 1248 ό
676 1187 838 1267 καλούμενος
859 1192 911 1251 lir-

133 1279 267 1354 κιννάτος,
282 1279 328 1340 καί
339 1278 419 1346 Τίτος
434 1272 553 1345 Κοίντιος
568 1279 767 1354 Καπιτωλῖνος,
782 1276 828 1337 καὶ
842 1278 912 1339 Λεύ-

970 597 982 621 ι
997 580 1074 639 sinor,
1085 579 1144 630 bule
1165 580 1345 634 decemviratui
1364 581 1576 646 aoelderit(breri
1597 588 1681 634 autom
1699 585 1747 635 boe

969 684 981 708 ι
996 664 1063 729 liet),
1080 668 1143 717 tune
1151 666 1244 719 redibo.
1279 671 1376 733 Atque,
1400 669 1467 732 quod
1480 668 1513 719 ad
1524 682 1566 720 rue
1581 670 1678 732 attinet,
1692 672 1748 724 hee

967 771 980 795 ι
995 752 1127 805 sintsatis.
1160 757 1199 807 Do
1231 755 1296 807 bello
1321 769 1391 817 vero,
1416 757 1504 807 Patres
1522 757 1670 821 conscripti,
1692 759 1748 810 huo

967 859 980 884 α
997 843 1104 892 estmoe
1114 843 1236 895 seuoentia
1247 882 1254 906 ‚
1267 847 1297 895 ut
1312 843 1344 894 de
1363 857 1391 895 re
1403 844 1471 894 nulla
1484 844 1619 907 quiequam
1628 843 1746 896 decerna·

967 949 980 974 α
995 929 1044 990 tis,
1056 930 1137 981 donee
1149 932 1199 982 ottt
1221 932 1382 997 magistratib
1393 933 1471 984 oresti
1491 933 1592 984 luerint.
1611 953 1623 977 ν
1639 935 1700 985 lisso
1711 933 1749 985 lo·

965 1023 1049 1084 nutus,
1064 1024 1091 1072 et
1103 1021 1137 1071 ob
1150 1035 1294 1086 generosum
1308 1037 1338 1074 ao
1356 1023 1477 1075 libertatis
1495 1023 1634 1075 studiosam
1648 1027 1746 1075 senteu-

966 1106 1110 1160 tismralde
1121 1109 1293 1171 collaudatus,
1313 1110 1412 1162 resedit.
1446 1113 1507 1162 Post
1522 1124 1580 1162 eum
1600 1125 1704 1175 surgens
1716 1113 1745 1162 L.

966 1195 1084 1254 Quintius
1102 1196 1272 1260 cincinnatus,
1287 1200 1314 1248 et
1333 1198 1404 1248 Titus
1432 1197 1552 1258 Quintius
1578 1199 1745 1262 capitolinus,

966 1285 991 1331 et
1001 1284 1029 1333 1..
1045 1283 1183 1345 Lueretius,
1208 1288 1234 1335 et
1245 1283 1334 1348 reliqui
1345 1286 1461 1352 deinceps
1487 1289 1588 1338 sendus
1606 1287 1746 1353 principes,

2 1398 11 1431 ι
82 1386 107 1426 ts
134 1392 187 1436 κιος
205 1367 385 1452 Λουκρήτιος,
412 1365 459 1427 καί
480 1366 578 1433 πάντες
605 1365 662 1438 ίξῆς
687 1366 711 1427 ol
736 1364 912 1447 πρωτεύοντες
965 1363 1101 1416 inclaudii
1115 1368 1260 1419 mittentium
1275 1368 1382 1420 iverunt.

134 1456 250 1516 δέκατοῦ
262 1455 447 1536 συνεδρίου,τῇ
464 1453 596 1515 Κλαυδίου
603 1453 699 1533 γνώμη
714 1453 910 1535 προσετίθεντο.

173 1549 251 1610 XVI.
275 1546 339 1628 'Ep’
353 1537 376 1629 ᾧ
389 1543 609 1625 διαταραχθέντες
626 1548 650 1605 oi
666 1542 727 1623 περὶ
742 1543 786 1604 τδν
797 1543 911 1606 1’λππιον

133 1635 324 1697 ἐύουλιύσαντο
344 1633 442 1713 μηκίτι
462 1638 522 1694 καθ’
541 1633 647 1705 ἡλικίαν
661 1633 707 1693 καί
722 1634 818 1712 άρετῆς
833 1631 911 1702 ἀξίω-

135 1747 174 1784 σιν
189 1722 354 1799 συμόούλους
367 1723 476 1798 καλεῖν,
490 1721 560 1782 άλλθ
573 1721 631 1781 κατ’
645 1720 794 1796 οίκέιότητα
806 1722 851 1783 καί
863 1722 911 1795 τὴν

5 1812 10 1819 “
83 1829 107 1867 ιε
135 1811 443 1895 πρδςαθτοθςίταιρίαν.
483 1812 538 1873 ital
553 1810 691 1895 παρελθών
706 1810 818 1892 Μάρκος
839 1814 911 1889 Κορ-

134 1905 237 1977 νηλιος,
253 1903 377 1975 ἀνίστησι
390 1902 500 1963 Λεύκιον
517 1901 662 1980 Κορνήλιον
682 1900 726 1960 τὸν
741 1898 852 1981 ἐδελρθν
862 1944 871 1973 ,
882 1898 910 1968 θς

136 1988 238 2070 Κοίντῳ
261 1989 361 2072 Φαόίῳ
384 1989 559 2071 Οὖῖόουλανῷ
583 1986 762 2049 συνυπάτιυσι
780 1986 811 2047 τδ
823 1987 910 2068 τρίτον

135 2080 290 2140 ὑπατεύοντι
300 2123 308 2150 ,
319 2076 477 2159 δραστήριον
490 2076 575 2154 ἄνδρα
594 2079 641 2135 καὶ
652 2076 801 2144 πολιτικούς
815 2075 910 2145 διιξελ·

134 2175 186 2229 θεῖν
198 2169 290 2246 λόγους
301 2169 349 2227 οὒκ
360 2168 498 2227 ἀδύνατον.
509 2155 594 2232 Ούτος
603 2164 719 2233 άναστδς
728 2162 799 2232 ἐλεξε
814 2165 911 2224 τοιάδε·

79 2268 109 2307 ²⁰
136 2286 147 2311 s
162 2255 326 2335 Θαυμαστόν
345 2256 394 2332 μίν
413 2246 445 2328 ἦν
459 2253 505 2314 καὶ
522 2258 609 2325 τοῦτο,
624 2243 647 2313 ώ
663 2254 757 2332 βουλὴ,
773 2254 797 2312 εί
812 2252 910 2328 ταύτην

135 2375 148 2399 n
163 2348 266 2427 ἔχοντες
287 2346 422 2425 άνθροιποι
443 2348 491 2416 τὴν
509 2342 630 2415 ἡλικίαν,
647 2343 680 2416 ἢν
694 2342 799 2423 ἐχουσιν
814 2346 838 2403 οἱ
859 2345 911 2424 πρδ

136 2464 148 2489 o
163 2438 227 2515 ἐμοῦ
240 2433 349 2514 γνώμην
364 2434 577 2515 ἀποφηνάμενοι,
590 2431 634 2490 καί
650 2440 794 2512 πρωτεύειν
809 2433 912 2501 ἀξιοῦν-

136 2554 148 2577 «
163 2549 205 2594 τες
213 2528 267 2584 τῶν
280 2523 422 2603 συνίδρων,
440 2520 488 2593 πλν
501 2523 595 2580 ἐκτῶν
607 2522 751 2580 πολιτικῶν
765 2544 911 2603 προσκρου-

136 2642 147 2667 α
163 2614 272 2692 σμάτιον
288 2610 432 2691 άπίχθειαν
456 2610 632 2668 ἀδιάλλακτον
659 2609 750 2689 ἐχουσι
773 2610 837 2690 πρὸς
851 2610 911 2678 τοὺς

135 2730 148 2755 «ι
164 2700 429 2783 προεστηκόταςτῆς
450 2698 565 2771 πόλεως,
583 2697 628 2766 οθς
649 2700 730 2778 ἐχρῆν
745 2687 798 2759 οἷόν
821 2723 849 2759 τε
871 2700 910 2760 δεῖ

136 2821 148 2844 ιι
163 2792 318 2872 φυλάττειν,
333 2788 379 2849 καί
397 2792 451 2855 τοῖς
469 2786 535 2855 νίοις
553 2795 690 2867 παραινεῖν
706 2786 758 2845 άπὸ
780 2792 824 2846 τοῦ
845 2811 910 2869 κρα-

135 2910 147 2933 ν
161 2882 251 2942 τίστου
263 2881 393 2940 ποιεῖσθαι
408 2874 467 2944 τοὺς
481 2877 547 2958 ὑπὲρ
563 2878 615 2934 τῶν
629 2878 718 2934 καλῶν
734 2878 849 2954 ἀγῶνας,
864 2878 909 2937 καί

136 2999 147 3024 n
161 2970 200 3049 μὴ
223 2967 364 3047 πολεμίους
378 2965 447 3025 etit
463 2965 552 3047 φίλους
571 2969 690 3046 ἡγεῖσθαι
707 2964 766 3033 τοὺς
781 2965 841 3045 περὶ
857 2969 909 3025 τῶν

135 3087 148 3112 s
161 3060 253 3119 κοινῶν
269 3059 374 3136 ἀγαθῶν
390 3054 558 3122 ἀντιπάλους.
606 3054 705 3133 Πολλῷ
726 3055 749 3112 δ’
763 3053 802 3113 ἐτι
814 3052 908 3114 τούτου

135 3143 376 3224 «θαυμασιώτερόν
394 3146 480 3214 ἐστιν,
503 3144 526 3201 ai
546 3141 594 3209 τίς
615 3141 683 3209 ἐδίας
698 3141 840 3222 άπεχθείας
865 3143 910 3203 ἐπί

135 3263 149 3289 α
162 3234 196 3295 τά
220 3233 293 3294 κοινδ
311 3237 358 3304 τῆς
380 3231 482 3298 πόλεως
495 3228 641 3312 πράγματα
659 3230 848 3313 μεταρίρουσι,
863 3230 910 3289 καί

134 3354 148 3380 ι
163 3323 355 3386 συναπολέσθαι
377 3323 430 3389 τοῖς
442 3322 543 3381 teuent
561 3320 664 3400 ἐχθροῖς
679 3318 818 3398 βούλονται
842 3323 911 3396 μάλ·

134 3444 148 3469 «
161 3418 208 3477 λον
225 3415 243 3487 ἢ
263 3416 380 3483 σωθῆναι
400 3409 468 3488 μετέε
482 3409 590 3469 πάντων
604 3412 656 3467 τῶν
669 3407 762 3489 φίλων.
808 3409 909 3487 Ὑπορ-

134 3532 148 3559 e
163 3503 229 3575 δολὴ
252 3501 303 3582 γάρ
328 3499 416 3567 ἀνοίας
445 3496 523 3557 τοῦτό
545 3519 588 3575 γε·
614 3495 660 3555 καί
683 3498 713 3555 οὐ
739 3496 830 3577 πόρρω
855 3503 911 3557 θεο-

134 3621 149 3647 α
163 3590 289 3657 όλαόείας
314 3586 490 3659 πεποιήκασιν
518 3588 543 3644 οῖ
572 3582 693 3665 πρόεδροι
732 3588 779 3656 τῆς
814 3585 910 3662 βουλῆς

134 3712 148 3738 c«
165 3685 254 3758 ἡμῶν.
305 3669 389 3739 Οίτοι
401 3675 454 3757 γάρ
472 3677 694 3754 ἀγανακτοῦντες,
714 3674 754 3732 ότι
773 3671 910 3750 μετιόντας

135 3801 149 3826 ν
164 3771 257 3839 αθτοδς
271 3769 319 3841 τὴν
333 3771 386 3827 τῶν
402 3764 468 3825 δάκει
480 3762 582 3844 ἀρχὴν,
598 3754 630 3835 ἥς
645 3761 718 3821 αύτοί
731 3765 778 3820 νῦν
797 3783 912 3838 κατηγο-

134 3889 149 3916 «ι
165 3866 266 3943 ροθσιν,
289 3857 414 3929 ἐνίκησαν
442 3855 470 3913 ἐν
501 3852 683 3935 ἀρχαιρεσίαις
710 3848 914 3929 ἐπιτηδειότεροι

134 3979 149 4006 «ι
163 3949 301 4032 ρανέντες,
316 3946 358 4006 ἀεὶ
369 3948 527 4023 πολεμοῦσιν
549 3943 635 4010 αὐτοῖς
656 3940 770 4017 πόλεμον
785 3940 914 4001 ἀδιάλλα-

135 4068 150 4095 π
166 4062 244 4107 κτον,
266 4038 312 4097 καὶ
333 4037 369 4104 είς
380 4038 459 4093 τοῦτο
479 4032 589 4106 ἥκουσιν
606 4030 735 4105 εθηθείας,
762 4030 863 4108 μᾶλλον
885 4028 914 4089 δέ

134 4157 148 4181 α
165 4127 277 4205 μανίας,
292 4123 361 4185 ώστε
377 4121 421 4182 ἵνα
444 4124 549 4189 τούτους
572 4120 737 4181 διαύάλλωσι
755 4119 820 4200 πρδς
843 4122 913 4198 ὑμᾶς

133 4246 147 4269 «ι
162 4216 226 4288 ύλην
247 4214 421 4291 ὑπομένουσιν
442 4212 589 4293 ἀνατρέψαι
611 4209 661 4282 τὴν
681 4207 812 4288 πατρίδα·
836 4207 862 4268 οί
882 4233 912 4287 γε

133 4336 147 4359 a
164 4309 275 4388 όρόῖντες
296 4303 344 4381 μὲν
358 4302 505 4362 ἀνάστατον
529 4300 577 4371 τὴν
599 4298 690 4381 χώραν
706 4301 784 4375 ἡμῶν
797 4297 849 4358 θπδ
860 4303 913 4360 τῶν

133 4424 148 4450 ι
163 4394 299 4471 πολεμίων
308 4392 462 4470 γενομένην,
474 4388 610 4455 ἀκούοντες
621 4390 648 4448 δέ
658 4388 719 4448 όσον
731 4385 859 4447 οὕτωκαὶ
870 4388 913 4448 ert

67 4511 101 4549 ςε
133 4510 150 4539 ε
167 4482 216 4555 τὴν
233 4480 308 4541 πόλιν
326 4479 420 4546 αθτοθς
443 4476 607 4537 ἐλεύσεσθαι·
633 4475 664 4535 ab
687 4477 739 4557 ηθρ
762 4474 805 4535 διδ
828 4474 912 4551 μίσου

19 4574 23 4587 ’
133 4599 149 4627 α
164 4570 262 4653 χωρίον
282 4571 312 4629 ού
326 4569 408 4627 πολύ·
424 4568 482 4625 ἐντί
496 4571 547 4637 Ιτού
563 4566 727 4644 παρακαλεῖν
747 4564 793 4622 καὶ
812 4585 914 4643 παρορ-

133 4687 149 4716 α
165 4669 219 4738 μᾶν
232 4658 291 4727 τώς
303 4657 375 4724 νίους
394 4654 438 4714 ἐπί
457 4652 502 4714 τδν
518 4653 584 4734 θπέρ
602 4657 649 4726 τῆς
666 4651 792 4731 πατρίδος
804 4653 914 4730 δγῖίννα,

133 4776 149 4803 ι
163 4746 210 4807 καλ
235 4748 310 4806 αὐτοὶ
330 4745 405 4823 πόση
439 4742 573 4823 προθυμία
602 4742 649 4802 καὶ
667 4741 769 4820 σπουδῇ
796 4743 912 4820 βοηθεῖν,

10 4836 23 4861 ³
133 4864 148 4891 «
162 4838 213 4907 δατ,
235 4839 297 4914 γοῦν
312 4836 339 4892 ἐν
350 4840 404 4900 τοῖς
418 4829 585 4904 τηλικούτοις
599 4829 670 4892 ἐστὶν
690 4825 781 4909 ἐσχθς,
795 4827 856 4908 περί
866 4851 915 4889 πο-

9 4924 23 4949 ”’
63 4947 102 4990 so

1 5020 18 5060 ’,Ι

3 5114 15 5147 Ι

133 4953 148 4980 a
162 4921 262 4989 λιτιίας
285 4920 384 4998 κόσμου
413 4924 459 4979 νῦν
482 4916 599 4987 ἀξιοῦσιν
624 4921 694 4995 ὑμᾶς
719 4924 842 4988 σκοπεῖν,
866 4916 913 4977 καί

134 5044 149 5070 ι
162 5011 224 5080 νίας
248 5008 333 5092 άρχδς
360 5006 545 5071 ἀποδεικνύναι
576 5008 622 5066 καί
655 5006 743 5066 πάντα
767 5007 868 5084 μάλλον
895 5005 913 5077 ἢ

133 5128 148 5159 e
161 5101 223 5170 eet<
236 5097 343 5182 ἐχθροὺς
356 5102 445 5167 κακῶς
455 5104 554 5158 ποιεῖν·
569 5095 616 5156 καί
628 5095 688 5156 obit
703 5094 767 5156 αθτθ
780 5098 858 5155 τοῦτο
870 5095 914 5156 δύ·

133 5219 148 5246 «ι
160 5213 255 5253 νανται
273 5189 404 5264 συνιδεῖν,
430 5187 471 5247 ὅτι
482 5184 591 5267 γνώμας
607 5183 726 5266 πονηρδς
745 5184 910 5266 είσρίρουσι,

132 5310 148 5335 α
162 5281 265 5360 μᾶλλον
280 5278 303 5338 δ’
322 5277 403 5360 εέχδς
417 5275 562 5344 άδυνάτους
576 5275 710 5356 λίγουσιν.

998 1578 1172 1637 livionem
1189 1578 1282 1630 turbati
1296 1578 1369 1644 Appii
1383 1579 1492 1644 college,
1512 1577 1687 1644 decreverunt,
1697 1595 1747 1632 non

966 1674 1071 1740 amplius
1085 1689 1131 1740 pro
1142 1678 1229 1737 atate,
1243 1679 1288 1728 rut
1298 1675 1540 1742 virtutisdiguitats,
1555 1678 1597 1728 sed
1607 1692 1652 1744 pro
1659 1693 1744 1733 neces·

967 1771 1083 1823 situdinis
1089 1776 1115 1825 et
1129 1773 1268 1826 sedulitatis
1281 1775 1389 1834 uinculo.
1405 1774 1438 1825 ad
1450 1776 1598 1827 sententiam
1616 1776 1746 1830 dicendam

967 1874 1094 1922 senatores
1108 1886 1205 1923 vocure.
1239 1876 1271 1924 Et
1281 1886 1428 1940 progressus
1449 1875 1483 1924 bt.
1498 1874 1636 1936 (insuetius,
1648 1877 1747 1927 voravIt

968 1972 996 2019 ι.
1009 1970 1151 2020 Cornelium
1173 1968 1286 2031 tratrem,
1307 1972 1351 2037 qrri
1366 1974 1396 2031 Q.
1418 1971 1486 2023 Fabii
1502 1973 1619 2025 vibulaui
1644 1974 1746 2026 tertium

967 2067 1076 2118 consulis
1087 2067 1180 2134 collega
1207 2068 1394 2130 moraturum
1416 2069 1564 2136 impigrum,
1580 2075 1607 2124 et
1622 2072 1691 2122 civili
1709 2075 1747 2123 tu·

966 2164 1058 2215 cundia
1068 2164 1210 2230 prodituris.
1244 2166 1300 2227 itis,
1310 2181 1390 2230 quum
1402 2168 1559 2232 surrexisset,
1575 2167 1609 2220 ita
1622 2172 1661 2220 est
1674 2169 1745 2221 loeu-

968 2264 1009 2311 tus
1025 2281 1054 2312 :a
1075 2266 1129 2314 ltoe
1142 2266 1256 2328 quoquo,
1271 2267 1358 2316 Patres
1377 2266 1520 2331 eousuipti
1543 2266 1682 2317 rnirunduru
1696 2272 1745 2328 est,

968 2379 980 2403 a
995 2360 1062 2423 quod
1075 2359 1188 2412 bomiues
1203 2361 1277 2412 istius
1286 2362 1377 2422 utatis,
1387 2375 1436 2425 qua
1451 2365 1522 2422 sunt,
1533 2363 1577 2427 qui
1597 2365 1746 2415 seutemism

968 2474 981 2496 ν
995 2460 1051 2505 suto
1065 2470 1105 2506 me
1116 2456 1242 2518 dixerunt,
1255 2460 1282 2509 et
1291 2458 1444 2522 quiseustus
1454 2458 1639 2524 prinslpssesse
1650 2462 1745 2521 volunt,

969 2573 981 2595 ι
994 2553 1080 2602 odium
1092 2552 1246 2618 implacabile
1261 2567 1292 2604 ex
1305 2552 1419 2604 civilibus
1440 2554 1548 2604 otieusts
1561 2558 1645 2605 ortum
1660 2560 1747 2607 eontra

968 2667 980 2690 ι
995 2648 1105 2698 civitatis
1120 2649 1244 2714 principes
1258 2652 1358 2700 servent
1384 2667 1391 2699 a
1413 2662 1477 2713 qnos
1500 2654 1626 2714 oporteret
1644 2651 1675 2714 (si
1693 2651 1747 2702 tieri

967 2764 980 2788 s
995 2747 1093 2808 posset)
1114 2745 1189 2807 tueri,
1211 2749 1237 2797 et
1249 2746 1356 2810 iuvenes
1374 2745 1510 2807 cobortarl,
1532 2752 1560 2797 ut
1576 2749 1677 2798 strenua
1702 2761 1747 2813 pro

968 2862 981 2888 ι
997 2843 1072 2895 rebus
1085 2844 1195 2895 honestis
1209 2844 1346 2895 cortamina
1368 2844 1482 2906 subeant,
1507 2857 1570 2896 uere
1586 2845 1681 2909 hostes,
1702 2846 1747 2898 sod

968 2941 1090 2991 sarnicos
1112 2954 1157 2991 eos
1170 2939 1271 3001 ducunt,
1294 2940 1338 3005 qui
1354 2955 1399 3005 pro
1423 2941 1526 3006 publicis
1547 2941 1618 2993 bonis
1644 2948 1745 2995 routen-

967 3060 979 3082 ν
995 3038 1066 3090 dunt.
1078 3037 1126 3090 Sed
1140 3039 1222 3090 rnulto
1235 3039 1309 3089 etiarn
1322 3038 1490 3090 adrnirabiiius
1501 3039 1548 3091 boo
1557 3043 1603 3102 est,
1614 3041 1684 3105 quod
1695 3043 1746 3107 pri-

967 3158 980 3182 n
997 3141 1069 3188 ratus
1084 3135 1226 3187 inintetuos
1235 3135 1268 3186 ad
1281 3135 1458 3200 rempublicam
1473 3136 1640 3198 transierunt;
1653 3140 1679 3189 et
1688 3149 1747 3190 nuru

969 3257 981 3281 ι
994 3237 1047 3288 suis
1056 3236 1162 3287 inimicis
1172 3234 1262 3300 perire,
1278 3247 1354 3298 quum
1374 3247 1433 3284 cum
1457 3234 1575 3286 omuibus
1592 3235 1647 3286 suls
1659 3236 1748 3288 amida

968 3357 980 3380 ι
995 3337 1089 3387 servari
1107 3334 1202 3385 malint.
1236 3335 1299 3385 Nam
1313 3331 1392 3383 nostri
1405 3335 1506 3383 suasus
1519 3333 1640 3396 presides
1655 3334 1689 3384 ad
1702 3348 1745 3386 su·

968 3452 980 3475 a
996 3429 1250 3496 premumdementiae
1270 3428 1374 3492 gradum
1385 3428 1496 3492 provecti
1514 3433 1573 3478 suut
1589 3434 1637 3480 :et
1658 3444 1747 3494 parum

967 3550 980 3574 ι
993 3529 1078 3587 abest,
1104 3528 1164 3593 quin
1189 3531 1272 3579 ruente
1301 3525 1368 3591 eapti
1398 3526 1456 3578 sint.
1488 3526 1535 3578 isti
1557 3526 1623 3577 enirn
1648 3528 1747 3591 indigue

967 3643 980 3667 a
995 3623 1101 3674 terentes
1111 3636 1149 3680 se,
1161 3622 1206 3685 qui
1216 3620 1413 3673 decemviratum
1425 3622 1551 3687 petebant,
1562 3622 1588 3673 in
1599 3636 1674 3686 quern
1682 3638 1747 3677 nuno

967 3718 1153 3778 «irretiuntur,
1168 3716 1248 3767 victos
1264 3716 1296 3766 ub
1313 3717 1343 3768 iis
1360 3716 1447 3780 luisse,
1464 3717 1507 3784 qui
1517 3721 1543 3769 ln
1557 3720 1664 3770 oomitlis
1677 3720 1708 3771 sd
1721 3723 1745 3772 id

967 3837 980 3862 ι
998 3815 1076 3880 magis
1084 3813 1167 3865 idonei
1180 3816 1239 3864 sunt
1254 3814 1318 3873 risi,
1342 3817 1463 3879 perpetuo
1481 3814 1574 3866 beilum
1593 3816 1746 3882 implacabile

966 3940 979 3965 α
993 3932 1051 3969 euru
1066 3915 1116 3967 iliis
1132 3919 1237 3981 gerunt:
1253 3918 1278 3968 et
1287 3929 1317 3966 eo
1331 3914 1452 3980 stultltiae,
1464 3915 1517 3969 imo
1529 3916 1613 3982 potius
1628 3918 1745 3983 insonis,

967 4018 1118 4085 «progressi
1132 4018 1192 4070 suut
1204 4017 1243 4079 ut,
1263 4028 1313 4079 quo
1328 4013 1391 4066 istos
1413 4014 1480 4082 apud
1508 4030 1552 4068 ros
1575 4018 1744 4080 oriminsntru,

965 4137 979 4162 α
996 4120 1076 4169 totuur
1088 4116 1193 4183 putrium
1217 4117 1330 4167 evertere
1352 4113 1491 4165 sustineant
1505 4135 1511 4165 :
1525 4114 1584 4179 qui,
1604 4128 1684 4179 quum
1697 4130 1745 4168 au·

967 4235 979 4259 ι
993 4217 1063 4268 diunt
1076 4230 1163 4282 ugrum
1181 4218 1295 4266 nostrum
1307 4216 1339 4263 ab
1354 4209 1469 4262 hostibus
1486 4212 1591 4272 rostari.
1606 4218 1632 4265 et
1644 4217 1747 4266 cernant

967 4334 981 4358 ι
992 4327 1037 4365 eos
1045 4327 1103 4364 mox
1117 4311 1206 4364 urbsur
1223 4311 1303 4377 ipsam
1315 4309 1446 4360 invasuros
1455 4309 1578 4375 (spatium
1589 4310 1663 4372 euim,
1677 4309 1746 4375 quod

966 4429 979 4453 α
993 4409 1131 4474 interjaoet,
1145 4422 1193 4459 non
1206 4410 1246 4458 est
1264 4407 1397 4472 magnum)
1408 4409 1436 4457 et
1448 4420 1528 4470 quum
1541 4406 1634 4458 bortari
1646 4419 1676 4456 ao
1687 4405 1748 4457 inei·

966 4528 978 4553 ε
996 4510 1051 4559 tara
1058 4508 1164 4559 debeant
1177 4506 1290 4572 juniores
1303 4505 1336 4557 sd
1350 4509 1475 4557 sedamen
1486 4519 1531 4572 pro
1540 4505 1620 4570 patria
1641 4504 1747 4555 subsun-

968 4627 981 4650 ι
997 4606 1067 4669 dnm,
1080 4610 1108 4657 et
1116 4605 1161 4670 ipsi
1175 4605 1242 4656 omui
1257 4604 1385 4655 alacritato
1400 4602 1545 4665 studioque,
1555 4603 1677 4665 quantum
1688 4600 1744 4665 qui·

966 4725 979 4750 ι
995 4704 1052 4757 dem
1065 4703 1120 4768 eius
1135 4704 1219 4754 aetatb
1232 4702 1297 4753 vires
1307 4701 1405 4762 ierunt,
1418 4699 1549 4765 opitulari,
1563 4698 1596 4749 de
1609 4696 1746 4750 ordinanda
1760 4680 1762 4685 ⁵

967 4822 977 4846 ι
991 4801 1118 4867 republica
1131 4814 1197 4852 nuno
1215 4814 1261 4851 ros
1274 4801 1416 4852 consulturo
1430 4797 1535 4857 volunt,
1550 4800 1577 4848 et
1598 4810 1677 4846 noros
1688 4810 1743 4848 ma·

965 4918 978 4944 α
992 4899 1111 4964 gistratus
1129 4897 1274 4963 designare,
1301 4903 1328 4949 et
1340 4897 1441 4961 quidvis
1461 4894 1530 4946 aliud
1545 4893 1629 4959 potius
1646 4894 1742 4956 iurem,

966 5018 978 5042 ι
992 5011 1067 5062 quam
1085 4997 1172 5048 bootes
1199 4995 1327 5047 mdebeits
1343 4995 1450 5047 effluere.
1478 4999 1514 5047 ito
1530 5007 1562 5044 ue
1584 4992 1633 5043 boe
1643 4991 1745 5056 quidem

964 5109 978 5136 a
993 5089 1075 5155 ipsum
1088 5088 1173 5140 ridere
1188 5093 1308 5154 possunt,
1323 5101 1351 5139 ss
1361 5091 1541 5139 osserudores
1547 5086 1743 5143 εοοῖεοῖῖεευιο.

965 5202 978 5226 a
995 5182 1046 5232 inno
1056 5193 1117 5232 vero
1127 5184 1256 5245 rotorurn,
1269 5193 1327 5245 qun
1336 5178 1405 5231 nulio
1416 5178 1492 5230 modo
1506 5176 1539 5230 sd
1553 5178 1626 5228 tinem
1637 5175 1744 5242 perduci

966 5302 979 5326 ν
993 5284 1107 5347 possunt.
1124 5303 1136 5328 ν
