4048 5924
633 360 924 435 attttoutrttttnt
947 362 1093 426 soban.
1116 367 1187 428 LlB.
1211 367 1273 428 VII.

151 494 298 573 Ῥωμαίων
321 490 548 572 ἀναγκαιότατον,
579 496 696 572 κρεῖττον
718 493 745 552 δὲ
769 492 816 553 καί
840 496 929 575 χεῖρον

151 584 269 664 γίνεσθαι
282 581 357 663 παρδι
371 580 432 650 τοδς
442 584 494 640 τῶν
509 579 655 663 δημάρχων
670 581 793 661 τρόπους.
835 579 926 643 Ὅταν

153 674 203 750 μὲν
218 672 269 752 γδρ
281 671 382 751 τύχωσι
404 675 451 741 τῆς
466 668 582 737 ἐξουσίας
602 669 698 743 ταύτης
721 670 812 751 ἄνδρες
833 672 928 731 δίκαιοι

153 762 199 820 καί
213 760 344 841 σώφρονες
365 758 411 817 καί
431 757 467 816 τδι
483 758 558 817 κοινδι
577 758 769 840 ἀναγκαιότερα
789 754 842 819 τῶν
857 762 929 821 ἰδίων

111 874 124 912 s
153 850 301 928 τιθέμενοι,
315 853 329 906 ό
343 847 390 923 pis
407 849 506 906 άδικῶν
524 846 557 905 τύ
578 849 652 907 κοινὰ
678 847 809 929 τιμωρίαν
824 847 883 916 δοδς
895 850 928 922 ἢν

152 943 271 1019 προσῆκε
304 935 373 996 πολὺ
398 934 455 1002 δάος
486 944 539 1003 τοῖς
563 934 642 1011 όμοια
670 936 930 1015 παρεσκευασμένοις

153 1029 217 1107 δρᾶν
232 1026 408 1107 ἰνειργάσατο·
426 1028 440 1083 ό
456 1023 484 1084 δί
494 1024 590 1104 ιἰγαθδς
603 1024 649 1083 καί
660 1025 713 1085 άπδ
725 1032 769 1086 τοῦ
787 1029 928 1106 κρατίστου

153 1116 218 1196 πρὸς
231 1115 265 1174 τδι
277 1114 352 1175 κοινδι
366 1112 470 1192 παριὼν
489 1112 548 1173 οὔτε
566 1112 640 1184 δίκην
656 1114 797 1194 ἀσχήμονα
814 1116 929 1196 ὑπέσχεν

154 1203 210 1265 οὔτ’
231 1207 267 1272 εἰς
291 1203 375 1270 αἰτίας
403 1202 543 1283 ἀλλοτρίας
563 1205 616 1260 τῶν
641 1202 856 1279 ίπιτηδευμάτων
878 1226 926 1262 κα·

98 1313 126 1352 ro
153 1290 245 1364 τάστη.
286 1289 373 1351 Ὅταν
386 1288 414 1350 δί
435 1289 545 1370 πονηροὶ
565 1288 612 1349 καί
637 1291 779 1350 άκολαστοι
796 1291 840 1350 καλ
856 1293 928 1372 ριλο-

128 1372 133 1381 ’
153 1381 252 1462 κσρδεῒς
270 1383 402 1459 ἅνθρωποι
427 1376 587 1450 τηλικαύτης
608 1376 725 1447 ἐξουσίας
741 1379 859 1460 τύχωσι,
878 1380 928 1437 τά·
949 1385 952 1391 ’

153 1470 245 1527 ναντία
266 1467 365 1527 τούτων
379 1464 489 1545 γίνεται.
532 1463 622 1527 Ὥστε
641 1469 671 1526 ού
688 1467 719 1526 rb
734 1468 788 1536 ἔθος
814 1472 928 1549 ἐπανορ-

154 1561 260 1617 θοῦσθαι
280 1559 411 1636 προσῆκεν
435 1559 471 1621 ὡς
492 1553 703 1634 ἡμαρτημένον,
730 1556 799 1614 ἀλλὰ
822 1559 928 1617 σκοπεῖν

153 1644 225 1712 ὅπως
240 1646 330 1725 ἄνδρες
346 1641 421 1704 καλολ
435 1641 480 1702 καὶ
500 1644 594 1724 ἀγαθοὶ
616 1648 662 1703 τοῦ
674 1643 759 1723 δήμου
773 1645 928 1723 γενήσονται

96 1763 126 1805 η
154 1732 318 1813 προστάται,
342 1729 386 1790 καί
408 1730 446 1808 μή
467 1739 521 1800 τοῖς
545 1737 656 1812 τυχοῦσι
679 1732 713 1792 τδι
740 1733 852 1814 μίγιστα
871 1737 928 1806 εἰκῆ

154 1821 376 1900 ἐπιτραπήσεται.

195 1909 299 1971 LXVI.
322 1904 356 1967 ‘H
379 1904 427 1979 μίν
442 1905 474 1979 δή
497 1907 589 1987 πρώτη
607 1908 753 1986 Ῥωμαίοις
777 1912 929 1988 ἐμπεσοῦσα

154 1998 224 2076 μετδι
240 1996 287 2067 τήν
306 1994 418 2066 tatutis
437 1998 488 2054 τῶν
507 1995 637 2075 βασιλέων
652 1997 744 2065 στάσις
760 1997 822 2078 ίσχε
837 1998 928 2057 τοιαύ-

154 2109 202 2152 τας
217 2085 303 2150 αἰτίας
317 2082 363 2143 καί
378 2085 413 2149 εἰς
424 2089 502 2143 τοῦτο
521 2084 671 2168 κατέσκηψε
684 2086 715 2146 τό
729 2085 812 2156 τίλος.
841 2089 927 2166 Ἐμή·

97 2202 130 2244 20
155 2196 221 2234 κυνα
233 2172 261 2231 δὲ
272 2173 317 2231 τὸν
328 2170 394 2251 ύπίρ
410 2173 496 2231 αὐτῶν
510 2175 586 2250 λόγω
596 2180 642 2234 τοῦ
653 2174 692 2251 μή
707 2199 766 2234 τινα
780 2177 928 2254 θαυμάσαι,

155 2265 211 2329 πῶς
223 2260 366 2338 ύπόμειναν
393 2263 418 2320 ot
452 2260 586 2342 πατρίκιοι
619 2261 779 2336 τηλικαύτης
814 2263 930 2333 ἐξουσίας

155 2355 265 2423 ποιῆσαι
278 2348 322 2407 τὸν
335 2350 419 2425 δῆμον
434 2349 543 2429 κύριον,
557 2350 617 2411 οὔτε
630 2357 733 2431 σφαγῆς
746 2355 799 2411 τῶν
815 2354 930 2432 ἀρίστων

156 2440 256 2517 ἀνδρῶν
270 2434 412 2518 γενομένης
424 2436 483 2498 οὔτε
498 2442 596 2519 ρυγῆς,
613 2430 666 2499 οἷον
682 2442 708 2500 ἐν
720 2439 813 2509 ἄλλαις
829 2443 930 2520 ἐγένετο

156 2529 262 2587 πόλεσι.
310 2529 393 2587 [latai
414 2528 466 2607 γδρ
490 2527 600 2597 ἕκαστος
624 2528 668 2588 eat
697 2537 750 2596 τοῖς
773 2531 929 2610 παραδόξοις

97 2641 129 2681 σε
159 2612 309 2692 ἀκούσμασι
320 2613 367 2687 τήν
379 2614 465 2672 αἰτίαν
477 2618 584 2693 μαθεῖν,
600 2617 645 2676 καί
659 2616 791 2678 τδπιστδν
805 2619 832 2676 ἐν
847 2618 930 2698 ταύτῃ

158 2703 260 2766 τίθεται
274 2701 352 2783 μόνῃ.
396 2702 572 2783 Ἐλογιζόμην
591 2696 651 2783 ούν,
662 2705 703 2765 ότι
717 2729 762 2782 μοι
776 2708 873 2767 πολλοῦ
885 2709 930 2768 καί

159 2797 206 2853 τοῦ
225 2792 322 2859 παντὸς
345 2791 433 2865 δεήσει
455 2786 627 2861 πιστδςείναι
638 2794 752 2874 δλόγος,
766 2796 789 2853 εἰ
808 2802 930 2857 τοσοῦτον

157 2878 223 2961 όφην
240 2878 335 2958 μόνον,
358 2879 398 2940 ότι
412 2885 535 2962 παρῆκαν
551 2892 576 2941 ot
593 2881 726 2958 πατρίκιοι
749 2891 802 2951 τοῖς
820 2885 931 2960 δημοτι-

154 2971 210 3038 κοῖς
222 2970 270 3044 τὴν
285 2972 386 3029 ἑαυτῶν
399 2971 574 3044 δυναστείαν,
587 2971 632 3031 καί
643 2972 698 3041 ίξδν
713 2974 799 3040 αὐτοῖς
810 2974 838 3032 ἐν
854 2976 929 3055 cipro·

97 3081 128 3121 so
154 3060 281 3141 τοκρατίογ
297 3058 481 3121 πολιτεύεσθαι
498 3059 542 3119 τδν
566 3062 648 3140 δῆμον
665 3060 792 3134 ἐποίησαν
814 3066 867 3121 τῶν
883 3086 930 3141 με·

155 3147 253 3226 γίστων
271 3148 378 3229 κύριον,
393 3147 427 3206 δι’
449 3146 479 3215 ἃς
502 3146 529 3207 δὲ
552 3149 724 3230 συνεχωρήθη
743 3154 823 3217 ,ταῦτ’
844 3151 930 3219 αἰτίας

155 3238 311 3317 παρέλιπον·
324 3235 367 3295 διδ
381 3240 458 3295 τοῦτο
472 3234 613 3307 ἐπεξῆλθον
628 3237 744 3305 δπάσας.
769 3238 822 3298 Καὶ
839 3238 928 3311 ἐπειδή

154 3328 205 3406 οὐχ
227 3325 317 3394 όπλοις
341 3325 472 3397 ἀλλήλους
497 3325 653 3405 βιασάμενοι
679 3326 725 3385 καλ
747 3326 929 3409 προσαναγκά·

155 3437 262 3489 σαντες,
274 3413 345 3475 itit
362 3413 448 3492 λόγοις
467 3414 605 3483 πείσαντες
623 3413 812 3494 μεθήρμοσαν,
833 3415 930 3481 παντὸς

97 3543 126 3583 ⁸3
156 3501 274 3580 μαλιστα
283 3505 426 3580 ἀναγκαῖον
439 3501 581 3581 ἡγησάμην
594 3492 662 3561 εἰναι
674 3501 733 3569 τοὺς
743 3502 834 3580 λόγους
845 3504 931 3562 αὐτῶν

156 3582 309 3663 διεξελθεῖν,
328 3580 367 3658 οἷς
386 3589 447 3649 τότε
459 3592 483 3649 οί
506 3589 727 3657 δυναστεύσαντες
747 3592 773 3650 ίν
797 3589 930 3670 ῖκατίροις

156 3679 314 3761 ἰχρήσαντο.
355 3677 535 3757 Θαυμάσαιμε
545 3675 573 3738 δλ
584 3675 629 3752 δν,
643 3676 668 3737 εί
678 3700 745 3745 τινες
756 3675 804 3745 τὰς
819 3674 891 3758 [μὲν]
903 3680 929 3737 ίν

154 3777 209 3836 τοῖς
217 3766 341 3846 πολύμοις
347 3766 454 3851 πράξεις
461 3766 577 3847 άκριύῶς
584 3768 681 3827 οίονται
692 3767 745 3827 δεῖν
756 3766 930 3849 ιἰναγράρειν,

154 3860 200 3919 καί
214 3859 274 3939 περί
289 3858 352 3936 μίαν
364 3856 436 3917 ίστιν
458 3856 502 3917 ὅτε
517 3856 608 3938 μάχην
629 3853 742 3923 πολλοὺς
758 3855 931 3916 ἀναλίσκουσι

1705 373 1762 433 tar

987 506 1063 567 retur,
1082 504 1151 556 utitis
1165 518 1239 570 esse,
1253 510 1279 558 et
1301 507 1447 573 reipublicae
1466 511 1584 561 Romane
1602 511 1710 563 maxims
1723 527 1765 564 ne·

987 589 1127 653 cessarius,
1140 591 1184 642 sed
1197 592 1274 658 magis
1287 596 1313 645 et
1330 593 1411 645 minus
1428 598 1573 648 commodus
1586 612 1641 650 esse
1662 613 1706 663 pro
1719 605 1765 665 tri·

987 676 1106 728 bunorunr
1116 679 1227 744 ingeniis.
1261 680 1366 738 Quoties
1380 683 1445 732 enim
1461 683 1508 733 viri
1526 686 1585 736 iusti
1601 690 1626 736 et
1637 688 1765 753 moderati,

988 766 1014 815 et
1024 764 1130 829 publica
1143 765 1257 816 utilitatis
1275 779 1350 828 quam
1373 770 1413 819 sui
1431 772 1525 834 privati
1545 774 1668 825 commodi
1681 789 1767 828 aman·

987 853 1077 915 tiores,
1102 853 1166 905 banc
1191 857 1338 918 potestatem
1361 856 1499 923 babebant,
1526 865 1561 923 is,
1581 865 1626 928 qui
1639 865 1769 929 rempubti·

988 956 1044 992 cam
1065 941 1185 1003 laesisset,
1212 943 1308 993 mentis
1333 946 1411 1010 poenis
1439 951 1584 1013 persolutis,
1605 954 1626 1003 si
1641 954 1684 1017 qui
1703 952 1768 1003 idem

989 1035 1069 1084 tacere
1086 1034 1163 1097 parati
1179 1041 1278 1100 essent,
1305 1045 1398 1092 metum
1421 1043 1541 1107 ingentem
1571 1043 1726 1094 incutiebat:
1742 1045 1769 1090 at

990 1119 1070 1171 bonus
1084 1121 1131 1181 vir,
1149 1124 1226 1186 etqui
1237 1126 1330 1189 optimo
1346 1130 1426 1180 animo
1449 1133 1474 1181 in
1492 1132 1567 1181 rebus
1580 1132 1673 1196 publici
1685 1142 1768 1181 νειοε·

990 1211 1032 1260 tus
1053 1212 1120 1270 erat,
1143 1224 1223 1275 neque
1248 1214 1365 1267 iudicium
1385 1223 1458 1284 turpe
1480 1220 1591 1281 subibat,
1609 1222 1634 1271 in
1653 1220 1769 1270 erimina·

993 1299 1101 1348 tioucsa
1119 1299 1171 1349 suis
1193 1302 1282 1353 studiis
1309 1306 1401 1358 alienas
1424 1309 1571 1361 incidebat:
1593 1311 1690 1374 quoties
1709 1321 1769 1358 vero

987 1385 1094 1450 improbi
1116 1387 1143 1435 et
1155 1387 1346 1449 intemperantes
1361 1395 1386 1441 et
1401 1394 1469 1442 avari
1488 1393 1600 1445 bomines
1613 1398 1704 1444 tantam
1720 1408 1765 1458 po·

986 1478 1104 1539 testatem
1122 1477 1329 1545 adipiscebantur,
1339 1487 1398 1536 tunc
1406 1486 1572 1536 biscontrsria
1578 1484 1675 1535 debant.
1683 1489 1767 1543 Quare

989 1584 1038 1621 non
1051 1585 1106 1653 mos
1117 1575 1157 1630 est
1179 1574 1352 1639 corrigendus,
1377 1581 1406 1627 ut
1423 1576 1528 1627 vitiosus
1547 1574 1608 1625 :sed
1619 1574 1765 1625 increandis

987 1660 1093 1710 tribunis
1115 1662 1180 1725 plebi
1195 1661 1275 1712 danda
1287 1668 1327 1714 est
1340 1676 1431 1728 opera,
1447 1667 1476 1714 ut
1488 1663 1536 1714 riri
1549 1663 1647 1712 bonesti
1666 1667 1691 1711 et
1706 1662 1763 1712 boni

988 1744 1020 1793 ad
1033 1745 1058 1794 id
1070 1747 1216 1811 deligantur,
1234 1764 1296 1801 neve
1306 1754 1400 1802 ternere
1425 1752 1555 1816 quibusvis
1572 1765 1612 1802 res
1627 1750 1690 1801 tanti
1709 1765 1762 1801 mo·

987 1830 1063 1878 menti
1075 1834 1267 1886 committantur.

1028 1947 1113 2001 cxvi.
1134 1954 1217 2003 Prima
1236 1953 1423 2015 igiturseditio,
1440 1967 1491 2018 qua
1511 1955 1568 2017 post
1589 1965 1658 2016 reges
1672 1953 1770 2001 eraetos

998 2035 1074 2090 Roma
1092 2044 1225 2109 laboravit,
1238 2047 1270 2097 ob
1283 2047 1327 2097 bas
1340 2059 1429 2097 causas
1439 2049 1479 2097 est
1491 2050 1592 2105 exorta,
1606 2048 1631 2095 et
1644 2043 1710 2093 bunc
1724 2041 1770 2091 taa-

995 2127 1049 2184 buit
1063 2139 1167 2190 exitum.
1223 2140 1346 2190 Protixior
1369 2140 1452 2188 autem
1473 2137 1499 2187 in
1521 2151 1605 2188 rerum
1629 2135 1770 2186 narratione

997 2225 1046 2289 tui,
1059 2242 1091 2282 ne
1107 2234 1164 2295 quis
1188 2232 1252 2284 torte
1271 2233 1389 2291 miretur,
1412 2229 1536 2293 quomodo
1557 2229 1654 2294 patricii
1675 2231 1770 2278 tantam

992 2320 1140 2378 potestatem
1157 2322 1223 2387 ptebi
1235 2321 1376 2387 permittere
1391 2318 1529 2379 voluerint,
1542 2333 1623 2384 neque
1637 2320 1709 2369 caesis
1723 2332 1768 2369 ne·

995 2419 1046 2468 que
1060 2410 1137 2473 pulsis
1159 2412 1330 2477 optimatibus,
1347 2412 1376 2460 ut
1395 2408 1420 2458 in
1449 2408 1534 2459 multis
1557 2407 1610 2458 aliis
1629 2408 1769 2458 civitatibus

994 2500 1093 2554 accidit.
1128 2508 1196 2556 Unus
1210 2505 1274 2556 enim
1295 2504 1416 2567 quisque,
1430 2498 1491 2550 dum
1506 2498 1576 2549 audit
1590 2512 1631 2549 res
1651 2512 1729 2548 noras
1744 2501 1770 2549 et

993 2589 1130 2658 inauditas,
1147 2609 1261 2648 caussam
1275 2595 1338 2646 scire
1353 2594 1437 2658 cupit,
1459 2593 1485 2642 et
1507 2591 1530 2640 in
1555 2589 1602 2639 bac
1623 2590 1676 2640 sota
1694 2589 1769 2640 tidem

994 2701 1063 2739 suam
1078 2688 1189 2740 cotioeat.
1226 2685 1369 2750 Cogitabam
1395 2685 1487 2748 igitur,
1512 2695 1614 2748 parvam
1635 2684 1680 2732 aut
1701 2685 1769 2733 certe

993 2778 1084 2830 nuttam
1103 2792 1207 2845 prorsus
1234 2791 1298 2827 mere
1320 2776 1423 2828 orationi
1449 2775 1523 2827 tidem
1548 2773 1660 2825 habitum
1683 2774 1769 2837 iri,si

993 2870 1041 2922 boe
1051 2873 1146 2921 tantum
1159 2868 1292 2930 dlxissem,
1308 2869 1402 2934 patrios
1416 2867 1516 2933 plebeiis
1531 2881 1602 2917 suam
1619 2871 1768 2932 potestatem

994 2960 1139 3023 tradidisse,
1160 2964 1186 3013 et
1198 2974 1254 3013 cum
1264 2964 1364 3026 possent
1383 2974 1429 3025 per
1440 2959 1573 3023 optimates
1591 2961 1768 3025 rempublicam

993 3052 1178 3113 administrare,
1203 3067 1418 3105 reromsummam
1441 3052 1518 3116 plebis
1542 3052 1643 3103 arbitrio
1664 3056 1768 3105 commi·

989 3147 1063 3200 sisse:
1080 3146 1170 3214 quibus
1191 3157 1252 3196 vero
1276 3140 1310 3191 de
1333 3133 1428 3187 caussis
1445 3132 1500 3184 brec
1523 3145 1639 3184 concessa
1665 3136 1761 3195 essunt,

986 3238 1123 3291 omisissem
1138 3252 1145 3282 ι
1158 3236 1216 3288 ideo
1232 3231 1308 3298 igitur
1331 3238 1415 3281 omnes
1436 3224 1557 3276 recensui.
1590 3226 1621 3276 nt
1644 3224 1763 3290 quoniam

988 3324 1052 3376 banc
1063 3323 1241 3381 mutationem,
1257 3332 1305 3369 non
1316 3315 1391 3367 armis
1400 3325 1446 3363 nec
1460 3313 1548 3362 mutua
1562 3312 1586 3361 vt
1610 3313 1704 3374 coacti,
1718 3313 1764 3365 sed

986 3419 1095 3470 oratione
1119 3416 1218 3469 adducti
1248 3410 1373 3467 iecerunt,
1395 3404 1502 3455 maxime
1524 3407 1687 3457 necessarium
1707 3420 1763 3458 esse

987 3509 1064 3573 duxi,
1082 3513 1149 3577 ipsas
1170 3509 1307 3567 orationes,
1328 3515 1390 3566 quas
1418 3504 1477 3551 tuuc
1497 3499 1627 3563 utriusque
1650 3500 1763 3551 factionis

987 3606 1108 3672 principes
1121 3604 1275 3661 babuerunt,
1289 3596 1366 3647 tusins
1386 3592 1516 3658 explicare.
1536 3592 1613 3642 Miror
1634 3595 1716 3643 anatem
1732 3593 1761 3643 it-

985 3701 1037 3759 tos,
1049 3699 1144 3763 quires
1153 3696 1216 3747 betto
1232 3697 1314 3757 gestas
1328 3690 1444 3741 securata
1463 3686 1605 3737 scribendas
1622 3689 1721 3751 putant,
1736 3689 1762 3739 et

986 3799 1162 3854 nonnunquam
1171 3786 1197 3837 tn
1208 3785 1282 3835 unico
1290 3780 1375 3848 pretio
1385 3776 1519 3844 plurimum
1529 3777 1662 3826 verborum
1675 3790 1762 3827 consu-

988 3887 1067 3943 munt,
1082 3881 1142 3932 dum
1155 3881 1266 3930 locorum
1279 3878 1394 3929 naturam
1405 3873 1430 3922 et
1442 3870 1575 3921 armature
1587 3868 1760 3933 proprietates,

96 3983 125 4023 ,υ
153 3950 261 4027 λόγους,
277 3946 505 4029 τόπωντιρύσεις
518 3946 565 4007 καὶ
579 3946 718 4022 ὁπλισμῶν
737 3946 870 4018 ἰδιότητας
885 3945 931 4006 καλ
983 3981 1009 4029 ὁ,
1025 3976 1142 4037 modum,
1159 3984 1210 4037 quo
1238 3967 1303 4017 ,μω
1323 3957 1450 4012 5115th
1464 3955 1570 4017 fuerint,
1591 3954 1758 4020 etampfflpp

88 4080 94 4089 -
155 4036 254 4108 τάξεων
275 4034 402 4118 τρόπους,
428 4036 474 4096 καί
501 4039 656 4116 στρατηγῶν
677 4035 858 4115 παρακλήσεις
885 4035 930 4095 καί
980 4082 1037 4121 mm
1060 4068 1259 4122 adhortationes,
1276 4061 1302 4111 et
1319 4069 1360 4107 re,
1378 4052 1453 4113 appu,
1467 4064 1525 4116 qm
1544 4050 1669 4101 alterutris
1682 4049 1759 4102 view,

154 4128 240 4186 τάλλα
261 4126 398 4196 διεξιόντες
424 4122 474 4185 όσα
497 4126 545 4195 τῆς
565 4122 638 4197 νίκης
659 4121 731 4183 αίτεα
756 4123 810 4190 τοῖς
835 4121 931 4201 ἑτάροις
980 4163 1043 4214 mm
1064 4160 1219 4228 pepererint,
1244 4149 1436 4219 persequuntur,
1460 4141 1520 4194 dum
1534 4143 1620 4194 civiles
1637 4144 1759 4195 mmet

155 4220 268 4296 ‘Yam'
283 4215 421 4282 'mma‘
436 4212 465 4274 δῖ
487 4211 602 4287 κινήσεις
620 4210 667 4273 ²²1
689 4211 794 4278 πάσεις
814 4210 930 4291 ἀναίρά’
980 4256 1112 4308 seditiones
1124 4250 1268 4306 describunt
1278 4266 1285 4304 ς
1296 4256 1339 4295 eas
1356 4239 1497 4299 orationes,
1511 4234 1605 4299 quibus
1625 4251 1665 4287 res
1675 4236 1758 4288 incre-

191 4328 247 4372 m‘
262 4305 311 4363 οὐκ
327 4304 426 4363 οἴονται
449 4303 502 4361 δεῖν
519 4300 696 4380 mmmm
712 4299 771 4365 τοὺς
784 4298 886 4374 λόγους’
907 4298 940 4356 δι’
980 4347 1069 4400 dibites
1085 4352 1163 4412 atque
1175 4338 1328 4395 admiranda
1339 4336 1446 4401 persetae
1466 4331 1541 4389 sunt,
1558 4329 1683 4379 memoriae
1697 4341 1756 4393 pro.

99 4421 127 4460 ⁴⁵
154 4327 236 4454 gai
251 4391 394 4473 παράδοξοι
412 4390 455 4471 κρῖ
472 4389 625 4468 ommni
645 4386 752 4469 πράξεις
767 4386 940 4460 ἐπιτελέσῃ
980 4440 1074 4492 dendas
1088 4454 1136 4492 non
1153 4436 1313 4490 arbitrantur.
1349 4428 1374 4480 Si
1388 4426 1448 4492 quid
1469 4423 1573 4477 enimin
1593 4426 1756 4474 itomanam.

155 4508 215 4545 σαν.
232 4485 267 4544 Εἰ
281 4482 340 4562 1γάρ
354 4504 380 4541 τι
398 4482 442 4565 καί
458 4480 524 4540 άλλο
537 4482 583 4550 τῆς
599 4477 742 4556 Ῥωμαίων
757 4475 859 4543 πόλεως
871 4475 940 4554 μέγα

156 4573 287 4652 ἐγκώμιόν
302 4577 369 4647 ίστι,
388 4572 433 4633 καλ
453 4571 594 4643 ζηλοῦσθαι
611 4570 662 4628 ὑπὸ
674 4570 781 4627 πάντων
795 4564 938 4647 ἀνθρώπων

157 4661 238 4735 άξιον,
249 4666 356 4723 κάκεῖνο
374 4662 474 4739 ἐγένετο
486 4658 546 4719 κατ’
557 4656 624 4735 ίμήν
635 4655 712 4727 δόξαν
723 4657 753 4718 τὸ
764 4654 858 4739 ίργον,
869 4656 939 4733 μᾶλ-

156 4755 203 4812 λον
216 4752 239 4810 δ’
252 4754 318 4833 ὑπὲρ
338 4751 444 4812 ἅπαντα
458 4747 546 4809 πολλὰ
569 4746 614 4807 καλ
631 4743 773 4824 θαυμαστά
786 4743 849 4804 όντα
869 4744 938 4821 λαμ-

99 4864 128 4902 ao
156 4840 299 4919 πρότατον,
308 4842 340 4901 τὸ
350 4838 420 4914 μήτε
435 4837 495 4907 τούς
510 4835 668 4911 δημοτικούς
685 4829 939 4911 καταρρονήσαντας

153 4932 208 4987 τῶν
222 4929 367 5008 πατρικίων
382 4928 551 5010 ἰπιχειρῆσσι
565 4927 665 4994 αἰτεῖς,
680 4920 726 4983 καί
748 4919 830 4980 πολύν
852 4919 929 4999 ipra·

153 5015 285 5091 σαμόνους
311 5020 364 5078 τῶν
393 5015 540 5100 κρατίστων
570 5013 648 5095 μόνον
671 5009 777 5069 tumre
800 5005 929 5068 τόκείνων

153 5106 337 5183 παρελεόιῖν,
350 5106 418 5184 μήτε
427 5103 488 5172 τούς
497 5106 524 5164 tv
537 5110 591 5171 τοῖς
607 5099 754 5178 ἀξιώμασιν
767 5093 786 5170 ἢ
801 5095 845 5156 διδ
855 5100 928 5179 σφῶν

153 5193 241 5252 αἰετῶν
256 5193 274 5265 ἢ
287 5192 397 5262 ξενικαῖς
411 5191 573 5272 ἐπικουρίαις
586 5186 770 5272 χρησαμόνους
778 5187 928 5270 διαφθεῖραι

980 4533 1078 4600 publica
1089 4531 1163 4583 ratde
1174 4527 1296 4581 taudabits
1307 4538 1336 4576 ac
1346 4522 1447 4587 mgnum
1456 4558 1463 4579 ‚
1473 4517 1542 4584 quod
1552 4529 1638 4568 omnes
1647 4515 1758 4566 homines

978 4630 1115 4688 imitentur,
1129 4626 1177 4676 boc
1187 4635 1288 4689 quoque
1298 4613 1486 4684 (meoiudicio)
1501 4612 1549 4663 tuit
1561 4626 1568 4656 t
1580 4611 1630 4661 imo
1641 4621 1700 4659 sero
1709 4608 1758 4659 boc

980 4722 1076 4771 ceteras
1096 4726 1182 4766 ornnes
1208 4723 1264 4770 res,
1291 4719 1382 4771 easque
1409 4700 1581 4757 admirandas,
1614 4698 1685 4758 tange
1710 4710 1758 4747 suo

980 4804 1111 4873 εμΙοοιίοεο
1133 4798 1276 4866 superarit,
1298 4794 1366 4859 quod
1390 4805 1471 4857 neque
1499 4787 1589 4853 plebeii
1610 4785 1759 4847 contemptis

979 4897 1144 4965 patriciiscos
1165 4888 1274 4956 aggressi
1297 4890 1371 4946 sunt,
1398 4885 1442 4935 aut
1462 4893 1552 4944 magna
1564 4877 1633 4928 cede
1648 4874 1755 4939 optirna-

979 4994 1034 5042 tum
1056 4990 1137 5049 tacta,
1158 4998 1199 5038 res
1217 4994 1303 5034 omnes
1321 4980 1419 5031 ittonam
1431 4977 1598 5041 occuparunt,
1616 4983 1695 5034 neque
1711 4981 1757 5033 ps·
1828 4990 1829 4993 ι

980 5083 1081 5143 iricius,
1097 5083 1142 5132 aut
1163 5076 1306 5130 domesticis
1329 5072 1432 5139 opibus,
1454 5070 1498 5120 aut
1515 5064 1615 5116 auxiliis
1630 5064 1754 5121 externis,

978 5174 1055 5224 tutem
1069 5167 1168 5234 piebem
1181 5162 1373 5230 oppresserunt,
1389 5162 1418 5210 ut
1434 5156 1461 5208 in
1476 5156 1604 5221 posterum
1623 5151 1676 5203 sine
1687 5151 1756 5202 metu
