4034 5922
38 36 117 88 edo
162 32 259 93 ιιιαιω
277 23 380 90 niani,
394 13 510 85 lte-La
538 13 638 102 δμμι
654 6 820 87 dubim,
847 3 927 93 aas}
948 24 967 84 γ
987 6 1171 63 areum,
1200 17 1222 73 γ

237 406 278 464 ll
754 402 922 464 ololtlstl
946 402 1324 465 nantcanltnssensls

237 537 369 611 δεηθέντι,
388 535 516 613 μαντικὴν
539 527 619 595 οὖσαν
643 534 688 593 καὶ
711 534 802 615 σοφήν.
843 534 955 610 Λέγεται
980 535 1008 594 δέ

236 625 305 683 κατὰ
320 623 364 683 τὸν
379 624 509 698 πολισμὸν
523 628 568 681 τοῦ
580 620 721 682 Λαουϊνίου
737 629 835 697 σημεῖα
848 631 901 688 τοῖς
915 622 1007 702 Τρωσί

235 710 355 788 γενέσθαι
366 711 468 769 τοιάδε·
484 708 565 789 πυρὸς
577 706 733 785 αὐτομάτως
747 707 903 789 ἀναφθέντος
917 709 947 768 ἐκ
962 713 1009 780 τῆς

236 801 339 876 νάπης,
361 800 439 858 λύκον
454 797 501 875 μέν
520 801 558 878 τῷ
577 795 691 874 στόματι
704 797 846 872 κομίζοντα
864 801 910 869 τῆς
931 797 1010 877 ἰηρθις

194 905 208 943 ιι
236 887 298 961 ύλης
313 887 464 947 έπιόάλλειν
483 886 526 948 ἐπὶ
540 886 570 944 τὸ
581 890 645 964 πῦρ,
662 885 737 945 ἀετὸν
753 885 780 943 δέ
799 885 1009 965 προσπετόμενον

235 978 412 1056 ἀναρριπίζειν
431 999 464 1052 τη
487 974 589 1046 κινήσει
612 976 664 1032 τῶν
684 972 819 1052 πτερύγων
842 974 889 1044 τὴν
905 973 1005 1054 φλόγα,

232 1063 334 1130 τούτοις
348 1064 375 1121 it
385 1062 509 1121 τάναντία
523 1061 720 1139 μηχανωμένην
732 1060 856 1122 ἀλώπεκα
867 1060 915 1132 τὴν
929 1062 1007 1141 ούρδιν

235 1150 374 1230 διάόροχον
391 1154 420 1209 ἑκ
436 1155 482 1207 τοῦ
501 1155 622 1225 ποταμοῦ
637 1154 765 1229 φέρουσαν
784 1148 962 1228 ἐπιρραπίζειν
977 1151 1007 1209 τὸ

235 1243 372 1316 καιόμενον
388 1241 460 1316 [πῦρ
469 1241 494 1316 J·
507 1238 550 1296 καί
563 1236 621 1295 roni
638 1237 687 1310 μέν
697 1237 758 1305 τούς
770 1239 933 1304 ἀνάπτοντας
947 1240 1006 1297 ἐπι·

179 1344 207 1388 ιι
234 1335 354 1405 κρατεῖν,
371 1324 430 1384 τοτὲ
442 1327 469 1383 δέ
482 1325 529 1396 τὴν
544 1326 692 1386 inordinat
707 1325 883 1405 βουλομένην,
897 1326 969 1393 τέλος
979 1326 1006 1385 δέ

166 1450 171 1455 =
232 1420 337 1486 νικῆσαι
356 1412 417 1482 τοὺς
432 1413 495 1487 δύο,
518 1414 564 1472 καὶ
583 1413 630 1484 τὴν
651 1416 743 1488 έτέραν
769 1414 889 1493 οἴχεσθαι
911 1414 1007 1490 μηκέτι

232 1504 315 1562 ποιεῖν
328 1526 354 1562 τι
369 1503 526 1579 δυναμένην.
569 1501 669 1562 Ἰθόντα
684 1502 711 1562 δὲ
726 1502 771 1559 τὸν
788 1503 894 1563 Λίνείαν
910 1504 1004 1576 εἰπεῖν,

231 1597 266 1660 ὡς
277 1589 404 1671 ἐπιφανὴς
417 1591 464 1668 μὲν
476 1591 551 1649 ἐσται
563 1591 609 1648 καὶ
622 1588 761 1666 θαυμαστὴ
774 1590 820 1647 καί
831 1588 950 1664 γνώσεως
962 1591 1006 1648 ἐπὶ

234 1682 355 1740 πλεῖστον
369 1679 470 1751 ἥκουσα
487 1683 504 1750 ἡ
522 1676 647 1752 ἀποικία,
658 1677 793 1758 ἐπίφθονος
812 1675 839 1736 δέ
858 1677 911 1743 τοῖς
924 1677 1006 1745 πέλας

178 1775 214 1833 ιε’,
232 1767 360 1846 αὐξομένη
380 1768 425 1825 καὶ
445 1764 570 1843 λυπηρδι,
586 1766 713 1846 κρατήσει
728 1766 750 1824 θ’
769 1764 841 1840 ὅμως
860 1767 914 1823 τῶν
935 1769 1005 1824 άντι·

232 1854 397 1932 πραττόντων
408 1854 543 1934 κρείττονα
553 1853 600 1925 τὴν
611 1855 641 1913 ἐκ
652 1859 699 1913 τοῦ
710 1853 778 1915 θείου
791 1853 875 1933 τύχην
887 1853 1006 1914 λαόοῦσα

230 1950 276 2003 τοῦ
291 1943 354 2022 παρ’
369 1942 512 2023 ἀνθρώπων
527 1943 748 2016 ἐναντιωσομένου
763 1942 866 2021 φθόνου.
909 1944 1004 2002 Ταῦτα

233 2033 280 2108 μέν
300 2031 332 2103 δὴ
351 2031 420 2092 οὕτω
441 2035 571 2110 περιφανῆ
596 2031 739 2108 μηνύματα
760 2030 866 2108 λέγεται
885 2031 1005 2110 γενέσθαι

231 2123 283 2179 τῶν
298 2116 511 2195 συμ“6ησομε’νων
524 2121 558 2197 τῇ
573 2117 662 2176 πολει·
676 2117 721 2175 καὶ
740 2117 810 2177 ἔστιν
829 2121 915 2177 αὐτῶν
940 2141 1006 2193 μνη·

177 2224 203 2262 an
232 2211 284 2284 μαῖ’
300 2210 327 2267 έν
348 2209 576 2289 τῇΛαουινιατῦιν
600 2209 699 2284 ἀγορᾷ,
720 2207 823 2285 χάλκεα
843 2206 939 2266 εἴδωλα
953 2211 1004 2265 τῶν

232 2295 304 2365 ζώων
319 2297 349 2355 ίκ
364 2296 463 2353 πολλοῦ
477 2293 546 2353 πάνυ
560 2294 656 2373 χρόνου
671 2293 873 2371 διατηρούμενα.

270 2385 331 2445 LX.
347 2383 458 2452 Ἐπειδὴ
476 2386 504 2441 δι
524 2383 721 2454 κατεσκευάσθη
741 2383 793 2450 τοῖς
804 2382 938 2460 Τρωσὶνῆ
955 2382 1004 2440 πό-

228 2472 283 2543 λις,
299 2471 422 2546 ἐπιθυμία
439 2471 539 2539 πάντας
558 2469 629 2549 ἴσχει
648 2474 695 2529 τοῦ
713 2472 776 2549 παρ’
798 2470 919 2540 θλλήλων
934 2473 1004 2530 dno·

230 2559 327 2617 λαῦσαι
349 2559 493 2637 χρησίμου,
539 2558 593 2618 Καὶ
616 2560 640 2616 οἱ
660 2559 777 2636 βασιλεῖς
798 2560 883 2616 αὐτῶν
903 2560 1003 2635 πρῶτοι

183 2663 209 2701 aa
232 2645 354 2727 ἄρχουσι,
371 2647 492 2723 μίξαντες
505 2651 552 2704 τοῦ
564 2648 588 2704 τ’
602 2645 743 2725 ἐπιχωρίου
758 2645 803 2704 καί
818 2651 864 2705 τοῦ
876 2646 1005 2717 ίπήλυδος

230 2734 318 2814 γένους
337 2735 385 2807 τὴν
411 2733 515 2802 ἀξίωσιν
531 2732 574 2793 ἐπὶ
599 2736 774 2810 συναλλαγαῖς
794 2735 895 2813 γάμου,
917 2733 1004 2801 δόντος

230 2822 346 2884 Λατίνου
378 2821 426 2895 τὴν
457 2822 586 2902 θυγατέρα
613 2827 720 2883 Λαῦναν
753 2822 847 2905 Λίνείορ
878 2829 1002 2901 γυναῖκα.

230 2909 344 2975 Ἔπειτα
358 2913 404 2971 καὶ
419 2915 443 2970 oi
458 2911 533 2969 ἄλλοι
547 2909 593 2982 τὴν
610 2913 691 2983 αὐτὴν
707 2911 848 2986 ἐπιθυμίαν
860 2919 913 2979 τοῖς
926 2915 1003 2992 βασι·

229 3004 303 3061 λεῦσι
317 3001 453 3071 λαθόντες,
471 3000 516 3058 καί
531 3000 565 3057 δι’
584 3000 672 3077 ὀλίγον
689 2999 758 3057 πάνυ
774 2998 868 3079 χρόνου
884 3022 1004 3077 συνενιγ·

175 3095 202 3136 ³⁰
230 3089 339 3167 aripenni
354 3092 399 3159 ἐθη
416 3086 462 3147 καλ
474 3086 569 3166 νόμους
589 3089 634 3146 καὶ
648 3089 713 3145 θεῶν
726 3083 803 3163 ίερθ,
818 3084 924 3156 κηδείας
938 3109 1004 3144 συν-

229 3178 341 3257 άψαντες
364 3177 488 3248 ἀλλήλοις
508 3177 554 3236 καὶ
574 3176 717 3242 κοινωνίαις
732 3173 854 3252 πολέμων
875 3177 1004 3254 ἀνακερα·

228 3264 339 3339 σθίντες,
353 3269 426 3344 κοινῇ
448 3267 597 3343 σύμπαντες
620 3262 749 3342 ὀνομασία
771 3263 1004 3342 προσαγορεύοντες

228 3349 335 3419 ἑαυτούς
349 3353 458 3413 ἀπὸτοῦ
474 3352 601 3433 βασιλέως
615 3355 667 3411 τῶν
682 3350 849 3427 ’Λόοριγίνων
865 3352 1003 3422 Λατίνους,

228 3436 296 3497 οῦτω
315 3439 428 3519 βεύαίως
448 3440 552 3517 ἔμειναν
576 3438 620 3498 ἐπὶ
645 3447 698 3503 τοῖς
719 3435 915 3514 συγκειμένοις,
940 3437 1004 3500 ὥστ’

172 3545 199 3585 αι
228 3528 311 3596 οὐδεὶς
325 3528 417 3594 αὐτοὺς
431 3528 469 3588 ἔτι
478 3530 571 3607 χρόνος
587 3530 634 3584 ἀπ’
649 3526 771 3597 ἀλλήλων
787 3527 917 3595 διέστησε.
959 3530 1002 3611 'En

228 3613 275 3692 μίν
298 3617 313 3675 δ
344 3617 490 3675 σννελθόντ’
510 3617 570 3687 ἔθνη
584 3616 630 3674 καί
642 3614 824 3692 κοινωσάμενα
840 3613 885 3674 τοῦ
932 3616 1001 3695 ίους,

228 3700 1000 3793 ttffleafflnfflamfflrniumttn

489 3794 495 3811 ,

573 3790 646 3850 ταῦτ’
667 3795 755 3850 ἐστιν·
775 3790 835 3850 'lde
855 3815 863 3848 t
882 3801 918 3849 ῑνε
971 3793 1001 3851 έν

231 3903 344 3985 .ρ,ωτον
360 3881 386 3942 οἳ
398 3882 520 3952 Σικελυρς
536 3879 711 3953 ἐξανέστησαν
725 3881 755 3944 ἐκ
771 3902 866 3946 τουτων
881 3885 932 3939 τῶν
944 3904 1000 3958 χω·

102 4038 107 4051 ι
170 3972 200 4014 ⁴0
229 3988 309 4058 Ἢν,
324 3967 457 4052 Ἕλληνες
480 3969 550 4047 ὄντες
567 3967 596 4027 τθ
618 3970 728 4049 ἀρχαῖον
753 3967 1009 4047 ἐκΠελοποννῄσ-ου

226 4053 1001 4138 rQbmmmmmanbfflmbao-vtams

227 4166 391 4221 κνης
415 4151 459 4204 νῦν
476 4146 626 4223 Ἀρκαδίας,
641 4148 676 4210 ὡς
698 4140 750 4220 ἐγὼ
764 4142 903 4217 πείθομαι·
919 4142 999 4229 ἔπειθ’

227 4230 894 4316 θῑΕαναΕαἈ-τώτῦωόαιὼρἑμρζίςς,
913 4235 957 4305 νῦν
972 4232 999 4289 δέ
1049 4242 1149 4306 Pelasgi
1157 4242 1202 4304 qni
1210 4239 1345 4302 migrarunt
1354 4234 1546 4292 exearentone,
1556 4231 1683 4293 quantun
1694 4225 1830 4286 flamonia,

226 4319 738 4399 OQQQoni·
760 4343 775 4375 τ
794 4318 843 4376 ίτοι
865 4317 888 4375 δ’
907 4317 1002 4395 οἱ-,σθύνι

276 4409 283 4428 ι

170 4414 199 4455 ⁴⁶
226 4402 314 4468 Εύανδ
368 4432 406 4468 πα
527 4409 534 4427 ’
620 4411 629 4467 ί
655 4407 772 4467 ’ταλίαν
800 4430 816 4463 κ
831 4406 998 4466 Παλλαντίου

226 4520 260 4556 πο
278 4521 338 4565 εως·
355 4497 422 4574 μετέι
437 4497 464 4555 δὲ
478 4495 582 4573 τούτους
593 4503 643 4556 τῶν
659 4497 705 4557 οῦν
718 4496 847 4576 Ἡρακλεῖ
859 4516 997 4573 στρατευο·

248 4574 301 4587 ἡ
762 4585 768 4604 l

227 4589 311 4660 μένων
327 4587 548 4649 Πελοποννησίων
563 4585 664 4645 Ἐπειοί
825 4607 834 4627 ⁶
961 4573 998 4663 οἷς

225 4787 267 4828 τες
282 4762 328 4824 obn
342 4766 436 4825 Αἰνεία
456 4767 481 4826 Τ
499 4768 546 4830 ῶες
561 4764 587 4832 ἐξ
601 4762 680 4823 Ἰλίου
693 4784 722 4819 τε
741 4761 786 4819 καὶ
802 4767 841 4820 Λα
861 4759 937 4816 δάνον
952 4759 998 4816 καὶ

171 4854 199 4893 ⁶⁰
226 4854 277 4910 τῶν
293 4853 326 4910 οίλ
357 4877 379 4911 ιν
401 4857 528 4914 Τωῖκῶν
544 4855 657 4913 πολεων.

267 4941 339 5000 llll.
354 4941 420 5008 Ὅτι
434 4941 461 5001 δέ
476 4942 560 5001 καὶτὸ
575 4945 626 5000 τῶν
638 4937 739 5019 Τρώων
757 4935 827 5003 ἐθνος
842 4932 998 5006 Ἑλληνικὸν

227 5031 252 5087 ἐν
278 5030 331 5095 τοῖς
351 5031 456 5106 μάλιστ’
477 5023 526 5104 ἦν,
548 5033 578 5091 ἐκ
598 5026 801 5097 Πελοποννήσου
825 5026 884 5083 ποθ’
903 5028 998 5101 ὡρμη·

227 5116 319 5196 μένον,
348 5118 450 5199 εἴρηται
469 5121 517 5194 μὲν
539 5121 583 5178 καί
607 5118 696 5185 ἄλλοις
717 5116 770 5175 τισί
789 5114 888 5185 πάλαι,
901 5110 996 5191 λιχθή·

226 5231 299 5269 σεται
317 5206 345 5267 δὲ
363 5209 408 5271 καὶ
426 5209 489 5289 πρὸς
513 5213 575 5286 ἐμοῦ
595 5211 627 5268 δι’
642 5207 747 5267 όλίνων.
790 5203 871 5283 Ἔχει
885 5202 908 5260 δ’
923 5200 997 5260 όλό·

1062 548 1135 593 esset.
1169 544 1237 592 Dum
1250 546 1332 593 antem
1353 542 1410 591 urbs
1428 541 1555 592 Lavinium
1569 541 1694 602 eonditnr,
1710 520 1763 590 ιιιόο
1785 553 1842 604 pro-

1063 635 1129 699 digia
1152 636 1263 686 Troianis
1280 635 1362 686 oblata
1376 635 1485 688 tradam
1517 637 1571 701 igni
1587 637 1613 688 in
1632 649 1733 688 nemore
1755 641 1843 701 sponte

1061 741 1183 789 aeeeaso,
1202 726 1273 778 aiunt
1290 728 1376 792 lupum
1394 741 1437 797 ore
1458 728 1588 779 materiam
1603 728 1699 780 addam
1709 727 1798 780 tulisse
1815 733 1841 782 et

1062 823 1088 872 in
1104 821 1184 884 ignem
1196 819 1329 871 oonloeisae
1343 840 1350 871 ι
1366 818 1474 884 aquilam
1490 832 1551 869 vero
1564 819 1693 871 advolasse
1702 822 1728 871 et
1743 820 1841 873 alarum

1062 912 1194 977 agitatione
1215 912 1341 963 llammam
1352 912 1473 963 excitasse
1487 931 1494 961 ι
1506 913 1551 962 aad
1559 912 1659 976 vulpem
1671 912 1740 964 bisne
1751 927 1841 978 magno

1062 1004 1144 1055 studio
1153 1018 1180 1054 se
1190 1006 1343 1068 opposuisse,
1356 1008 1383 1055 et
1393 1003 1473 1054 αειιθιι
1484 1005 1509 1054 ιιι
1525 1003 1627 1056 llnmine
1635 1004 1773 1056 madefacta
1785 1019 1842 1070 ope-

1061 1110 1114 1146 ram
1128 1096 1227 1148 dedisse
1242 1101 1271 1148 ul
1291 1096 1431 1148 incendium
1444 1098 1616 1161 exstingueret.
1650 1101 1682 1148 at
1702 1098 1776 1149 modo
1798 1112 1840 1150 eos

1060 1187 1104 1250 qui
1114 1187 1195 1252 iguem
1207 1187 1373 1239 aeneadebanl
1384 1188 1554 1252 prevaluisse,
1565 1188 1638 1238 modo
1650 1187 1757 1252 vulpem
1765 1227 1772 1249 ,
1781 1202 1838 1253 qnae

1060 1278 1184 1330 flammam
1195 1280 1351 1345 exstinguere
1359 1280 1458 1331 volebat
1468 1299 1475 1330 ι
1487 1280 1587 1331 ιειιιιειιι
1595 1294 1655 1330 vero
1665 1280 1729 1329 duos
1738 1280 1793 1331 illos
1805 1281 1840 1331 vi-

1061 1372 1137 1432 cisse,
1147 1376 1173 1423 et
1184 1371 1256 1431 bane,
1266 1386 1324 1423 num
1334 1372 1397 1424 nibil
1408 1373 1515 1437 amplius
1525 1372 1623 1424 elicere
1637 1377 1722 1437 posset
1737 1372 1836 1424 abiisse.

1061 1467 1161 1516 AEneam
1182 1468 1267 1514 antem
1282 1478 1309 1514 re
1331 1465 1385 1515 visa
1396 1463 1489 1515 dixisse
1509 1465 1607 1523 ierunt,
1623 1464 1743 1513 coloniam
1762 1463 1835 1514 istam

1035 1586 1038 1591 ·
1061 1559 1178 1609 ttlustrem
1188 1557 1288 1621 quidem
1299 1561 1326 1608 et
1336 1556 1505 1606 admirabilem
1520 1555 1629 1606 suturam
1642 1568 1781 1618 nomenque
1789 1568 1834 1607 ce·

1059 1650 1216 1701 leberrinmm
1241 1649 1400 1713 adepturam,
1423 1648 1467 1698 sed
1493 1649 1547 1699 elus
1567 1648 1717 1699 incrementa
1741 1647 1839 1712 populis

1060 1743 1168 1793 tinitimis
1175 1741 1295 1792 invidiosa
1303 1742 1356 1792 lore
1365 1746 1390 1793 et
1401 1743 1504 1793 molesta
1514 1759 1520 1790 :
1529 1740 1683 1791 adversarios
1692 1742 1775 1790 tamen
1783 1740 1838 1790 eins

1059 1833 1154 1896 abipsa
1165 1835 1308 1895 superatum
1319 1832 1362 1892 iri,
1375 1831 1442 1895 quod
1453 1831 1560 1882 numinis
1568 1831 1645 1882 divini
1659 1831 1744 1881 lavore
1755 1831 1835 1882 lorin-

1059 1937 1116 1974 nam
1136 1923 1242 1974 bumana
1261 1923 1354 1974 invidia
1365 1923 1437 1987 longe
1451 1926 1614 1988 potentiorem
1630 1922 1745 1973 habitura
1759 1926 1835 1974 esset

1060 2017 1121 2067 lien
1133 2015 1209 2079 igitur
1221 2019 1274 2066 tam
1291 2015 1420 2066 manifesta
1433 2015 1544 2080 prodigia
1559 2017 1666 2065 tutnram
1677 2014 1744 2064 urbis
1755 2014 1835 2064 lurtu-

1059 2123 1117 2160 nam
1127 2109 1248 2160 indicasse
1262 2108 1394 2167 dicuntum
1410 2111 1558 2173 exstantque
1578 2122 1664 2158 eorum
1678 2110 1837 2158 monumenta

1060 2203 1084 2252 in
1101 2201 1283 2252 laviniensium
1297 2202 1365 2263 torn,
1381 2214 1457 2252 aenea
1469 2200 1612 2251 animalium
1631 2199 1765 2262 imagines,
1780 2199 1837 2250 inde

1059 2294 1210 2359 apennultis
1219 2293 1288 2344 annis
1300 2295 1446 2344 adservatae.

1088 2394 1140 2442 LX.
1155 2388 1222 2442 Urbe
1240 2397 1324 2444 autem
1338 2407 1353 2442 a
1371 2392 1482 2442 Troianis
1490 2392 1619 2451 absoluta,
1633 2390 1766 2442 vehemens
1779 2404 1835 2441 om·

1057 2492 1126 2542 ninm
1139 2492 1235 2542 animos
1246 2490 1368 2555 cupiditas
1379 2490 1468 2540 invasit
1486 2490 1568 2540 soelos
1587 2488 1681 2539 mutuis
1692 2487 1785 2542 officis
1796 2488 1835 2537 ni-

1058 2588 1141 2638 elssim
1153 2587 1302 2638 demerendi.
1320 2590 1401 2650 Atque
1415 2598 1486 2647 reges
1500 2597 1588 2634 eorum
1603 2582 1678 2633 buius
1690 2582 1724 2632 rei
1738 2582 1834 2632 initium

1059 2686 1183 2744 lecerunt,
1194 2685 1237 2747 qui
1253 2683 1423 2748 indigenarum
1435 2686 1461 2733 et
1475 2681 1624 2731 advenarum
1636 2680 1778 2743 dignitatem
1792 2692 1835 2728 eo-

1057 2785 1140 2837 nnbiis
1151 2785 1315 2844 miscuerunt,
1333 2785 1417 2834 balino
1429 2784 1511 2832 AEneeo
1522 2779 1648 2830 Laviniam
1659 2778 1733 2828 tiliam
1742 2778 1766 2827 ln
1780 2791 1832 2828 ma-

1058 2884 1200 2934 trimonium
1209 2883 1291 2934 danie.
1310 2881 1402 2933 Deinde
1414 2881 1504 2941 reteri,
1515 2891 1601 2940 regum
1615 2876 1736 2940 exemplo,
1748 2875 1833 2926 endem

1058 2981 1191 3045 eupiditate
1207 2980 1351 3044 flagrantes,
1364 2977 1508 3029 brevissimo
1521 2975 1638 3038 temporis
1658 2973 1738 3038 spatio
1755 2973 1833 3022 mori-

1058 3082 1104 3134 bus
1122 3079 1216 3144 legibus
1235 3080 1338 3130 deorum
1357 3062 1434 3127 saeris
1452 3076 1477 3125 ln
1495 3089 1572 3124 ιιιιιιιιι
1593 3073 1703 3133 nolletis,
1725 3077 1751 3121 et
1764 3085 1832 3121 eom-

1056 3178 1182 3229 muninato
1200 3190 1244 3241 per
1263 3175 1367 3225 mnubia
1390 3174 1567 3237 gemerentque
1586 3168 1707 3219 bellorum
1723 3181 1834 3219 eorumn-

1057 3277 1129 3330 nione
1147 3274 1233 3333 mixti,
1248 3271 1370 3323 communi
1391 3269 1552 3334 appellatione
1573 3279 1656 3329 aroge
1674 3265 1832 3329 Aboriginum

1056 3375 1155 3435 sumpla
1166 3385 1193 3421 se
1206 3370 1305 3419 Latinos
1314 3370 1433 3418 vocarunt
1448 3383 1454 3413 ι
1475 3363 1538 3413 etin
1553 3362 1632 3425 pactis
1645 3360 1707 3411 adeo
1721 3364 1833 3411 musian-

1060 3477 1098 3522 ter
1111 3471 1269 3526 manserunt,
1291 3469 1319 3516 ιιι
1331 3463 1425 3515 nullum
1439 3467 1537 3526 tempus
1549 3474 1592 3510 eos
1605 3459 1688 3510 aelbue
1706 3459 1833 3522 separarit.

1057 3560 1148 3611 Gentes
1168 3556 1312 3621 igiturque
1326 3555 1350 3603 in
1365 3565 1442 3601 unnim
1457 3552 1626 3599 convenerunt
1640 3546 1739 3598 etrite
1752 3546 1832 3596 socie·

1055 3660 1133 3708 tatem
1151 3655 1297 3713 iunxerunt,
1311 3649 1445 3713 exquibus
1460 3660 1538 3711 genus
1550 3648 1686 3695 Romanum
1697 3646 1779 3694 οιιιιιιι
1794 3647 1833 3692 est

1056 3759 1187 3820 antequam
1210 3720 1366 3814 urbs'quam
1385 3759 1451 3797 nune
1475 3742 1588 3793 incolunt
1608 3740 1772 3800 conderetur,
1791 3738 1831 3789 baa

1056 3860 1115 3905 sunt
1133 3872 1139 3903 :
1161 3852 1271 3903 Primum
1293 3846 1394 3913 quidem
1410 3843 1566 3907 Aborigines,
1579 3840 1622 3904 qui
1641 3838 1736 3889 Siculos
1749 3851 1777 3886 ex
1793 3837 1833 3887 his

1054 3951 1115 4002 loeis
1140 3948 1302 4013 exptdernnt,
1327 3945 1374 4009 ipsi
1399 3954 1486 4006 genere
1508 3939 1586 3991 Graeci
1607 3951 1638 3987 ex
1665 3937 1830 3999 Peloponneso

1055 4047 1151 4100 orixmdi
1169 4045 1200 4096 ab
1219 4045 1253 4095 eis
1273 4047 1302 4093 ut
1316 4041 1415 4105 opinor,
1433 4038 1477 4102 qui
1490 4051 1548 4087 enm
1563 4037 1668 4085 OEnotro
1682 4046 1713 4083 ex
1730 4045 1759 4082 ea
1774 4044 1830 4094 qnae

1055 4159 1123 4197 nune
1140 4143 1246 4194 Arcadia
1258 4144 1361 4190 sonatur
1373 4134 1445 4186 sedes
1458 4134 1507 4184 buo
1525 4131 1705 4184 transtulerunt
1720 4146 1727 4179 ι
1742 4128 1831 4180 deinde

1055 4356 1120 4393 nune
1133 4355 1192 4392 vero
1200 4335 1324 4389 Thessalia
1334 4337 1437 4385 rotatur
1452 4349 1459 4380 ι
1473 4329 1542 4382 tertii
1557 4342 1617 4379 nero
1630 4328 1731 4378 inerunt
1742 4325 1785 4387 qui
1798 4338 1830 4375 ex

1054 4439 1143 4505 oppido
1155 4435 1273 4487 Pallantia
1286 4433 1311 4483 in
1322 4430 1417 4481 ltaliam
1432 4442 1490 4478 eum
1499 4425 1613 4477 Euandro
1626 4424 1745 4474 venenmt
1756 4439 1763 4470 ι
1776 4425 1831 4484 post

1054 4537 1101 4588 bos
1112 4549 1125 4585 e
1135 4526 1376 4596 peloponnensem
1384 4539 1443 4575 oum
1452 4521 1557 4573 ilerenle
1566 4519 1720 4578 militabant,
1733 4516 1793 4579 Epei
1805 4518 1831 4565 et

1055 4634 1199 4691 Pheneatae,
1213 4626 1305 4690 quibus
1316 4627 1342 4675 et
1352 4622 1447 4686 aliquot
1455 4617 1554 4669 Troiani
1567 4618 1637 4667 eraut
1646 4612 1769 4665 admixti:
1783 4625 1827 4676 po-

1055 4730 1140 4783 stremi
1150 4740 1208 4778 vero
1222 4727 1319 4774 luerunt
1331 4718 1443 4778 Troiani,
1453 4716 1535 4781 quiex
1545 4714 1589 4765 llio
1602 4717 1626 4763 el
1637 4711 1750 4762 Dardano
1762 4713 1829 4759 eele-

1054 4833 1137 4896 risque
1148 4826 1258 4880 Troianis
1273 4821 1376 4873 trabibus
1392 4818 1524 4870 incolumes
1535 4829 1592 4865 uum
1604 4815 1680 4863 AEnea
1689 4808 1828 4860 evaserant.

1087 4934 1148 4982 llll.
1167 4927 1327 4978 Troianorum
1346 4922 1429 4971 autem
1451 4919 1549 4982 gentem
1574 4909 1735 4975 cumprimis
1758 4908 1828 4959 Grae·

1055 5035 1110 5072 eam
1130 5018 1205 5067 luisse
1222 5028 1251 5065 ex
1276 5011 1441 5074 Peloponneso
1462 5003 1584 5069 qnondam
1610 4999 1757 5064 prolectam,
1779 4995 1827 5044 iam

1055 5108 1150 5174 pridem
1162 5105 1261 5170 quidem
1271 5101 1302 5151 ab
1313 5099 1367 5149 aliis
1380 5093 1528 5160 quibusdam
1539 5094 1577 5141 est
1587 5088 1696 5146 dietum,
1708 5083 1752 5135 sed
1762 5098 1777 5132 a
1789 5094 1829 5132 nne

1056 5210 1153 5265 quoque
1164 5195 1250 5260 paneis
1258 5191 1361 5241 dicetur.
1394 5186 1455 5236 llaec
1464 5187 1545 5233 aulem
1559 5182 1614 5229 sunt
1625 5189 1680 5241 qna
1693 5175 1724 5225 de
1734 5173 1770 5224 eis
1781 5176 1829 5221 tra·
