3980 5936
610 438 900 515 ANTIQUITATUM
922 441 1069 504 ROMAN.
1095 445 1168 507 LlB.
1193 448 1229 508 X.

119 576 182 655 μήτε
197 575 276 634 ἰδεῖν·
293 574 372 631 ἐωθεν
387 571 460 638 εὐθὺς
476 572 584 652 ἐξήισαν
599 575 624 631 οἱ
640 572 719 651 δέκα,
746 579 782 641 τὰ
804 582 891 661 παρά·
919 592 922 601 ’

119 687 189 744 σημα
206 665 252 732 τῆς
265 660 404 742 βασιλικῆς
414 659 532 730 ἐξουσίας
544 660 659 731 ἅπαντες
676 667 845 746 ἐπαγόμενοι.
857 667 893 730 ‘0

118 755 143 814 δὲ
158 755 256 831 δῆμος,
273 753 310 816 ὡς
329 747 425 827 έμαθεν
446 750 540 818 αὐτοὺς
560 749 647 809 οὐκίτι
667 756 846 845 φυλάττοντας
863 757 893 817 εδ

118 840 256 922 δημοτικὸν
277 840 360 898 ἐκεῖνο
376 838 421 898 καέ
434 837 539 920 μίτριον
561 843 654 919 σχῆμα
672 848 719 916 τῆς
732 845 892 925 ἡγεμονίας,
957 893 963 906 .

79 952 91 990 ε
117 929 172 992 οὐδέ
187 928 402 1008 διαμειόομένους
415 928 448 989 τδι
460 928 610 1011 παράσημα
625 934 672 1002 τῆς
688 937 827 1011 βασιλικῆς
842 939 891 1017 ἀρ.

117 1024 214 1102 χῆςύις
229 1017 372 1099 πρότερον,
401 1017 436 1084 είς
458 1018 560 1089 πολλὴν
587 1009 651 1090 ήλθε
682 1025 826 1102 δυσθυμίαν
847 1025 893 1086 καῖ

119 1109 272 1191 κατήρειαν.
314 1104 446 1189 Ἐρόύουν
460 1130 489 1166 τε
503 1109 528 1166 οἱ
547 1113 761 1189 προσηρτημένοι
774 1122 834 1183 ταῖς
849 1114 893 1175 δί-

120 1221 198 1277 σμαιε
211 1200 262 1256 τῶν
281 1195 384 1277 βάύδων
399 1193 534 1269 πελέκεις,
552 1201 596 1263 οθς
612 1200 703 1279 ἔρερον
717 1205 740 1261 ol
756 1203 892 1283 npoqped.

119 1307 189 1360 μενοι
204 1288 256 1344 τῶν
272 1285 372 1365 ἀνδρῶν
395 1281 526 1356 ίκάστου,
542 1283 645 1345 δώδεκα
660 1288 752 1366 ὄντες,
766 1290 894 1350 ἀναστέλ-

69 1392 93 1430 ιο
118 1375 203 1441 λοντες
219 1375 249 1433 ἐκ
264 1375 324 1449 τῶνΙ
342 1375 483 1430 στενωπῶν
502 1373 623 1449 πληγαῖς
639 1374 685 1433 τδν
701 1376 793 1456 όχλον,
814 1379 829 1438 θ
848 1379 894 1439 καὶ

118 1464 159 1523 ἐπὶ
179 1465 231 1522 τῶν
247 1460 376 1541 βασιλίσιν
399 1461 501 1537 ἐγένετο
520 1459 656 1541 πρότερον.
684 1465 825 1538 Κατελύθη
842 1466 894 1551 γδιρ

118 1550 188 1620 εὐθὺς
207 1550 238 1611 εδ
256 1549 312 1617 ίθος
333 1553 409 1608 τοῦτο
432 1549 500 1627 μετδι
520 1552 569 1622 τήν
593 1549 703 1625 ἐκόολήι
721 1559 773 1615 τῶν
796 1556 894 1631 μονάο·

121 1659 175 1717 χευν
190 1642 234 1701 ὐπ’
255 1645 346 1719 ἀνδρας
372 1645 514 1717 δημοτικοῦ
541 1644 660 1704 Ποπλίου
682 1643 831 1718 Οὐαλερίου
850 1640 898 1714 τήν

91 1790 96 1801 .
117 1729 220 1786 ἐκείνων
243 1725 360 1796 ἐξουσίαν
382 1724 593 1802 μεταλαύόντος,
619 1721 641 1810 ᾧ
666 1730 762 1798 πάντες
779 1736 804 1791 ol
825 1733 893 1810 μετὰ

76 1831 89 1867 5
117 1818 212 1874 ἐκεῖνον
233 1813 328 1873 ύπατοι
352 1814 435 1873 καλοῦ
449 1813 606 1896 πράγματος
633 1817 736 1888 δόξαντι
760 1820 837 1901 άρξαι
859 1820 893 1880 τδι

116 1901 193 1980 ὅμοια
206 1904 380 1983 πράττοντες,
395 1901 482 1962 οὐκίτι
500 1910 560 1972 ταῖς
579 1904 688 1983 δέσμαις
709 1911 763 1968 τῶν
787 1908 892 1990 βάύθων

116 1992 270 2073 προσήρτων
285 1989 344 2058 τούς
353 1990 488 2065 πελέκεις,
503 1995 543 2053 ότι
556 1992 595 2071 μή
607 1995 676 2055 κατδ
687 1995 735 2064 τδς
753 1998 892 2080 στρατείας

115 2081 160 2140 καί
175 2079 221 2146 τθς
236 2079 318 2147 άλλας
331 2078 432 2147 ἐξόδους
446 2079 493 2146 τὰς
510 2083 541 2141 ἐκ
552 2086 599 2155 τῆς
613 2083 723 2152 πόλεως.
769 2086 890 2167 Πολεμον

115 2170 138 2228 θ’
161 2168 296 2249 ἐξάγοντες
318 2168 456 2249 ὑπερόριον
483 2168 500 2241 ἢ
524 2172 577 2229 τῶν
597 2172 721 2247 ύιιηκόων
742 2175 891 2256 πράγματα

115 2257 331 2341 ἐπισκεψόμενοι,
349 2257 408 2317 τότε
432 2256 478 2319 καθ
498 2261 559 2325 τοὺς
574 2259 693 2328 πελέκεις
706 2271 764 2330 ταῖς
785 2264 891 2347 pidem

115 2344 347 2426 προσελάμόανον,
365 2343 408 2404 ίνα
426 2342 457 2403 τό
470 2348 517 2417 τῆς
528 2345 614 2427 ὄψεως
628 2348 755 2431 ροόερδν,
772 2355 808 2422 ὡς
821 2354 891 2414 κατὰ

114 2437 212 2515 ἐχθρῶν
224 2431 242 2506 ή
257 2432 356 2494 δούλων
368 2431 519 2513 γινόμενον,
532 2434 631 2507 ἥκιστα
647 2437 758 2517 γένηται
772 2449 825 2511 τοῖς
840 2466 889 2502 πο·

113 2521 197 2589 λίταις
211 2522 336 2603 ἐπαχθές.

153 2611 214 2671 LX.
235 2614 323 2672 Τοῦτο
336 2607 370 2683 δή
385 2608 556 2685 θεασαμένοις
572 2610 687 2686 άπασιν,
703 2612 718 2673 θ
739 2619 785 2686 τῆς
808 2620 888 2695 βασι-

114 2697 189 2770 λικῆς
204 2697 322 2767 ἐξουσίας
336 2698 446 2774 σημεῖον
457 2697 592 2775 ἐνομίζετο
605 2690 695 2774 εἶναι,
712 2701 780 2761 πολύ
797 2726 890 2784 παρει·

115 2785 205 2859 στήκει
228 2785 302 2862 δέος,
317 2783 409 2868 ὥσπερ
433 2785 513 2866 ίρην,
537 2788 734 2850 ἀπολωλεκέναι
756 2791 889 2869 νομίζουσι

113 2876 160 2949 τήν
183 2877 330 2955 ἐλευθερίαν
355 2875 401 2935 καὶ
433 2874 496 2934 δέκα
523 2877 640 2955 βασιλεῖς
669 2877 803 2954 ἑλομένοις
830 2880 888 2940 ἐντὶ

113 2965 177 3033 ίνός.
219 2967 319 3025 Τοῦτον
342 2963 370 3024 δέ
383 2964 427 3023 τδν
452 2961 549 3043 τρόπον
575 2965 810 3043 καταπληξάμενοι
830 2968 889 3037 τούς

112 3051 204 3133 θχλους
217 3055 241 3113 οἱ
258 3052 322 3113 δέκα
336 3051 447 3132 ἄνδρες,
468 3052 514 3111 καὶ
530 3052 635 3132 γνόντες
650 3053 691 3112 θτι
710 3057 750 3114 δεῖ
772 3055 845 3138 ρόόῳ
858 3058 889 3118 τδ

45 3172 51 3184 ·
112 3142 202 3202 λοιπθν
217 3145 303 3203 αὐτῶν
316 3140 425 3223 ἄρχειν,
440 3143 558 3223 ίταιρίαν
573 3142 680 3203 ίκαστοι
696 3147 819 3224 συνῆγον,
831 3148 889 3206 ἐπι·

112 3232 247 3312 λεγόμενοι
272 3229 332 3298 τούς
355 3228 533 3312 θρασυτάτους
556 3235 608 3292 τῶν
639 3229 703 3291 νέων
730 3232 776 3291 καί
799 3256 888 3315 σρισιν

113 3321 198 3387 αὐτοῖς
212 3318 448 3392 ἐπιτηδειοτάτους.
481 3317 521 3379 Tb
540 3319 589 3396 μέν
603 3310 648 3379 οὐν
663 3322 693 3380 ἐκ
713 3324 765 3380 τῶν
781 3321 887 3403 εὐπόρων

111 3407 220 3468 καὶτῶν
236 3410 365 3467 ταπεινῶν
385 3415 443 3473 ταῖς
465 3405 558 3486 τύχαις
571 3406 630 3475 τούς
655 3410 759 3478 πλείους
775 3415 887 3491 ρανῆναι

112 3500 266 3577 τυραννικῆς
280 3496 396 3562 κολσκας
410 3494 542 3569 ἐξουσίας,
555 3502 603 3555 τοῦ
613 3503 699 3557 κοινοῦ
712 3498 888 3578 συμφέροντος

40 3615 66 3646 :.
113 3583 307 3662 ἐλλαξαμίνους
329 3585 376 3651 τδις
397 3587 484 3643 αὐτῶν
498 3582 641 3665 ὠφελείας,
665 3583 724 3643 οὐτε
740 3585 886 3663 παράδοξον

28 4508 71 4548 eb

112 3671 168 3733 οὐτ’
182 3673 335 3732 άνελπιστον
349 3665 397 3745 ῆν·
412 3671 443 3731 τδ
458 3671 544 3730 δὲκαὶ
565 3674 595 3731 ἐκ
610 3676 662 3730 τῶν
681 3674 828 3750 πατρικίων
843 3677 886 3732 εὐ-

112 3766 219 3844 ρεθῆναι
244 3761 352 3842 συχνούς
382 3760 492 3842 ἔχοντάς
515 3784 540 3818 τι
566 3761 612 3820 καὶ
637 3761 681 3820 ἐπὶ
707 3760 815 3843 πλούτῳ
842 3761 888 3821 καλ

111 3854 156 3911 ἐπ’
181 3852 296 3931 εὐγενείορ
313 3854 382 3930 μέγα
403 3855 504 3932 φρονεῖν
526 3850 585 3917 τούς
610 3850 786 3924 ὑπομένοντας
826 3874 890 3930 συγ-

110 3940 253 4000 καταλύειν
266 3949 319 4008 τοῖς
330 3940 503 4020 δεκαδάρχοις
521 3939 569 4011 τήν
584 3941 631 4010 τῆς
646 3940 771 4018 πατρίδος
787 3941 888 3999 ἐλευθε-

112 4029 187 4110 ρίαν,
214 4035 292 4090 τοῦτο
318 4029 470 4106 θαυμαστὸν
501 4027 600 4088 άπασιν
629 4019 696 4089 εἶναι
721 4029 819 4089 ἐδόκει·
846 4030 889 4098 οθς

110 4122 207 4179 ἐκεῖνον
231 4122 330 4186 πάσαις
351 4116 536 4184 κολακεύοντες
559 4119 682 4191 ἡδοναῖς,
697 4120 793 4178 ὁπόσαι
808 4120 890 4199 πεφύ-

109 4230 190 4267 κασιν
203 4205 346 4288 ἀνθρώπων
360 4215 479 4286 κρατεῖν,
499 4203 569 4265 κατά
583 4206 684 4279 πολλὴν
700 4207 789 4266 ἄδειαν
806 4201 888 4289 ἦρχον

109 4300 158 4368 τῆς
174 4295 287 4370 πόλεως,
310 4294 407 4370 βουλὴν
431 4293 510 4371 μένῆ
531 4296 615 4373 δῆμον
628 4299 655 4354 ἐν
677 4298 788 4380 οὐδεμιᾷ
804 4299 891 4376 μερίδι

108 4382 258 4457 τιθίμενοι,
282 4383 389 4443 πάντων
414 4384 441 4443 δέ
462 4384 537 4443 αὐτοὶ
557 4386 697 4460 νομοθέται
711 4410 741 4446 τε
755 4386 801 4447 καὶ
816 4388 890 4447 δικα-

109 4478 174 4534 σταί
188 4474 336 4553 γινόμενοι,
357 4472 404 4533 καί
418 4472 530 4541 πολλούς
551 4474 598 4551 μέν
622 4475 822 4543 ἀποκτιννύντες
838 4479 891 4545 τῶν

106 4566 238 4636 πολιτῶν,
249 4561 362 4630 πολλοὺς
375 4560 403 4623 δέ
420 4561 607 4643 ιἰραιρούμενοι
618 4563 665 4629 τδις
677 4563 767 4632 οὐσίας
780 4564 887 4633 ἀδίκως.

106 4648 172 4712 Ἰνα
187 4651 214 4710 δέ
229 4653 317 4718 αὐτοῖς
332 4654 468 4730 εὐπρεπῶς
487 4650 522 4710 ab
540 4651 665 4731 γινόμενα
679 4650 731 4732 ἔχῃ
746 4653 888 4733 παράνομα

107 4740 158 4801 καί
183 4740 255 4801 δεινά
274 4742 354 4811 ὄντα,
367 4743 402 4806 ὡς
416 4739 449 4812 δὴ
473 4739 519 4799 σύν
539 4742 578 4819 τῷ
593 4737 687 4818 δικαίῳ
704 4739 890 4819 πραττόμενα,

107 4829 272 4911 δικαστήρια
285 4831 327 4910 ἐρ’
339 4830 445 4907 ἑκάστῳ
455 4827 577 4908 χρήματι
591 4827 764 4886 ἐπεδίδοσαν·
778 4818 847 4899 ἦσαν
861 4828 889 4887 δέ

106 4917 138 4977 οἵ
149 4941 180 4978 τε
195 4918 337 5001 κατήγοροι
350 4916 394 4978 ὐπ’
409 4918 494 4976 αὐτῶν
515 4914 621 4976 ἐκείνων
636 4918 667 4973 ἐκ
679 4917 732 4974 τῶν
753 4939 889 4994 συγκατα-

109 5007 297 5076 σκευαζόντων
313 5007 357 5079 τήν
373 5005 512 5087 τυραννίδα
535 5002 768 5081 θποπεμπόμενοι,
790 5003 836 5063 καλ
858 5003 891 5062 τέ

108 5096 275 5173 δικαστήρια
289 5098 320 5156 ἐκ
341 5098 394 5155 τῶν
410 5092 523 5175 ίτειίρων
547 5092 774 5170 ἀποδεικνύμενα,
790 5093 815 5153 οἳ
829 5096 890 5165 διη-

107 5183 238 5259 μείύοντο
248 5184 372 5257 άλλήλοις
386 5182 625 5263 καταχαριζόμενοι
639 5181 686 5248 τδς
696 5182 779 5249 δίκας.
798 5183 890 5243 Πολλδι

107 5270 140 5330 δέ
154 5276 209 5332 τῶν
221 5272 397 5351 ἐγκλημάτων
409 5272 455 5332 καὶ
465 5270 535 5331 ούτδι
549 5270 691 5353 ἐλαχίστου
705 5270 765 5340 άξια
775 5269 816 5353 ἐρ’
826 5273 889 5329 ίαν·

942 633 1000 672 cum
1012 625 1126 676 omnibus
1140 627 1213 691 regiis
1226 628 1528 700 insignibusprodierunt.
1566 629 1598 676 nt
1608 624 1724 691 populos,

943 711 973 757 ut
981 709 1045 762 vidit
1055 726 1098 764 eos
1109 728 1156 766 non
1166 717 1272 768 retinere
1283 716 1391 781 amplius
1403 715 1549 781 popularem
1557 714 1627 764 illum
1636 718 1662 763 et
1671 727 1724 762 mo·

942 801 1057 855 denatum
1072 808 1233 871 magistratus
1253 809 1381 871 habitum,
1397 822 1442 859 nse
1461 808 1536 871 regim
1552 805 1683 871 potestatis
1695 804 1732 852 in-

943 895 1021 959 signia
1033 900 1154 962 pervices
1168 907 1273 964 mutare,
1290 906 1320 953 ut
1330 906 1388 953 anie
1403 899 1537 960 faciebant,
1550 912 1639 961 magno
1650 897 1723 946 animi

948 1018 1055 1057 moerore
1068 1018 1098 1055 nc
1120 1004 1221 1057 tristitia
1239 1008 1369 1071 correptus
1388 1007 1436 1057 est.
1470 1009 1533 1057 Eum
1547 1008 1631 1058 numm
1648 1006 1728 1060 terre-

948 1110 1008 1162 bunt
1023 1113 1130 1176 alligate
1153 1114 1262 1165 fascibus
1278 1114 1386 1174 secures,
1399 1128 1463 1178 quas
1481 1116 1614 1167 duodecim
1629 1114 1746 1168 lictores'

948 1218 1083 1284 uuicuique
1104 1234 1189 1272 eorum
1215 1222 1391 1287 praelerebnnt,
1413 1223 1560 1274 verberibus
1578 1222 1678 1274 turbem
1698 1238 1729 1275 ex

948 1324 997 1376 siis
1022 1325 1214 1387 submoventes,
1238 1327 1446 1390 quemadmodum
1469 1328 1528 1379 olim
1559 1328 1606 1380 sub
1629 1330 1728 1394 regibus

949 1428 1032 1481 tiebat.
1065 1430 1112 1481 llic
1126 1430 1192 1483 euim
1204 1445 1259 1481 mos
1274 1432 1404 1484 confestim
1421 1436 1478 1498 post
1495 1434 1589 1498 ejectos
1601 1446 1670 1499 reges
1683 1449 1729 1484 nn·

949 1538 1062 1602 liquatus
1073 1539 1153 1591 luerat
1167 1539 1248 1590 nriro
1260 1539 1372 1605 populari
1380 1544 1409 1593 Ρ.
1418 1540 1534 1603 Valerio,
1547 1544 1592 1605 qui
1606 1541 1632 1593 in
1643 1555 1729 1605 eorum

949 1643 1097 1706 potestatem
1119 1646 1280 1694 successerat.
1322 1646 1404 1703 Quem
1417 1657 1505 1696 omnes
1519 1646 1635 1697 eonsules
1657 1645 1730 1696 dein·
1818 1708 1820 1713 ρ

949 1758 1009 1810 eeps
1028 1745 1123 1807 secuti,
1151 1750 1181 1797 ut
1206 1747 1320 1811 preclari
1346 1748 1451 1812 exempli
1482 1752 1610 1801 auctorem
1629 1751 1728 1812 imitati,

949 1868 1051 1905 secum
1064 1852 1179 1915 fascibus,
1194 1854 1240 1905 nisi
1257 1854 1284 1904 in
1298 1853 1499 1920 expeditionibus
1522 1857 1609 1909 aliisve
1624 1859 1730 1924 publicis

949 1957 1159 2021 protectionibus,
1182 1957 1287 2022 emplius
1307 1973 1356 2010 non
1381 1959 1514 2011 addebant.
1548 1962 1653 2020 Quoties
1671 1976 1730 2014 vero

949 2063 1041 2114 bellum
1049 2066 1180 2114 externum
1198 2065 1324 2128 gerebant,
1348 2066 1445 2117 autres
1467 2064 1624 2117 subditorum
1639 2067 1729 2117 inviso·

950 2171 1019 2232 bunt,
1029 2173 1089 2220 tunc
1103 2170 1178 2221 etiarn
1191 2184 1291 2223 secures
1301 2171 1334 2222 ad
1353 2172 1435 2222 lesoes
1446 2170 1606 2233 edliibebant,
1620 2177 1649 2224 ut
1664 2174 1730 2225 illius

950 2278 1084 2345 spectaculi
1093 2281 1181 2341 terror,
1195 2280 1268 2342 quasi
1277 2280 1340 2330 solis
1350 2278 1472 2340 hostibus,
1490 2282 1533 2330 aut
1544 2279 1652 2332 subditis
1662 2280 1730 2332 incu-

950 2388 1054 2447 teretur,
1062 2384 1160 2435 ciribus
1172 2384 1256 2434 minus
1266 2383 1349 2448 gravis
1361 2382 1498 2435 rideretur.

981 2621 1029 2669 Lx.
1052 2619 1105 2669 lloe
1127 2616 1203 2682 igitur
1216 2617 1358 2680 conspecto,
1368 2615 1438 2682 quod
1454 2616 1528 2679 regio
1542 2616 1676 2680 potestatis
1690 2617 1728 2667 in·
1768 2600 1777 2607 ’

949 2708 1018 2772 sque
1028 2707 1173 2771 putabatur,
1184 2718 1271 2757 ornnes
1289 2704 1408 2769 (uldini)
1428 2708 1513 2756 metus
1525 2704 1612 2769 ingens
1625 2705 1726 2766 invasit,

948 2799 1015 2862 quod
1025 2796 1058 2847 de
1073 2795 1189 2846 libertate
1208 2809 1254 2845 sna
1274 2798 1359 2849 actum
1371 2793 1553 2855 existimarent,
1573 2798 1600 2843 et
1612 2807 1658 2858 pro
1670 2807 1727 2859 rege

947 2900 997 2936 nno
1008 2884 1094 2936 decern
1108 2887 1274 2935 asscreetos.
1308 2886 1391 2943 Quum
1412 2882 1489 2946 igitur
1506 2881 1641 2933 decemviri
1659 2883 1727 2932 mul·

946 2974 1078 3027 titudinem
1092 2974 1139 3022 boc
1160 2972 1234 3022 ruodo
1252 2972 1416 3034 terruissent,
1430 2984 1536 3036 eamque
1553 2973 1578 3021 in
1600 2974 1728 3036 posterum

947 3067 1016 3143 metu
1030 3074 1114 3125 regere
1134 3059 1290 3121 statuissent,
1304 3061 1393 3124 singuli
1414 3059 1573 3113 sodalitatem
1595 3064 1727 3111 contraxe-

947 3155 1014 3210 runt,
1021 3149 1232 3202 etaudacissimos
1240 3163 1362 3214 quosque,
1373 3164 1403 3201 ac
1410 3150 1457 3201 sibi
1466 3149 1574 3201 munione
1584 3151 1728 3201 convenien·

946 3245 986 3293 tes
996 3240 1101 3305 juvenes
1121 3239 1275 3301 delegerunt.
1287 3238 1359 3297 Quod
1372 3238 1448 3302 igitur
1467 3239 1580 3304 plerique
1601 3240 1687 3305 inopes
1699 3254 1728 3290 nc

946 3328 1039 3380 inbnnn
1051 3325 1199 3378 conditionis
1212 3325 1331 3382 homines,
1346 3324 1451 3388 publicis
1470 3325 1606 3375 commodis
1618 3325 1728 3390 privatos

946 3420 1058 3483 quaestus
1080 3413 1252 3479 preferentes,
1287 3412 1423 3475 tyrannice
1451 3412 1585 3477 potestatis
1616 3413 1727 3463 adulato-

946 3516 987 3554 res
997 3501 1156 3560 exstiterint,
1174 3499 1223 3550 boo
1243 3512 1289 3550 nec
1306 3502 1398 3564 preter
1414 3498 1567 3564 opinionem,
1581 3513 1626 3549 nec
1637 3505 1728 3564 praeter

947 3602 1016 3651 spem
1038 3586 1138 3647 accidit;
1167 3585 1211 3637 sed
1232 3586 1314 3650 qnod,
1344 3586 1420 3637 etlam
1443 3599 1476 3636 ex
1501 3586 1587 3637 ordine
1608 3580 1725 3650 patricio,

945 3677 1019 3728 multi
1030 3676 1124 3727 inventi
1136 3676 1235 3733 luerint,
1251 3674 1303 3738 qui,
1315 3688 1395 3739 quum
1405 3674 1493 3738 opibus
1502 3678 1528 3725 et
1543 3673 1672 3725 nobilitate
1681 3675 1727 3724 nli-

945 3779 995 3830 quo
1018 3764 1094 3815 inodo
1113 3764 1145 3814 de
1163 3777 1190 3813 se
1202 3761 1331 3826 magnifice
1345 3763 1436 3813 sentire
1452 3766 1566 3827 possent,
1580 3767 1663 3813 tamen
1678 3778 1727 3813 non

946 3855 1086 3906 dubitarint
1099 3867 1147 3905 nna
1160 3866 1218 3902 oum
1232 3851 1380 3902 decemviris
1391 3851 1478 3915 patries
1486 3850 1629 3902 libertatem
1640 3852 1727 3916 oppri-

947 3958 1022 4006 mere,
1039 3944 1087 3994 boc
1109 3939 1285 3993 admirandum
1306 3938 1422 3990 omnibus
1441 3938 1552 3999 ridetur,
1571 3952 1629 3989 curn
1640 3939 1676 3990 illi
1687 3942 1726 3990 in·

947 4034 1076 4099 dirigentes
1094 4031 1209 4082 omnibus
1230 4027 1420 4093 voluptatibus,
1434 4040 1491 4092 quae
1513 4026 1656 4078 bominibus
1677 4028 1725 4079 iin-

946 4138 1034 4190 perare
1049 4123 1137 4182 solem,
1154 4134 1244 4184 magna
1265 4118 1363 4169 licentia
1377 4122 1403 4168 et
1421 4117 1475 4168 sine
1489 4116 1541 4167 ullo
1561 4120 1632 4168 metu
1653 4131 1726 4168 suuni

947 4214 1078 4278 imperium
1098 4213 1124 4264 in
1144 4208 1324 4275 rempublicam
1341 4207 1498 4265 exercebant,
1515 4210 1630 4260 senatum
1644 4220 1726 4273 popu·

946 4303 1197 4366 lumqueliornanum
1213 4299 1311 4363 penitus
1329 4299 1524 4355 contemnentes,
1544 4296 1654 4345 omniurn
1678 4294 1726 4359 ipsi

947 4389 1207 4455 legumlatoresatque
1224 4386 1335 4452 judices,
1349 4384 1444 4435 multos
1455 4383 1548 4434 mnium
1569 4383 1726 4444 occidentes,

946 4477 1039 4528 multos
1068 4477 1139 4528 bonis
1158 4476 1250 4540 injuste
1273 4476 1400 4524 exuentes.
1434 4474 1468 4521 Ut
1485 4475 1570 4522 autem
1584 4470 1677 4532 injusta
1698 4483 1728 4520 ac

944 4566 1038 4616 atrocis
1055 4581 1141 4618 eorum
1162 4570 1270 4623 iaclnora
1292 4571 1398 4637 qreciern
1419 4569 1523 4636 justitie
1542 4566 1673 4624 baberent,
1695 4562 1728 4611 de

924 4707 926 4711 .
945 4657 1050 4719 singolis
1067 4660 1163 4711 caussis
1177 4662 1270 4727 judicio
1286 4664 1422 4714 constituto
1441 4660 1634 4726 cognoscebant;
1650 4670 1725 4706 accu-

946 4751 1043 4799 satores
1063 4744 1236 4803 versabilis,
1258 4743 1301 4807 qui
1313 4743 1350 4793 eis
1371 4738 1528 4803 tyrannidem
1549 4735 1725 4796 adstruebent,

947 4834 1162 4893 subornabanturs
1189 4835 1214 4883 et
1232 4830 1327 4897 judicis
1349 4828 1497 4881 constabunt
1518 4840 1549 4876 ex
1572 4838 1657 4876 eorum
1688 4837 1727 4873 so·

945 4922 1059 4980 delibus.
1079 4921 1124 4985 qul
1143 4920 1191 4971 sibi
1212 4920 1319 4971 invicem
1345 4919 1452 4984 gratiam
1475 4914 1633 4977 referebant,
1657 4926 1727 4963 caus·

946 5023 987 5060 sas
1003 5008 1139 5072 largientes.
1173 5007 1265 5059 llultas
1284 5010 1369 5058 eutem
1379 5019 1489 5068 mussas,
1502 5017 1592 5067 easque
1607 5016 1656 5053 non
1676 5001 1725 5052 mi·

946 5098 1006 5147 nimi
1027 5097 1160 5155 momenti,
1186 5095 1323 5147 decemviri
1347 5108 1393 5145 suo
1423 5093 1546 5146 arbitratu
1569 5091 1725 5155 iudicabunt3

946 5189 1030 5252 itaque
1042 5187 1086 5251 qai
1096 5186 1147 5249 juri
1162 5199 1209 5237 suo
1223 5200 1271 5235 non
1286 5184 1412 5245 lidebant,
1431 5184 1583 5248 cogebantur
1600 5195 1627 5233 se
1638 5195 1724 5232 esrum

947 5274 1068 5326 sodalitiis
1083 5274 1231 5339 adjungere,
1250 5274 1310 5338 quia
1332 5272 1398 5324 nulla
1417 5271 1468 5323 alia
1488 5272 1584 5322 tutione
1606 5285 1633 5321 ae
1651 5283 1725 5320 suurn
