4034 5922
681 1274 1195 1431 PRAEFATIO.

798 1667 1083 1707 -ψ-

203 2056 347 2147 Quodsi
364 2082 458 2131 nova
474 2058 550 2133 haec
566 2059 825 2159 Antiquitatum
841 2065 1082 2136 Romanarum
1093 2061 1226 2153 editio,
1240 2086 1320 2162 quae
1342 2064 1425 2134 ante
1437 2058 1569 2135 multos
1584 2060 1717 2133 abhinc

150 2228 277 2277 annos
299 2204 471 2277 inchoata
490 2220 561 2295 est,
588 2230 685 2277 nunc
704 2203 851 2278 demum
874 2207 912 2278 in
936 2206 1052 2280 iucem
1077 2207 1217 2308 prodit,
1244 2209 1349 2279 sortis
1369 2208 1532 2307 quaedam
1548 2207 1717 2306 iniquitas

153 2348 362 2420 accusanda
378 2362 443 2439 est,
460 2372 540 2446 quae
554 2349 602 2420 ita
617 2347 719 2439 tulit,
737 2361 775 2420 ut
796 2348 961 2448 Adolpho
978 2351 1152 2447 Kiessling
1168 2374 1269 2422 novae
1283 2352 1502 2423 recensionis
1513 2375 1598 2422 cura
1614 2375 1713 2421 com·

156 2492 380 2564 mitteretur.
400 2496 433 2563 Is
452 2492 561 2583 enim,
576 2505 766 2591 postquam
788 2505 925 2591 partem
940 2496 1095 2593 suscepti
1113 2494 1270 2567 muneris
1286 2508 1482 2593 peregerat,
1497 2492 1655 2593 plagulas
1670 2490 1714 2562 ad

158 2633 417 2730 corrigendum
433 2634 466 2705 ei
483 2635 704 2707 transmissas
721 2654 874 2734 pen'esse
886 2633 1052 2728 detinuit,
1064 2659 1106 2707 ac
1123 2636 1285 2734 quamvis
1299 2635 1503 2735 complures
1519 2659 1585 2735 per
1602 2658 1716 2705 annos

158 2777 294 2848 iterum
307 2778 509 2875 iterumque
521 2793 729 2850 moneretur
749 2793 788 2851 ut
803 2793 910 2851 staret
927 2780 1051 2877 pactis,
1063 2781 1100 2850 in
1112 2778 1294 2852 obstinato
1311 2780 1548 2879 perseveravit
1560 2778 1714 2869 silentio,

160 2944 231 2990 nec
246 2919 444 3018 quidquam
457 2921 634 3019 ‚praestitit
654 2945 727 3018 quo
744 2919 852 2992 iidem
870 2945 970 2992 suam
991 2919 1171 2993 liberaret.
1197 2926 1284 3010 Quae
1308 2921 1455 3020 quidem
1477 2922 1604 3020 agendi
1625 2922 1716 2993 ratio

160 3063 278 3158 qualis
290 3062 495 3135 aestimanda
518 3064 578 3151 sit,
594 3063 654 3134 vix
673 3077 746 3153 est,
773 3064 916 3163 opinor,
939 3088 1004 3167 cur
1018 3063 1183 3137 disertius
1202 3063 1362 3163 eloquar.
1389 3106 1439 3119 —
1451 3069 1591 3162 itaque,
1610 3030 1716 3135 misso

158 3206 308 3278 tandem
328 3205 557 3301 Kiessiingio,
577 3206 700 3277 Victor
719 3209 834 3295 Prou,
856 3206 913 3277 vir
935 3203 1182 3298 doctissimus,
1202 3207 1395 3304 adjuvante
1414 3207 1571 3280 consiliis
1596 3222 1631 3281 et
1647 3207 1714 3280 do-

157 3351 287 3419 ctrinae
306 3346 421 3445 copiis
431 3372 540 3445 quem
550 3371 676 3419 omnes
699 3348 867 3419 novimus
881 3351 1036 3444 Eggero,
1053 3348 1291 3421 continuandi
1309 3349 1428 3447 operis
1441 3348 1625 3444 negotium
1638 3372 1714 3418 sus-

154 3493 254 3590 cepit
269 3505 305 3563 et
323 3506 525 3590 susceptum
541 3489 586 3562 ad
604 3489 715 3561 finem
730 3488 881 3563 feliciter
897 3489 1077 3591 perduxit.
1102 3498 1147 3564 At
1161 3506 1308 3592 peracto
1323 3492 1381 3563 vix
1397 3489 1532 3584 labore,
1548 3506 1624 3564 tum
1647 3494 1713 3587 Eg·

155 3658 284 3731 gerum
303 3647 381 3704 tum
396 3633 578 3704 Victorem
607 3635 698 3702 Prou
714 3686 723 3721 ,
741 3656 848 3728 quem
870 3632 937 3704 hac
950 3631 1160 3730 praesatione
1186 3658 1307 3734 operae
1321 3657 1392 3705 suae
1412 3635 1569 3704 rationes
1589 3631 1711 3704 reddi·

151 3795 281 3853 turum
307 3777 414 3849 fuisse
439 3801 683 3877 speraveram,
706 3775 819 3849 fatalis
834 3791 968 3851 naturae
991 3777 1157 3848 humanae
1186 3777 1375 3849 necessitas
1397 3773 1522 3846 studiis
1539 3787 1575 3844 et
1592 3774 1715 3844 amicis

18 4016 26 4025 Ι
147 3926 300 4027 eripuit.
320 3924 380 3995 Sic
402 3947 464 3995 sua
482 3922 553 3996 tau
573 3921 707 3994 habent
723 3921 843 3995 libelli.

1093 4143 1131 4209 t.
1163 4137 1315 4210 rtttttttt
1343 4136 1491 4207 umor.

278 4427 404 4488 Parisiis.
420 4424 687 4480 nostrumnon.
703 4422 787 4476 Dccc
803 4423 932 4475 Lxxxttt.
