4034 5922
785 386 953 448 DIONYSII
975 390 1356 454 nAilcanNAssun'sts

264 512 301 576 ιίς
327 511 463 572 Σικελίαν.
505 515 540 573 Oi
567 512 598 572 δέ
626 507 839 595 καταλειφθέντες
869 520 915 575 ὑπ’
954 519 1033 578 αύτοῶ

263 597 369 677 φρουροί
392 597 437 658 καί
456 598 588 679 οἰκήτορες
602 599 732 673 Ἰταλίας,
749 604 773 660 οἰ
784 603 845 682 περὶ
860 604 901 662 τὸν
916 605 1034 686 Σατούρ·

263 707 316 745 νιον
336 684 412 765 όχθον
435 687 582 765 ίδρυμένοι,
609 689 673 754 τέως
699 687 746 765 pb
772 692 951 755 ἐπολιτεύοντο
974 700 1032 752 καθ’

264 772 384 840 ἑαυτούς·
399 773 486 853 χρόνῳ
502 775 525 832 δ’
541 773 647 854 ἰίστερον
670 779 700 835 ού
721 781 816 859 μακρῷ
832 778 931 838 δίαιτάν
946 804 974 840 τε
989 782 1034 840 καὶ

222 881 235 917 a
265 862 358 937 νόμους
371 863 416 921 καί
432 865 496 921 θεῶν
508 862 565 942 ίερὰ
577 865 791 941 συνενεγκάμενοι
809 867 841 927 τθι
856 869 967 949 σφέτερα
982 878 1034 937 τοῖς

263 948 449 1028 Ἀόοριγίνων,
466 948 555 1030 ῶσπερ
576 951 704 1030 Ἀρκάδες
720 953 764 1011 καῖ
785 952 823 1012 ἔτι
841 958 965 1036 πρότερον
982 959 1033 1016 Πε·

262 1039 375 1113 λασγοί,
404 1035 503 1103 πόλεώς
523 1060 552 1095 τε
576 1043 623 1111 τῆς
645 1042 724 1112 αὐτῆς
746 1050 799 1109 τοῖς
821 1042 960 1122 Ἀύοριγῖσι
979 1068 1034 1105 κοι·

261 1126 435 1199 νωνήσαντες,
450 1125 597 1198 συνέόησαν
609 1133 739 1205 ὁμοεθνεῖς
750 1131 909 1206 νομίζεσθαι.
951 1133 1035 1214 Ἦρα·

261 1214 350 1280 κλέους
371 1215 418 1290 μὲν
443 1208 480 1277 δι’.
489 1213 626 1294 στρατείας
654 1217 728 1292 πέρι,
751 1220 795 1277 καὶ
815 1222 1033 1295 Πελοποννησίων

209 1314 233 1353 ιο
262 1305 393 1373 ὑπομονῆς
413 1303 440 1360 ἰν
462 1302 565 1383 Ἰταλία
583 1304 688 1363 τοσαῦτ’
713 1307 836 1385 εἰρήσθω.
879 1313 995 1393 Δευτέρᾳ
1011 1315 1033 1372 δ’

260 1387 469 1476 ύστερονςγςυςᾷ
490 1391 560 1472 pit&
578 1390 625 1466 τὴν
643 1390 804 1473 Ἡρακλέους
826 1396 955 1477 ἄπαρσιν,
981 1402 1034 1460 ίτει

259 1479 289 1541 δί
301 1483 415 1563 πέμπτῳ
436 1483 481 1541 καί
496 1484 666 1560 πεντηκοστῷ
681 1483 810 1560 μάλιστα,
825 1486 859 1550 ὡς
871 1487 943 1545 αὐτοὶ
962 1486 1032 1548 Ῥω·

260 1577 334 1643 μαῖαι
356 1568 479 1647 λέγουσι,
503 1567 624 1649 βασιλεὺς
650 1569 698 1648 μὲν
717 1571 884 1653 Ἀόοριγίνων
900 1565 931 1647 ἦν
951 1577 1032 1636 Αατῖ-

261 1678 305 1719 νος
317 1658 331 1712 θ
344 1657 463 1727 Φαύνου,
480 1661 552 1734 γόνος
572 1655 600 1715 δί
611 1656 783 1737 Ἡρακλέους,
798 1665 917 1740 πέμπτον
940 1661 968 1724 δί
986 1665 1031 1725 καὶ

204 1761 229 1801 to
257 1742 411 1821 τριακοστόν
423 1743 478 1810 ἔτος
490 1745 558 1825 έχων
572 1744 619 1817 τὴν
633 1747 729 1827 ἀρχήν.

296 1831 385 1893 xlv.
404 1833 481 1891 Κατδι
491 1832 518 1892 δί
532 1832 575 1891 τὸν
587 1831 680 1911 χρόνον
694 1841 783 1895 τοῦτον
793 1840 884 1916 Τρῶες
897 1844 921 1899 ol
931 1841 1032 1903 σίινΑἰ·

255 1918 310 1998 νείαρ
319 1919 484 1998 διαφυγόντες
495 1921 521 1989 ἰξ
528 1920 607 1982 Ἰλίου
614 1922 661 1989 τῆς
672 1924 770 1990 πόλεως
780 1926 894 1997 ἁλούσης
902 1929 1031 2011 κατέσχον

255 2008 290 2071 εἰς
303 2006 451 2085 Λωρεντὸν,
464 2008 581 2088 αἰγιαλδν
593 2010 765 2091 Ἀόοριγίνων
775 2014 818 2070 ἰπὶ
827 2019 864 2094 τῷ
875 2018 1031 2096 Ἰὐρρηνικῷ

231 2094 233 2099 ’
254 2093 361 2168 πελάγει
373 2091 501 2171 κείμενον,
511 2100 541 2157 ού
552 2099 642 2178 πρόσω
651 2102 703 2157 τῶν
712 2099 828 2158 ἰκόολῶν
838 2107 883 2160 τοῦ
895 2102 1030 2184 Ἰ“ε6έριος·

200 2194 228 2234 20
255 2179 377 2248 λαθόντες
389 2183 416 2241 δί
430 2184 502 2264 παρδι
513 2187 564 2243 τῶν
582 2186 754 2266 Ἀόοριγίνων
766 2191 862 2269 χοιρίον
879 2192 914 2257 εἰς
929 2191 1029 2263 οἰκησιν

255 2268 301 2326 καί
322 2266 362 2329 όσ’
383 2267 483 2343 ἠξίουν,
504 2272 653 2344 πολίζονται
674 2274 767 2356 μικρὸν
795 2279 953 2357 ἀποσχόντες
978 2281 1031 2340 aab

254 2354 386 2428 θαλάττης
402 2358 445 2417 int
462 2359 534 2441 λόφῳ
556 2363 622 2434 τινί,
639 2358 776 2425 Λαουίνιον
797 2365 880 2442 ὄνομα
901 2372 933 2446 τῇ
955 2368 1030 2426 πόλει

254 2443 366 2519 θέμενοι.
408 2445 513 2527 Ὀλίγῳ
532 2451 554 2510 δ’
569 2449 676 2529 ὕστερον
693 2451 780 2533 χρόνῳ
794 2452 842 2522 τὴν
857 2455 969 2532 ἀρχαίαν
985 2458 1031 2514 οἰλ·

254 2529 379 2599 λόξαντες
388 2534 531 2611 ὀνομασίαν
544 2536 602 2611 άμα
615 2545 669 2604 τοῖς
682 2536 841 2619 Ἀόοριγῖσιν
858 2539 910 2598 ἄπδ
924 2545 969 2600 τοῦ
983 2545 1030 2620 βα-

199 2640 226 2678 an
254 2620 346 2686 σιλέως
359 2626 406 2692 τῆς
422 2621 511 2701 χώρας
531 2630 639 2686 Λατῖνοι
653 2626 865 2703 ὠνομάσθησαν·
885 2628 930 2686 καὶ
946 2652 1028 2706 μετα·

254 2710 396 2775 ναστοίντες
408 2713 437 2769 ἰκ
451 2716 498 2770 τοῦ
517 2716 656 2773 Λαουϊνίου
681 2714 1025 2799 ορμημεῤ-ψώχω

256 2796 318 2872 ρίων
374 2797 382 2854 ί
518 2800 611 2861 iiiito
628 2826 641 2840 ·
719 2803 734 2820 ⁸
819 2827 832 2859 ν
855 2802 866 2822 ’
888 2803 938 2861 iia
1008 2805 1028 2852 '-

253 2885 344 2957 λαυρ-ν,
366 2884 392 2952 ἐξ
411 2877 441 2958 ἧς
453 2887 600 2967 ὁρμώμενοι
623 2891 722 2959 πολλθς
747 2892 794 2968 μὲν
818 2892 862 2951 καὶ
882 2894 964 2962 ἄλλας
977 2895 1026 2955 πό-

255 2973 308 3039 λεις
323 2971 428 3033 ἔκτισαν
453 2980 504 3034 τῶν
523 2980 670 3051 κληθέντων
696 2981 821 3057 Πρίσκων
844 2982 975 3056 Λατίνων,
999 2981 1027 3052 ἐξ

198 3077 225 3117 aa
252 3047 289 3118 ῶν
316 3063 344 3117 αἱ
366 3063 489 3122 πλεῖσται
513 3064 551 3124 ίτι
578 3067 623 3126 καί
648 3069 683 3133 εἰς
708 3065 755 3144 ε’μί
781 3059 847 3139 ἦσαν
865 3070 1025 3146 οἰκούμεναι.

253 3149 358 3213 Ιένεαῖς
379 3150 402 3206 δ’
430 3148 536 3232 ὕστερον
563 3154 704 3212 ἑκκαίδεκα
733 3153 802 3229 μετθι
824 3155 905 3215 Ἰλίου
925 3159 1023 3218 ἅλωσιν

251 3236 430 3318 ἓντπέρσφαντες
445 3240 568 3300 ἀποικίαν
590 3245 626 3309 εἰς
646 3242 676 3302 τὸ
696 3243 863 3303 Παλλάντιόν
877 3269 905 3303 τε
920 3246 965 3304 καῖ
978 3248 1026 3319 τήν

253 3324 434 3404 Σατουρνίαν,
457 3324 519 3387 ἔνθα
544 3329 752 3401 Πελοποννήσιοί
771 3353 799 3388 τε
826 3329 872 3387 καί
897 3329 1026 3411 Ἀρκάδες

252 3411 300 3481 τὴν
322 3412 430 3491 πρώτην
453 3414 554 3489 οἴκησιν
574 3420 741 3491 ἐποιήσαντο,
756 3420 802 3478 καὶ
814 3410 845 3490 ἦν
869 3420 908 3477 ἔτι
928 3420 1026 3501 ζώπνρ’

196 3527 222 3565 ³5
255 3498 322 3557 ἄττα
346 3502 551 3579 περιλειπόμενα
572 3510 618 3563 τοῦ
641 3508 754 3566 παλαιοῦ
777 3506 876 3585 γένους,
902 3506 1026 3576 οἰκίζουσι

252 3584 310 3653 τοὺς
324 3587 429 3660 τόπους,
455 3592 639 3669 περιλαόόντες
665 3593 764 3672 τείχεσι
789 3594 818 3653 τὸ
845 3596 1026 3671 Παλλάντιον,

250 3673 318 3732 ὥστε
332 3673 424 3734 λαθεῖν
445 3676 544 3746 πόλεως
562 3684 655 3759 σχῆμα
678 3681 735 3740 τότε
750 3685 863 3761 πρῶτον.
903 3682 1026 3743 Τίθενται

252 3762 278 3820 δὲ
298 3767 336 3843 τῷ
349 3765 475 3841 κτίσματι
495 3766 603 3844 Ῥώμην
621 3768 715 3844 όνομα,
730 3772 783 3828 alni>
804 3775 850 3830 τοῦ
876 3774 1025 3841 στείλαντος

249 3849 297 3919 τὴν
312 3851 436 3909 ἀποικίαν
457 3849 606 3930 Ῥωμύλου,
615 3855 647 3922 θς
672 3848 703 3929 ἦν
724 3856 834 3934 ίόδομος
854 3857 898 3916 καὶ
918 3859 1025 3927 δέκατος

196 3953 222 3990 aa
250 3937 297 3994 ἀπ’
316 3940 422 3998 Αἰνείου
446 3943 568 4021 γεγονώς.
611 3942 748 4021 Βούλομαι
776 3944 804 4002 δὲ
825 3946 869 4003 καὶ
890 3945 950 4025 περί
978 3950 1025 4017 τῆς

251 4025 353 4083 Αἰνείου
378 4030 524 4107 παρουσίας
551 4032 587 4098 εἰς
603 4030 728 4105 Ἰταλίαν,
742 4032 804 4090 ε’πιί
830 4036 882 4091 τῶν
906 4055 1022 4111 συγγρα-

249 4108 318 4189 φέων
347 4112 398 4177 τοῖς
418 4112 466 4186 μίν
491 4118 634 4195 ἠγνόηται,
659 4127 712 4185 τοῖς
736 4117 763 4176 δί
790 4119 989 4197 διαπεφώνηται
1010 4124 1025 4180 δ

250 4197 313 4275 περί
336 4199 415 4256 αύτοῶ
440 4203 528 4281 λόγος,
551 4205 588 4282 μὴ
617 4205 757 4288 παρέργοις
780 4208 906 4284 διελθεῖν,
927 4208 974 4274 τάς
995 4232 1024 4266 τε

251 4291 303 4348 τῶν
324 4285 461 4359 Ἑλλήνων
482 4291 528 4350 καί
548 4294 594 4358 it<
610 4294 753 4371 Ῥωμαίων
767 4299 818 4353 τῶν
845 4296 961 4370 μάλιστα
976 4320 1022 4356 πι-

195 4403 223 4441 aa
251 4373 416 4453 στευομίνων
431 4380 546 4456 ἱστορίας
559 4383 733 4461 παραλαόόιν.
776 4383 855 4462 Ἔχει
870 4384 897 4442 δὲ
911 4387 945 4444 ud
961 4385 1022 4466 πιρί

251 4469 328 4527 αὐτοῦ
349 4463 468 4541 λεγόμεν’
490 4458 552 4529 bie.

289 4554 387 4618 xlvi.
401 4553 480 4618 Ἰλίου
499 4555 669 4635 κρατηθέντος
691 4558 736 4617 ὑπ’
760 4558 874 4638 Ἀχαιῶν
900 4559 952 4619 ιίτε
977 4567 1022 4620 τοῦ

250 4646 351 4725 δουρίου
375 4648 458 4708 ἰππου
481 4651 514 4725 τῇ
541 4646 645 4725 ἀπάτῃ,
669 4651 705 4714 ὡς
730 4646 844 4727 Ὁμήρῳ
866 4648 1022 4722 πεποίηται,

249 4733 300 4792 εῐτε
337 4741 370 4815 τῇ
397 4736 524 4814 προδοσία
554 4738 605 4793 τῶν
627 4735 829 4815 Ἀντηνοριδῶν,
864 4735 911 4794 εἶτ’
937 4737 1022 4803 άλλως

194 4842 223 4879 ευ
249 4844 320 4898 πως,
346 4822 378 4882 τδ
405 4822 453 4900 μέν
471 4823 536 4883 atila
566 4825 663 4895 πλῆθος
691 4824 771 4900 ἰντῇ
802 4823 877 4882 πόλει
903 4822 1021 4902 Τρωϊκόν

248 4932 276 4967 τε
302 4909 348 4968 καί
378 4910 547 4990 συμμαχικόν
569 4912 595 4968 ἰν
623 4914 679 4977 ταῖς
706 4912 793 4977 ιύναῖς
819 4911 858 4970 ἔτι
882 4912 1022 4989 καταλαμ-

249 4994 392 5074 όανόμινον
413 4996 559 5078 ἐφονεύετο·
581 4998 669 5064 νυκτδς
689 4998 739 5078 γὰρ
754 4997 786 5070 δὴ
805 4998 834 5059 τό
854 4997 935 5059 δεινὸν
951 5002 1019 5079 ἀφυ-

247 5079 351 5150 λάκτοις
386 5081 472 5153 αὐτοῖς
497 5086 635 5156 ἰπιστῆναι
658 5083 751 5144 ἔοικεν.
794 5087 898 5152 Αἰνείας
922 5087 950 5147 δὲ
974 5087 1021 5145 καί

248 5173 273 5231 οἰ
291 5171 338 5232 σύν
363 5173 434 5253 αὐτῷ
455 5172 584 5254 παρόντες
596 5172 718 5235 Ἰλιεῦσιν
736 5174 869 5254 ἰπίκουροι
883 5177 909 5234 Τ
910 5177 972 5256 ρῶες
989 5178 1020 5234 br

1089 531 1132 594 qui
1143 531 1175 580 ab
1186 545 1216 582 ao
1230 532 1307 583 relicti
1322 533 1417 584 inomni
1427 534 1539 585 ntlialirn
1552 534 1753 599 presidinessent
1762 550 1867 601 eamqm

1088 630 1238 694 incolerent,
1257 633 1301 696 qui
1327 634 1393 684 circa
1415 635 1556 686 Salurnlnrn
1574 636 1660 686 coliem
1681 636 1752 687 aedua
1772 651 1866 702 posue·

1088 725 1152 783 rant‚
1166 723 1317 789 aliquandiu
1328 727 1451 790 propriam
1464 728 1639 790 rempublicam
1652 728 1783 783 trabebant.
1815 730 1866 780 Sed

1087 813 1776 882 nonmuitapcaluiiregenusotlegeselaaeraauacunr
1785 819 1866 870 Abori·

1088 907 1186 972 pinibus
1199 908 1391 968 coniunxerunt,
1416 908 1481 959 sicut
1496 913 1521 960 et
1542 908 1649 959 Arcades
1673 913 1699 959 et
1715 910 1795 959 multo
1808 913 1865 963 ante

1088 1001 1184 1064 Pelasgi
1204 1002 1326 1062 fecerant,
1339 1005 1366 1053 et
1379 1002 1483 1052 eundern
1502 1002 1628 1052 civitatem
1649 1015 1706 1052 curn
1728 1003 1864 1067 Aborigini-

1088 1089 1135 1140 bus
1159 1104 1315 1142 communem
1340 1092 1508 1142 inhabitantes
1527 1091 1563 1143 ita
1588 1093 1745 1153 coaluerunt,
1768 1097 1797 1143 ut
1813 1108 1863 1144 una

1088 1180 1224 1244 eademqne
1246 1195 1306 1244 gens
1327 1196 1382 1233 esse
1401 1187 1539 1248 putaretur.
1582 1186 1663 1247 Atque
1689 1183 1742 1234 laec
1764 1184 1865 1247 quiden

1088 1270 1120 1321 de
1139 1272 1251 1323 Herculis
1273 1273 1428 1337 expeditione
1451 1277 1477 1325 ei
1498 1279 1529 1326 de
1552 1275 1748 1339 Peloponnesiis,
1770 1275 1814 1338 uni
1840 1273 1865 1325 in

1089 1367 1158 1418 liuba
1177 1373 1356 1433 remanserunt,
1379 1370 1444 1420 dicta
1471 1373 1553 1421 sunto.
1600 1371 1649 1425 sed
1673 1373 1729 1434 past
1752 1371 1864 1420 Herculis

1087 1463 1223 1514 discessum
1243 1467 1316 1515 ωοοίο
1334 1464 1456 1528 arumde,
1473 1466 1571 1517 circiter
1595 1481 1687 1517 annum
1711 1480 1756 1521 ur.
1772 1469 1800 1517 ut
1817 1466 1864 1529 ipsi

1087 1556 1189 1606 Romani
1210 1555 1324 1617 tradunt,
1346 1570 1390 1607 rex
1406 1557 1564 1620 Aboriginum
1589 1563 1645 1610 erat
1658 1559 1760 1609 Latinus
1786 1558 1865 1608 Fauni

1088 1645 1155 1695 tilius
1178 1649 1254 1709 atque
1265 1648 1379 1698 llercdis
1389 1647 1484 1711 proles,
1494 1649 1538 1712 qui
1554 1664 1653 1714 regnum
1664 1649 1715 1699 iarn
1733 1662 1777 1714 per
1789 1662 1864 1700 annor

1086 1751 1156 1790 xm
1170 1737 1303 1790 obtinebat.

1116 1841 1188 1888 xiv.
1208 1840 1277 1891 Tunc
1296 1838 1380 1887 auiam
1396 1838 1507 1898 Troiani,
1528 1839 1572 1902 qui
1593 1841 1650 1902 post
1669 1844 1767 1903 capium
1791 1838 1863 1889 llinrn

1086 1950 1144 1987 curu
1162 1939 1238 1987 AEnes
1256 1951 1288 1988 ex
1312 1937 1373 1988 urbe
1401 1936 1573 2004 prulugeraut,
1588 1937 1734 2001 appulerunt
1748 1938 1863 1987 danaen·

1085 2038 1153 2096 turn,
1170 2033 1236 2098 quod
1254 2034 1280 2085 in
1291 2034 1374 2086 littore
1388 2036 1546 2101 Aboriginum
1564 2032 1598 2087 ad
1607 2045 1675 2087 mere
1695 2033 1862 2097 Τγτιῖιοιιιιιιι,

1085 2145 1133 2181 non
1156 2132 1241 2194 procul
1263 2133 1392 2184 aTiberla
1418 2134 1482 2185 ostio
1498 2134 1574 2184 situm
1596 2138 1657 2185 erat.
1702 2135 1816 2198 cumque
1830 2129 1862 2179 ab

1085 2228 1255 2293 Aboriginibus
1285 2231 1436 2294 accepissent
1466 2245 1552 2295 agrurn
1581 2231 1613 2285 ad
1644 2229 1806 2283 habitandum
1836 2234 1863 2282 et

1084 2326 1202 2391 quicquid
1224 2329 1364 2391 petierant,
1391 2328 1510 2392 oppidum
1537 2328 1564 2377 in
1586 2328 1649 2379 colle
1674 2328 1783 2392 quadani
1814 2341 1862 2379 non

1084 2422 1154 2486 longe
1165 2438 1181 2473 a
1192 2424 1254 2474 rnari
1266 2424 1438 2487 condiderunt,
1463 2424 1502 2473 oui
1515 2424 1609 2474 Lauinii
1628 2437 1719 2474 nornen
1736 2424 1860 2488 imposne·

1083 2519 1150 2566 runt.
1183 2516 1231 2570 ded
1254 2532 1303 2567 non
1324 2516 1404 2567 multo
1432 2519 1488 2581 poet
1510 2516 1613 2579 antiqno
1645 2517 1745 2569 nomina
1764 2521 1862 2568 mutata

1083 2630 1133 2667 una
1159 2628 1216 2666 cuna
1239 2615 1411 2678 Aboriginibus
1433 2613 1464 2664 ab
1484 2613 1550 2665 iilius
1570 2614 1675 2678 regionis
1698 2627 1755 2677 rega
1782 2614 1861 2664 Latiari

1083 2712 1196 2779 appellati
1218 2716 1282 2763 sunt.
1316 2715 1359 2774 nt,
1385 2711 1472 2762 relicto
1496 2711 1610 2773 Lavinia,
1637 2725 1685 2761 nna
1711 2724 1768 2760 curu
1793 2710 1860 2761 iudi·

1082 2812 1150 2873 aeon
1184 2815 1302 2861 malorena
1327 2810 1415 2860 urbem
1440 2810 1519 2860 muris
1555 2809 1659 2859 cinctam
1684 2807 1858 2869 condiderunt,

1082 2923 1157 2974 qnam
1168 2909 1253 2963 Albana
1272 2908 1434 2974 appellabant.
1467 2911 1503 2958 lix
1520 2922 1570 2972 qna
1591 2907 1700 2971 protecti
1720 2908 1781 2959 aliae
1795 2920 1860 2970 qno-

1081 3020 1131 3071 que
1143 3007 1235 3058 multas
1259 3006 1333 3057 urbes
1352 3006 1529 3066 condiderunt,
1548 3019 1605 3069 quan
1634 3005 1776 3062 Priscorum
1791 3007 1860 3058 Lali,

1081 3118 1168 3156 norum
1185 3108 1318 3166 rocantnr;
1337 3116 1444 3167 quarum
1456 3103 1564 3153 maxima
1576 3116 1634 3167 pars
1643 3103 1674 3152 ad
1687 3116 1767 3154 meam
1780 3116 1860 3166 υειμιο

1081 3204 1180 3253 ιοίοἰοιιι
1200 3199 1281 3251 adbuc
1293 3199 1458 3251 incolebatur.
1493 3199 1604 3261 Deinde,
1620 3199 1737 3249 aetatibus
1752 3213 1793 3248 ενι
1803 3203 1860 3263 post

1081 3297 1153 3348 lliurn
1168 3299 1267 3360 captura
1281 3296 1384 3360 elapsis,
1398 3295 1518 3346 colonium
1533 3296 1653 3346 miserunt
1670 3296 1695 3344 in
1711 3295 1860 3346 Pallantiurn

1081 3399 1107 3445 et
1119 3395 1266 3454 Saturniam,
1285 3392 1328 3443 nbi
1348 3392 1516 3457 Peloponnesii
1540 3396 1566 3442 et
1578 3392 1686 3443 Arcades
1705 3394 1797 3457 primun
1816 3406 1858 3443 se·

1080 3494 1124 3544 des
1146 3497 1290 3557 posuerant,
1305 3494 1331 3543 ai
1345 3491 1461 3542 extabant
1474 3492 1548 3542 etiarn
1569 3496 1623 3540 turn
1632 3491 1746 3554 quaedam
1762 3492 1859 3556 generis

1080 3588 1173 3652 antiqui
1193 3589 1297 3652 vestigia
1318 3610 1325 3640 ι
1349 3592 1424 3652 atque
1447 3587 1503 3638 brec
1523 3589 1577 3638 ioca
1599 3589 1716 3652 incolunt,
1739 3589 1859 3640 Pallantia

1079 3686 1160 3736 muris
1173 3686 1267 3749 οἱοοθο,
1279 3688 1310 3737 ut
1329 3690 1388 3736 tunc
1400 3685 1509 3751 primurn
1522 3686 1591 3735 urbia
1604 3688 1709 3737 sormam
1727 3686 1858 3750 acceperit.

1080 3782 1192 3834 Οοιιθῖίοι
1203 3783 1436 3835 antemnrbiltarnoe
1446 3783 1732 3847 nomenimwsnernnta
1743 3784 1856 3845 Romulo,

1079 3880 1152 3932 canus
1172 3880 1249 3931 dunin
1265 3880 1446 3931 coioniamissa
1462 3881 1558 3940 luerat,
1582 3881 1624 3943 qni
1635 3856 1723 3943 genere
1736 3881 1768 3931 ab
1779 3883 1857 3932 AEuau

1079 3979 1192 4029 declinus
1215 3979 1335 4043 septimus
1355 3987 1418 4028 crat.
1449 3978 1512 4027 Volo
1533 3980 1616 4027 annui
1635 3979 1660 4026 et
1677 3977 1709 4025 de
1726 3978 1810 4027 AEnerc
1831 3991 1858 4028 un

1080 4075 1175 4126 italiana
1187 4076 1293 4125 aduenio
1313 4073 1442 4138 (quoniam
1456 4073 1590 4137 scriptores
1608 4085 1667 4123 cuna
1683 4070 1773 4135 partina
1784 4072 1855 4135 igno·

1079 4178 1180 4235 rerunt,
1195 4177 1283 4237 partim
1297 4173 1370 4225 etiam
1380 4172 1477 4223 diversa
1492 4172 1524 4222 de
1533 4185 1563 4222 eo
1577 4170 1727 4232 retulerunt)
1749 4183 1798 4221 non
1809 4186 1854 4222 ne-

1078 4271 1201 4335 glegenter
1224 4284 1270 4321 nec
1285 4270 1365 4321 obiter
1389 4269 1519 4332 disserere,
1543 4271 1594 4318 tant
1615 4268 1759 4318 Groeearuna
1780 4281 1856 4330 quarn

1078 4371 1244 4419 Rornanorum
1278 4367 1394 4418 bislarias
1423 4366 1472 4418 ida
1494 4367 1599 4418 maxim
1625 4366 1712 4431 dignas
1743 4370 1854 4418 menius.

1078 4470 1140 4525 Quin
1158 4470 1242 4516 autern
1263 4466 1295 4516 de
1316 4479 1346 4516 co
1361 4466 1504 4528 traduntur,
1524 4466 1580 4517 brac
1603 4470 1667 4517 sant.

1109 4565 1194 4613 vat.
1212 4562 1257 4613 llio
1267 4563 1299 4613 ab
1311 4563 1494 4628 Acbnaiacapto,
1503 4563 1555 4612 sire
1569 4562 1626 4626 eqni
1636 4561 1813 4627 tigneilrauale‚
1827 4566 1855 4611 ut

1077 4650 1143 4700 canit
1166 4653 1300 4711 liemarus,
1324 4650 1377 4701 alre
1400 4649 1604 4701 Antenoridaruna
1625 4650 1775 4715 proditione,
1802 4650 1855 4700 aiva

1076 4742 1124 4792 ulio
1138 4742 1224 4804 modo,
1240 4742 1334 4805 reliqua
1345 4741 1444 4805 quidem
1455 4741 1590 4792 multitudo
1603 4745 1655 4792 tarn
1668 4741 1758 4791 ciuium
1772 4740 1855 4789 Traia·

1075 4843 1162 4880 narurn
1177 4844 1253 4896 quam
1271 4831 1408 4893 sociorum,
1421 4844 1478 4895 qaas
1490 4830 1515 4881 in
1527 4829 1666 4890 dubuerat,
1689 4828 1714 4878 in
1733 4827 1853 4879 cubilibus

1075 4917 1156 4967 adbuc
1168 4917 1319 4982 deprebensa
1337 4932 1402 4968 cusa
1417 4921 1464 4969 esi.
1496 4921 1575 4969 linctu
1590 4918 1655 4968 enin
1670 4917 1784 4980 ingruens
1797 4927 1853 4964 rna-

1076 5004 1127 5055 iuna
1147 5018 1190 5055 eos
1215 5020 1245 5057 er
1267 5008 1400 5071 improuiso
1418 5007 1569 5071 oppressisse
1594 5009 1784 5056 wnaentanenrn
1804 5006 1851 5055 ast.

1075 5094 1124 5144 Sed
1141 5096 1231 5145 AEneas
1247 5096 1372 5159 ceterique
1388 5095 1499 5157 Troiani,
1514 5095 1557 5158 qui
1575 5107 1606 5144 ex
1621 5093 1682 5144 urbe
1697 5090 1812 5142 Dardano
1827 5094 1853 5141 oi

1075 5181 1199 5246 opbrynto
1218 5182 1249 5232 ad
1272 5194 1345 5248 apem
1374 5180 1504 5235 iliensibus
1523 5178 1648 5232 luendam
1673 5180 1851 5236 convenerant,
