<?xml version="1.0" encoding="UTF-8"?>
<!DOCTYPE html PUBLIC "-//W3C//DTD XHTML 1.0 Transitional//EN"
    "http://www.w3.org/TR/xhtml1/DTD/xhtml1-transitional.dtd">
<html xmlns="http://www.w3.org/1999/xhtml" xml:lang="en" lang="en">
 <head>
  <title>
</title>
<meta http-equiv="Content-Type" content="text/html;charset=utf-8" />
  <meta name='ocr-system' content='tesseract 3.04.00' />
  <meta name='ocr-capabilities' content='ocr_page ocr_carea ocr_par ocr_line ocrx_word'/>
</head>
<body>
  <div class='ocr_page' id='page_1' title='image "./dionysiihalicar01prougoog_0498.png"; bbox 0 0 4070 5926; ppageno 0'>
   <div class='ocr_carea' id='block_1_1' title="bbox 662 426 1777 503">
    <p class='ocr_par' dir='ltr' id='par_1_1' title="bbox 662 426 1777 503">
     <span class='ocr_line' id='line_1_1' title="bbox 662 426 1777 503; baseline 0.002 -13"><span class='ocrx_word' id='word_1_1' title='bbox 662 428 954 503; x_wconf 78' lang='lat' dir='ltr'>ANTIQUITATUM</span> <span class='ocrx_word' id='word_1_2' title='bbox 976 426 1123 489; x_wconf 84' lang='lat' dir='ltr'><strong>ROMAN.</strong></span> <span class='ocrx_word' id='word_1_3' title='bbox 1149 427 1219 488; x_wconf 88' lang='lat' dir='ltr'><strong>LlB.</strong></span> <span class='ocrx_word' id='word_1_4' title='bbox 1245 428 1320 489; x_wconf 80' lang='lat' dir='ltr'><strong>viii.</strong></span> <span class='ocrx_word' id='word_1_5' title='bbox 1717 428 1777 493; x_wconf 69' lang='lat'>483</span> 
     </span>
    </p>
   </div>
   <div class='ocr_carea' id='block_1_2' title="bbox 115 559 952 3308">
    <p class='ocr_par' dir='ltr' id='par_1_2' title="bbox 115 559 952 3308">
     <span class='ocr_line' id='line_1_2' title="bbox 165 559 946 645; baseline -0.012 -19"><span class='ocrx_word' id='word_1_6' title='bbox 165 592 178 619; x_wconf 92' lang='grc' dir='ltr'>ιι</span> <span class='ocrx_word' id='word_1_7' title='bbox 192 567 287 643; x_wconf 90' lang='grc' dir='ltr'>λομαι·</span> <span class='ocrx_word' id='word_1_8' title='bbox 298 564 360 642; x_wconf 88' lang='grc' dir='ltr'>μηδ’</span> <span class='ocrx_word' id='word_1_9' title='bbox 370 562 506 645; x_wconf 80' lang='grc' dir='ltr'>ύπολάόης</span> <span class='ocrx_word' id='word_1_10' title='bbox 519 562 566 636; x_wconf 78' lang='grc' dir='ltr'>τήν</span> <span class='ocrx_word' id='word_1_11' title='bbox 579 566 690 621; x_wconf 83' lang='grc' dir='ltr'>σεαυτού</span> <span class='ocrx_word' id='word_1_12' title='bbox 703 559 805 640; x_wconf 81' lang='grc' dir='ltr'>μητέρα</span> <span class='ocrx_word' id='word_1_13' title='bbox 816 561 946 633; x_wconf 83' lang='grc' dir='ltr'>τοσαύτης</span> 
     </span>
     <span class='ocr_line' id='line_1_3' title="bbox 166 648 946 728; baseline -0.01 -14"><span class='ocrx_word' id='word_1_14' title='bbox 166 681 179 708; x_wconf 93' lang='grc' dir='ltr'>ιι</span> <span class='ocrx_word' id='word_1_15' title='bbox 194 656 397 726; x_wconf 69' lang='grc' dir='ltr'>ἀναπεπλῆσθαι</span> <span class='ocrx_word' id='word_1_16' title='bbox 409 651 596 728; x_wconf 80' lang='grc' dir='ltr'>θεούλαόείας,</span> <span class='ocrx_word' id='word_1_17' title='bbox 608 648 677 710; x_wconf 82' lang='grc' dir='ltr'>ῶστε</span> <span class='ocrx_word' id='word_1_18' title='bbox 692 650 735 709; x_wconf 80' lang='grc' dir='ltr'>τὸν</span> <span class='ocrx_word' id='word_1_19' title='bbox 750 649 887 728; x_wconf 81' lang='grc' dir='ltr'>ἀγαπητὸν</span> <span class='ocrx_word' id='word_1_20' title='bbox 900 649 946 708; x_wconf 78' lang='grc' dir='ltr'>καὶ</span> 
     </span>
     <span class='ocr_line' id='line_1_4' title="bbox 166 737 946 823; baseline -0.014 -18"><span class='ocrx_word' id='word_1_21' title='bbox 166 770 179 797; x_wconf 90' lang='grc' dir='ltr'>ιι</span> <span class='ocrx_word' id='word_1_22' title='bbox 193 743 272 822; x_wconf 88' lang='grc' dir='ltr'>μόνον</span> <span class='ocrx_word' id='word_1_23' title='bbox 286 741 342 802; x_wconf 87' lang='grc' dir='ltr'>υίδν</span> <span class='ocrx_word' id='word_1_24' title='bbox 358 745 394 810; x_wconf 84' lang='grc' dir='ltr'>εἰς</span> <span class='ocrx_word' id='word_1_25' title='bbox 409 740 523 823; x_wconf 78' lang='grc' dir='ltr'>αἰσχράς</span> <span class='ocrx_word' id='word_1_26' title='bbox 543 738 590 801; x_wconf 80' lang='grc' dir='ltr'>καί</span> <span class='ocrx_word' id='word_1_27' title='bbox 604 738 723 806; x_wconf 78' lang='grc' dir='ltr'>ἀνοσίους</span> <span class='ocrx_word' id='word_1_28' title='bbox 738 737 845 817; x_wconf 86' lang='grc' dir='ltr'>πράξεις</span> <span class='ocrx_word' id='word_1_29' title='bbox 857 760 946 818; x_wconf 90' lang='grc' dir='ltr'>παρα-</span> 
     </span>
     <span class='ocr_line' id='line_1_5' title="bbox 166 823 946 907; baseline -0.009 -17"><span class='ocrx_word' id='word_1_30' title='bbox 166 858 179 884; x_wconf 91' lang='grc' dir='ltr'>ιι</span> <span class='ocrx_word' id='word_1_31' title='bbox 194 829 373 905; x_wconf 83' lang='grc' dir='ltr'>καλιῑν,ἀλλά</span> <span class='ocrx_word' id='word_1_32' title='bbox 384 826 453 907; x_wconf 83' lang='grc' dir='ltr'>μετά</span> <span class='ocrx_word' id='word_1_33' title='bbox 465 833 554 901; x_wconf 77' lang='grc' dir='ltr'>κοινῆς</span> <span class='ocrx_word' id='word_1_34' title='bbox 568 827 676 907; x_wconf 81' lang='grc' dir='ltr'>γνώμης</span> <span class='ocrx_word' id='word_1_35' title='bbox 687 823 837 897; x_wconf 82' lang='grc' dir='ltr'>ἀποστῆναί</span> <span class='ocrx_word' id='word_1_36' title='bbox 845 824 870 884; x_wconf 81' lang='grc' dir='ltr'>α’</span> <span class='ocrx_word' id='word_1_37' title='bbox 882 824 946 893; x_wconf 82' lang='grc' dir='ltr'>ἀξιῶ</span> 
     </span>
     <span class='ocr_line' id='line_1_6' title="bbox 126 913 947 996; baseline -0.011 -15"><span class='ocrx_word' id='word_1_38' title='bbox 126 950 139 987; x_wconf 75' lang='grc' dir='ltr'>ς,</span> <span class='ocrx_word' id='word_1_39' title='bbox 166 949 179 974; x_wconf 92' lang='grc' dir='ltr'>ιι</span> <span class='ocrx_word' id='word_1_40' title='bbox 194 924 239 981; x_wconf 81' lang='grc' dir='ltr'>τού</span> <span class='ocrx_word' id='word_1_41' title='bbox 251 919 386 996; x_wconf 89' lang='grc' dir='ltr'>πολίμου,</span> <span class='ocrx_word' id='word_1_42' title='bbox 397 918 526 979; x_wconf 88' lang='grc' dir='ltr'>πείσαντα</span> <span class='ocrx_word' id='word_1_43' title='bbox 541 914 602 984; x_wconf 87' lang='grc' dir='ltr'>τούς</span> <span class='ocrx_word' id='word_1_44' title='bbox 613 914 794 983; x_wconf 76' lang='grc' dir='ltr'>Οὐολούσκους</span> <span class='ocrx_word' id='word_1_45' title='bbox 804 913 947 994; x_wconf 77' lang='grc' dir='ltr'>μετριάσαι</span> 
     </span>
     <span class='ocr_line' id='line_1_7' title="bbox 168 1002 946 1091; baseline -0.013 -22"><span class='ocrx_word' id='word_1_46' title='bbox 168 1037 180 1062; x_wconf 93' lang='grc' dir='ltr'>ιι</span> <span class='ocrx_word' id='word_1_47' title='bbox 195 1007 257 1091; x_wconf 77' lang='grc' dir='ltr'>περὶ</span> <span class='ocrx_word' id='word_1_48' title='bbox 285 1008 331 1077; x_wconf 85' lang='grc' dir='ltr'>τάς</span> <span class='ocrx_word' id='word_1_49' title='bbox 356 1005 501 1086; x_wconf 79' lang='grc' dir='ltr'>διαλλαγάς</span> <span class='ocrx_word' id='word_1_50' title='bbox 518 1006 564 1065; x_wconf 78' lang='grc' dir='ltr'>καί</span> <span class='ocrx_word' id='word_1_51' title='bbox 586 1003 748 1076; x_wconf 84' lang='grc' dir='ltr'>ποιήσασθαι</span> <span class='ocrx_word' id='word_1_52' title='bbox 772 1004 820 1077; x_wconf 76' lang='grc' dir='ltr'>τὴν</span> <span class='ocrx_word' id='word_1_53' title='bbox 840 1002 946 1083; x_wconf 80' lang='grc' dir='ltr'>εἰρήνην</span> 
     </span>
     <span class='ocr_line' id='line_1_8' title="bbox 169 1092 947 1180; baseline -0.008 -23"><span class='ocrx_word' id='word_1_54' title='bbox 169 1126 182 1151; x_wconf 93' lang='grc' dir='ltr'>ιι</span> <span class='ocrx_word' id='word_1_55' title='bbox 197 1098 352 1180; x_wconf 75' lang='grc' dir='ltr'>ἀμφοτέροις</span> <span class='ocrx_word' id='word_1_56' title='bbox 361 1106 415 1164; x_wconf 87' lang='grc' dir='ltr'>τοῖς</span> <span class='ocrx_word' id='word_1_57' title='bbox 430 1096 515 1156; x_wconf 80' lang='grc' dir='ltr'>ἔθνεσι</span> <span class='ocrx_word' id='word_1_58' title='bbox 524 1092 609 1166; x_wconf 79' lang='grc' dir='ltr'>καλήν</span> <span class='ocrx_word' id='word_1_59' title='bbox 622 1093 668 1152; x_wconf 79' lang='grc' dir='ltr'>καὶ</span> <span class='ocrx_word' id='word_1_60' title='bbox 678 1093 844 1174; x_wconf 76' lang='grc' dir='ltr'>πρέπουσαν.</span> <span class='ocrx_word' id='word_1_61' title='bbox 860 1095 947 1153; x_wconf 80' lang='grc' dir='ltr'>Τοῦτο</span> 
     </span>
     <span class='ocr_line' id='line_1_9' title="bbox 169 1179 947 1266; baseline -0.012 -20"><span class='ocrx_word' id='word_1_62' title='bbox 169 1214 182 1241; x_wconf 97' lang='grc' dir='ltr'>ιι</span> <span class='ocrx_word' id='word_1_63' title='bbox 198 1186 225 1246; x_wconf 81' lang='grc' dir='ltr'>δὲ</span> <span class='ocrx_word' id='word_1_64' title='bbox 238 1186 336 1266; x_wconf 84' lang='grc' dir='ltr'>γίνοιτο</span> <span class='ocrx_word' id='word_1_65' title='bbox 351 1183 399 1263; x_wconf 81' lang='grc' dir='ltr'>ἀν,</span> <span class='ocrx_word' id='word_1_66' title='bbox 416 1187 439 1245; x_wconf 84' lang='grc' dir='ltr'>εἰ</span> <span class='ocrx_word' id='word_1_67' title='bbox 457 1189 503 1244; x_wconf 79' lang='grc' dir='ltr'>νῦν</span> <span class='ocrx_word' id='word_1_68' title='bbox 519 1183 568 1263; x_wconf 75' lang='grc' dir='ltr'>μὲν</span> <span class='ocrx_word' id='word_1_69' title='bbox 584 1180 735 1253; x_wconf 79' lang='grc' dir='ltr'>ἀναστήσας</span> <span class='ocrx_word' id='word_1_70' title='bbox 748 1180 797 1254; x_wconf 77' lang='grc' dir='ltr'>τήν</span> <span class='ocrx_word' id='word_1_71' title='bbox 820 1179 947 1262; x_wconf 78' lang='grc' dir='ltr'>στρατιάν</span> 
     </span>
     <span class='ocr_line' id='line_1_10' title="bbox 169 1266 948 1354; baseline -0.004 -25"><span class='ocrx_word' id='word_1_72' title='bbox 169 1302 182 1329; x_wconf 91' lang='grc' dir='ltr'>ιι</span> <span class='ocrx_word' id='word_1_73' title='bbox 197 1275 344 1354; x_wconf 74' lang='grc' dir='ltr'>ἀπαγάγοις</span> <span class='ocrx_word' id='word_1_74' title='bbox 365 1273 510 1340; x_wconf 76' lang='grc' dir='ltr'>ἐνιαυσίους</span> <span class='ocrx_word' id='word_1_75' title='bbox 533 1270 711 1348; x_wconf 81' lang='grc' dir='ltr'>ποιησάμενος</span> <span class='ocrx_word' id='word_1_76' title='bbox 732 1269 849 1352; x_wconf 86' lang='grc' dir='ltr'>ἀνοχάς·</span> <span class='ocrx_word' id='word_1_77' title='bbox 871 1272 898 1328; x_wconf 77' lang='grc' dir='ltr'>ἐν</span> <span class='ocrx_word' id='word_1_78' title='bbox 920 1266 948 1329; x_wconf 83' lang='grc' dir='ltr'>δὲ</span> 
     </span>
     <span class='ocr_line' id='line_1_11' title="bbox 116 1358 948 1445; baseline -0.012 -18"><span class='ocrx_word' id='word_1_79' title='bbox 116 1387 142 1427; x_wconf 87' lang='grc' dir='ltr'>ιο</span> <span class='ocrx_word' id='word_1_80' title='bbox 169 1391 182 1417; x_wconf 91' lang='grc' dir='ltr'>ιι</span> <span class='ocrx_word' id='word_1_81' title='bbox 196 1366 234 1445; x_wconf 81' lang='grc' dir='ltr'>τῷ</span> <span class='ocrx_word' id='word_1_82' title='bbox 249 1362 346 1441; x_wconf 82' lang='grc' dir='ltr'>μεταξύ</span> <span class='ocrx_word' id='word_1_83' title='bbox 361 1363 448 1445; x_wconf 75' lang='grc' dir='ltr'>χρόνῳ</span> <span class='ocrx_word' id='word_1_84' title='bbox 467 1359 592 1441; x_wconf 85' lang='grc' dir='ltr'>πρίσόεις</span> <span class='ocrx_word' id='word_1_85' title='bbox 611 1359 780 1419; x_wconf 74' lang='grc' dir='ltr'>ἀποστέλλων</span> <span class='ocrx_word' id='word_1_86' title='bbox 799 1382 827 1419; x_wconf 90' lang='grc' dir='ltr'>τε</span> <span class='ocrx_word' id='word_1_87' title='bbox 845 1358 891 1419; x_wconf 85' lang='grc' dir='ltr'>καί</span> <span class='ocrx_word' id='word_1_88' title='bbox 909 1359 948 1417; x_wconf 86' lang='grc' dir='ltr'>δε·</span> 
     </span>
     <span class='ocr_line' id='line_1_12' title="bbox 169 1447 946 1532; baseline -0.003 -24"><span class='ocrx_word' id='word_1_89' title='bbox 169 1452 308 1532; x_wconf 78' lang='grc' dir='ltr'>σχόμενος</span> <span class='ocrx_word' id='word_1_90' title='bbox 322 1454 409 1523; x_wconf 74' lang='grc' dir='ltr'>ἀληθῆ</span> <span class='ocrx_word' id='word_1_91' title='bbox 430 1451 519 1530; x_wconf 87' lang='grc' dir='ltr'>ριλίαν</span> <span class='ocrx_word' id='word_1_92' title='bbox 534 1447 660 1530; x_wconf 82' lang='grc' dir='ltr'>πράττοις</span> <span class='ocrx_word' id='word_1_93' title='bbox 678 1449 724 1508; x_wconf 83' lang='grc' dir='ltr'>καὶ</span> <span class='ocrx_word' id='word_1_94' title='bbox 740 1447 883 1526; x_wconf 81' lang='grc' dir='ltr'>διαλλαγάς</span> <span class='ocrx_word' id='word_1_95' title='bbox 898 1451 946 1527; x_wconf 85' lang='grc' dir='ltr'>βε-</span> 
     </span>
     <span class='ocr_line' id='line_1_13' title="bbox 169 1530 949 1615; baseline 0.001 -21"><span class='ocrx_word' id='word_1_96' title='bbox 169 1568 182 1595; x_wconf 92' lang='grc' dir='ltr'>ιι</span> <span class='ocrx_word' id='word_1_97' title='bbox 199 1540 285 1609; x_wconf 84' lang='grc' dir='ltr'>όαίας.</span> <span class='ocrx_word' id='word_1_98' title='bbox 317 1539 372 1602; x_wconf 77' lang='grc' dir='ltr'>Καὶ</span> <span class='ocrx_word' id='word_1_99' title='bbox 386 1530 416 1597; x_wconf 81' lang='grc' dir='ltr'>εὐ</span> <span class='ocrx_word' id='word_1_100' title='bbox 434 1537 504 1598; x_wconf 83' lang='grc' dir='ltr'>ἴσθι·</span> <span class='ocrx_word' id='word_1_101' title='bbox 520 1536 652 1615; x_wconf 67' lang='grc' dir='ltr'>Ῥωμαῖοι</span> <span class='ocrx_word' id='word_1_102' title='bbox 674 1535 737 1615; x_wconf 82' lang='grc' dir='ltr'>μίν,</span> <span class='ocrx_word' id='word_1_103' title='bbox 764 1536 814 1596; x_wconf 79' lang='grc' dir='ltr'>ὅσα</span> <span class='ocrx_word' id='word_1_104' title='bbox 835 1537 905 1613; x_wconf 84' lang='grc' dir='ltr'>μήτι</span> <span class='ocrx_word' id='word_1_105' title='bbox 918 1535 949 1596; x_wconf 90' lang='grc' dir='ltr'>τδ</span> 
     </span>
     <span class='ocr_line' id='line_1_14' title="bbox 169 1623 946 1706; baseline -0.005 -20"><span class='ocrx_word' id='word_1_106' title='bbox 169 1654 183 1681; x_wconf 87' lang='grc' dir='ltr'>ιι</span> <span class='ocrx_word' id='word_1_107' title='bbox 198 1627 325 1688; x_wconf 90' lang='grc' dir='ltr'>ἀδύνατον</span> <span class='ocrx_word' id='word_1_108' title='bbox 343 1625 406 1705; x_wconf 82' lang='grc' dir='ltr'>μήτ’</span> <span class='ocrx_word' id='word_1_109' title='bbox 421 1625 491 1701; x_wconf 86' lang='grc' dir='ltr'>άλλη</span> <span class='ocrx_word' id='word_1_110' title='bbox 509 1650 547 1694; x_wconf 90' lang='grc' dir='ltr'>τις</span> <span class='ocrx_word' id='word_1_111' title='bbox 570 1625 661 1696; x_wconf 89' lang='grc' dir='ltr'>ἀδοξία</span> <span class='ocrx_word' id='word_1_112' title='bbox 672 1630 809 1706; x_wconf 79' lang='grc' dir='ltr'>προσοῦσα</span> <span class='ocrx_word' id='word_1_113' title='bbox 823 1623 946 1697; x_wconf 79' lang='grc' dir='ltr'>κωλύσει,</span> 
     </span>
     <span class='ocr_line' id='line_1_15' title="bbox 170 1712 949 1795; baseline 0 -24"><span class='ocrx_word' id='word_1_114' title='bbox 170 1743 183 1771; x_wconf 90' lang='grc' dir='ltr'>ιι</span> <span class='ocrx_word' id='word_1_115' title='bbox 198 1716 287 1776; x_wconf 88' lang='grc' dir='ltr'>πάντα</span> <span class='ocrx_word' id='word_1_116' title='bbox 308 1719 468 1792; x_wconf 78' lang='grc' dir='ltr'>ὐπομενοῒισι</span> <span class='ocrx_word' id='word_1_117' title='bbox 486 1715 612 1795; x_wconf 89' lang='grc' dir='ltr'>πράττειν</span> <span class='ocrx_word' id='word_1_118' title='bbox 629 1714 701 1795; x_wconf 85' lang='grc' dir='ltr'>λόγῳ</span> <span class='ocrx_word' id='word_1_119' title='bbox 722 1712 768 1774; x_wconf 82' lang='grc' dir='ltr'>καί</span> <span class='ocrx_word' id='word_1_120' title='bbox 782 1714 949 1794; x_wconf 75' lang='grc' dir='ltr'>παρακλήσει</span> 
     </span>
     <span class='ocr_line' id='line_1_16' title="bbox 115 1800 949 1884; baseline -0.007 -16"><span class='ocrx_word' id='word_1_121' title='bbox 115 1830 142 1868; x_wconf 75' lang='grc' dir='ltr'>ιι</span> <span class='ocrx_word' id='word_1_122' title='bbox 169 1832 183 1860; x_wconf 89' lang='grc' dir='ltr'>ιι</span> <span class='ocrx_word' id='word_1_123' title='bbox 197 1805 363 1884; x_wconf 87' lang='grc' dir='ltr'>πειθόμενοι,</span> <span class='ocrx_word' id='word_1_124' title='bbox 385 1803 593 1883; x_wconf 77' lang='grc' dir='ltr'>ἀναγκαζόμενοι</span> <span class='ocrx_word' id='word_1_125' title='bbox 612 1806 635 1863; x_wconf 90' lang='grc' dir='ltr'>δ’</span> <span class='ocrx_word' id='word_1_126' title='bbox 650 1801 740 1884; x_wconf 84' lang='grc' dir='ltr'>ῶσπερ</span> <span class='ocrx_word' id='word_1_127' title='bbox 755 1801 788 1862; x_wconf 85' lang='grc' dir='ltr'>σύ</span> <span class='ocrx_word' id='word_1_128' title='bbox 806 1809 849 1862; x_wconf 84' lang='grc' dir='ltr'>νῦν</span> <span class='ocrx_word' id='word_1_129' title='bbox 870 1800 949 1871; x_wconf 85' lang='grc' dir='ltr'>ἀξιοῖς</span> 
     </span>
     <span class='ocr_line' id='line_1_17' title="bbox 170 1891 948 1975; baseline -0.005 -20"><span class='ocrx_word' id='word_1_130' title='bbox 170 1921 184 1949; x_wconf 91' lang='grc' dir='ltr'>ιι</span> <span class='ocrx_word' id='word_1_131' title='bbox 199 1894 271 1956; x_wconf 74' lang='grc' dir='ltr'>οὐδὲν</span> <span class='ocrx_word' id='word_1_132' title='bbox 286 1894 317 1952; x_wconf 85' lang='grc' dir='ltr'>ἀν</span> <span class='ocrx_word' id='word_1_133' title='bbox 330 1892 437 1954; x_wconf 83' lang='grc' dir='ltr'>πώποτε</span> <span class='ocrx_word' id='word_1_134' title='bbox 455 1893 612 1975; x_wconf 83' lang='grc' dir='ltr'>χαρίσαιντο</span> <span class='ocrx_word' id='word_1_135' title='bbox 626 1896 688 1971; x_wconf 85' lang='grc' dir='ltr'>ύμῖν</span> <span class='ocrx_word' id='word_1_136' title='bbox 707 1892 767 1953; x_wconf 88' lang='grc' dir='ltr'>ούτε</span> <span class='ocrx_word' id='word_1_137' title='bbox 780 1895 868 1971; x_wconf 81' lang='grc' dir='ltr'>μεῖζον</span> <span class='ocrx_word' id='word_1_138' title='bbox 887 1891 948 1952; x_wconf 87' lang='grc' dir='ltr'>οὐτε</span> 
     </span>
     <span class='ocr_line' id='line_1_18' title="bbox 170 1979 950 2061; baseline 0.001 -24"><span class='ocrx_word' id='word_1_139' title='bbox 170 2011 183 2037; x_wconf 92' lang='grc' dir='ltr'>ιι</span> <span class='ocrx_word' id='word_1_140' title='bbox 198 1982 317 2055; x_wconf 73' lang='grc' dir='ltr'>ἔλαττον,</span> <span class='ocrx_word' id='word_1_141' title='bbox 333 1985 367 2049; x_wconf 80' lang='grc' dir='ltr'>ὡς</span> <span class='ocrx_word' id='word_1_142' title='bbox 381 1980 408 2051; x_wconf 81' lang='grc' dir='ltr'>ίξ</span> <span class='ocrx_word' id='word_1_143' title='bbox 419 1980 506 2040; x_wconf 85' lang='grc' dir='ltr'>ἀλλων</span> <span class='ocrx_word' id='word_1_144' title='bbox 519 2003 549 2041; x_wconf 87' lang='grc' dir='ltr'>τι</span> <span class='ocrx_word' id='word_1_145' title='bbox 563 1982 668 2042; x_wconf 81' lang='grc' dir='ltr'>πολλῶν</span> <span class='ocrx_word' id='word_1_146' title='bbox 682 1979 796 2061; x_wconf 87' lang='grc' dir='ltr'>πάρεστί</span> <span class='ocrx_word' id='word_1_147' title='bbox 810 2003 851 2039; x_wconf 92' lang='grc' dir='ltr'>σοι</span> <span class='ocrx_word' id='word_1_148' title='bbox 864 2003 950 2039; x_wconf 91' lang='grc' dir='ltr'>κατα-</span> 
     </span>
     <span class='ocr_line' id='line_1_19' title="bbox 170 2060 949 2149; baseline 0.003 -24"><span class='ocrx_word' id='word_1_149' title='bbox 170 2097 184 2125; x_wconf 89' lang='grc' dir='ltr'>ιι</span> <span class='ocrx_word' id='word_1_150' title='bbox 199 2076 293 2149; x_wconf 82' lang='grc' dir='ltr'>μαθεῖν</span> <span class='ocrx_word' id='word_1_151' title='bbox 313 2071 359 2129; x_wconf 79' lang='grc' dir='ltr'>καὶ</span> <span class='ocrx_word' id='word_1_152' title='bbox 372 2068 407 2131; x_wconf 86' lang='grc' dir='ltr'>τά</span> <span class='ocrx_word' id='word_1_153' title='bbox 426 2073 554 2130; x_wconf 65' lang='lat' dir='ltr'><strong>scissura?</strong></span> <span class='ocrx_word' id='word_1_154' title='bbox 574 2070 601 2139; x_wconf 79' lang='grc' dir='ltr'>ἐξ</span> <span class='ocrx_word' id='word_1_155' title='bbox 613 2060 650 2129; x_wconf 81' lang='grc' dir='ltr'>ῶν</span> <span class='ocrx_word' id='word_1_156' title='bbox 666 2071 788 2137; x_wconf 85' lang='grc' dir='ltr'>Λατίνοις</span> <span class='ocrx_word' id='word_1_157' title='bbox 800 2068 949 2149; x_wconf 87' lang='grc' dir='ltr'>συνεχώρη-</span> 
     </span>
     <span class='ocr_line' id='line_1_20' title="bbox 171 2155 948 2221; baseline 0.003 -6"><span class='ocrx_word' id='word_1_158' title='bbox 171 2186 185 2215; x_wconf 91' lang='grc' dir='ltr'>ιι</span> <span class='ocrx_word' id='word_1_159' title='bbox 198 2182 248 2221; x_wconf 90' lang='grc' dir='ltr'>σαν</span> <span class='ocrx_word' id='word_1_160' title='bbox 266 2160 412 2218; x_wconf 75' lang='grc' dir='ltr'>ἀποστᾶσιν</span> <span class='ocrx_word' id='word_1_161' title='bbox 434 2158 487 2217; x_wconf 85' lang='grc' dir='ltr'>ἀπὸ</span> <span class='ocrx_word' id='word_1_162' title='bbox 507 2162 560 2218; x_wconf 93' lang='grc' dir='ltr'>τῶν</span> <span class='ocrx_word' id='word_1_163' title='bbox 577 2155 675 2218; x_wconf 85' lang='grc' dir='ltr'>ὅπλων.</span> <span class='ocrx_word' id='word_1_164' title='bbox 700 2160 864 2219; x_wconf 82' lang='grc' dir='ltr'>Οὐολοῦσκοι</span> <span class='ocrx_word' id='word_1_165' title='bbox 885 2158 908 2217; x_wconf 77' lang='grc' dir='ltr'>δ’</span> <span class='ocrx_word' id='word_1_166' title='bbox 924 2159 948 2217; x_wconf 83' lang='grc' dir='ltr'>οἱ</span> 
     </span>
     <span class='ocr_line' id='line_1_21' title="bbox 118 2244 947 2327; baseline -0.002 -18"><span class='ocrx_word' id='word_1_167' title='bbox 118 2268 145 2309; x_wconf 83' lang='lat' dir='ltr'><strong>au</strong></span> <span class='ocrx_word' id='word_1_168' title='bbox 170 2277 184 2304; x_wconf 90' lang='grc' dir='ltr'>ι</span> <span class='ocrx_word' id='word_1_169' title='bbox 197 2246 264 2308; x_wconf 77' lang='grc' dir='ltr'>πολὺ</span> <span class='ocrx_word' id='word_1_170' title='bbox 276 2247 306 2306; x_wconf 88' lang='grc' dir='ltr'>τδ</span> <span class='ocrx_word' id='word_1_171' title='bbox 327 2244 439 2315; x_wconf 88' lang='grc' dir='ltr'>αύθαδες</span> <span class='ocrx_word' id='word_1_172' title='bbox 453 2245 570 2327; x_wconf 80' lang='grc' dir='ltr'>ἔχουσιν,</span> <span class='ocrx_word' id='word_1_173' title='bbox 586 2244 755 2326; x_wconf 78' lang='grc' dir='ltr'>θσυμόαίνει</span> <span class='ocrx_word' id='word_1_174' title='bbox 774 2254 829 2315; x_wconf 87' lang='grc' dir='ltr'>τοῖς</span> <span class='ocrx_word' id='word_1_175' title='bbox 842 2246 947 2326; x_wconf 88' lang='grc' dir='ltr'>μεγάλα</span> 
     </span>
     <span class='ocr_line' id='line_1_22' title="bbox 172 2333 947 2417; baseline 0.005 -26"><span class='ocrx_word' id='word_1_176' title='bbox 172 2366 185 2392; x_wconf 91' lang='grc' dir='ltr'>ιι</span> <span class='ocrx_word' id='word_1_177' title='bbox 199 2336 394 2417; x_wconf 84' lang='grc' dir='ltr'>εὐτυχήσασιν,</span> <span class='ocrx_word' id='word_1_178' title='bbox 408 2333 453 2395; x_wconf 75' lang='lat' dir='ltr'>tia</span> <span class='ocrx_word' id='word_1_179' title='bbox 474 2334 601 2414; x_wconf 84' lang='grc' dir='ltr'>διδάσκῃς</span> <span class='ocrx_word' id='word_1_180' title='bbox 616 2334 728 2412; x_wconf 80' lang='grc' dir='ltr'>αὐτούς,</span> <span class='ocrx_word' id='word_1_181' title='bbox 743 2334 785 2396; x_wconf 86' lang='grc' dir='ltr'>ότι</span> <span class='ocrx_word' id='word_1_182' title='bbox 803 2345 878 2397; x_wconf 73' lang='grc' dir='ltr'>πάσα</span> <span class='ocrx_word' id='word_1_183' title='bbox 900 2336 947 2411; x_wconf 79' lang='grc' dir='ltr'>μὲν</span> 
     </span>
     <span class='ocr_line' id='line_1_23' title="bbox 172 2425 949 2509; baseline 0.008 -29"><span class='ocrx_word' id='word_1_184' title='bbox 172 2456 185 2480; x_wconf 85' lang='grc' dir='ltr'>ι</span> <span class='ocrx_word' id='word_1_185' title='bbox 201 2427 293 2509; x_wconf 81' lang='grc' dir='ltr'>εἰρήνη</span> <span class='ocrx_word' id='word_1_186' title='bbox 320 2427 419 2494; x_wconf 87' lang='grc' dir='ltr'>παντός</span> <span class='ocrx_word' id='word_1_187' title='bbox 436 2427 494 2485; x_wconf 73' lang='grc' dir='ltr'>ἐστι</span> <span class='ocrx_word' id='word_1_188' title='bbox 518 2425 635 2502; x_wconf 78' lang='grc' dir='ltr'>πολέμου</span> <span class='ocrx_word' id='word_1_189' title='bbox 656 2426 801 2507; x_wconf 79' lang='grc' dir='ltr'>κρείττων,</span> <span class='ocrx_word' id='word_1_190' title='bbox 817 2425 949 2505; x_wconf 79' lang='grc' dir='ltr'>σύμάασις</span> 
     </span>
     <span class='ocr_line' id='line_1_24' title="bbox 174 2512 948 2596; baseline 0.003 -25"><span class='ocrx_word' id='word_1_191' title='bbox 174 2518 229 2577; x_wconf 72' lang='lat' dir='ltr'><strong>adt</strong></span> <span class='ocrx_word' id='word_1_192' title='bbox 248 2515 330 2596; x_wconf 73' lang='grc' dir='ltr'>φίλων</span> <span class='ocrx_word' id='word_1_193' title='bbox 355 2512 425 2573; x_wconf 88' lang='grc' dir='ltr'>κατδι</span> <span class='ocrx_word' id='word_1_194' title='bbox 443 2512 488 2572; x_wconf 87' lang='grc' dir='ltr'>τδν</span> <span class='ocrx_word' id='word_1_195' title='bbox 506 2512 622 2574; x_wconf 80' lang='grc' dir='ltr'>ἑκούσιον</span> <span class='ocrx_word' id='word_1_196' title='bbox 643 2514 768 2592; x_wconf 75' lang='grc' dir='ltr'>γινομένη</span> <span class='ocrx_word' id='word_1_197' title='bbox 782 2515 878 2595; x_wconf 82' lang='grc' dir='ltr'>τρόπον</span> <span class='ocrx_word' id='word_1_198' title='bbox 896 2519 948 2574; x_wconf 91' lang='grc' dir='ltr'>τῶν</span> 
     </span>
     <span class='ocr_line' id='line_1_25' title="bbox 174 2602 950 2686; baseline 0.005 -27"><span class='ocrx_word' id='word_1_199' title='bbox 174 2634 186 2659; x_wconf 89' lang='grc' dir='ltr'>ιι</span> <span class='ocrx_word' id='word_1_200' title='bbox 201 2603 246 2663; x_wconf 83' lang='grc' dir='ltr'>ὐπ’</span> <span class='ocrx_word' id='word_1_201' title='bbox 265 2605 381 2683; x_wconf 86' lang='grc' dir='ltr'>ἀνάγκης</span> <span class='ocrx_word' id='word_1_202' title='bbox 401 2603 624 2684; x_wconf 79' lang='grc' dir='ltr'>συγχωρηθέντων</span> <span class='ocrx_word' id='word_1_203' title='bbox 645 2602 816 2686; x_wconf 80' lang='grc' dir='ltr'>θεθαιοτίρα,</span> <span class='ocrx_word' id='word_1_204' title='bbox 840 2604 887 2665; x_wconf 78' lang='grc' dir='ltr'>καί</span> <span class='ocrx_word' id='word_1_205' title='bbox 908 2604 950 2665; x_wconf 81' lang='grc' dir='ltr'>ότι</span> 
     </span>
     <span class='ocr_line' id='line_1_26' title="bbox 117 2682 950 2775; baseline -0.001 -23"><span class='ocrx_word' id='word_1_206' title='bbox 117 2720 145 2760; x_wconf 68' lang='grc' dir='ltr'>ει</span> <span class='ocrx_word' id='word_1_207' title='bbox 173 2720 187 2747; x_wconf 92' lang='grc' dir='ltr'>ιι</span> <span class='ocrx_word' id='word_1_208' title='bbox 205 2691 343 2775; x_wconf 76' lang='grc' dir='ltr'>σωφρόνων</span> <span class='ocrx_word' id='word_1_209' title='bbox 363 2688 434 2751; x_wconf 56' lang='lat' dir='ltr'><strong>tatis</strong></span> <span class='ocrx_word' id='word_1_210' title='bbox 454 2690 618 2771; x_wconf 82' lang='grc' dir='ltr'>ἀνθρώπων,</span> <span class='ocrx_word' id='word_1_211' title='bbox 637 2690 699 2751; x_wconf 80' lang='grc' dir='ltr'>ὅταν</span> <span class='ocrx_word' id='word_1_212' title='bbox 720 2691 768 2769; x_wconf 85' lang='grc' dir='ltr'>μὲν</span> <span class='ocrx_word' id='word_1_213' title='bbox 782 2682 813 2751; x_wconf 84' lang='grc' dir='ltr'>εὐ</span> <span class='ocrx_word' id='word_1_214' title='bbox 824 2692 950 2774; x_wconf 88' lang='grc' dir='ltr'>πράττειν</span> 
     </span>
     <span class='ocr_line' id='line_1_27' title="bbox 173 2777 947 2860; baseline 0.004 -24"><span class='ocrx_word' id='word_1_215' title='bbox 173 2810 186 2837; x_wconf 91' lang='grc' dir='ltr'>ιι</span> <span class='ocrx_word' id='word_1_216' title='bbox 201 2783 315 2854; x_wconf 88' lang='grc' dir='ltr'>δοκῶσι,</span> <span class='ocrx_word' id='word_1_217' title='bbox 328 2779 498 2859; x_wconf 85' lang='grc' dir='ltr'>ταμιεύεσθαι</span> <span class='ocrx_word' id='word_1_218' title='bbox 511 2778 557 2848; x_wconf 80' lang='grc' dir='ltr'>τάς</span> <span class='ocrx_word' id='word_1_219' title='bbox 574 2777 673 2860; x_wconf 82' lang='grc' dir='ltr'>τύχας,</span> <span class='ocrx_word' id='word_1_220' title='bbox 686 2779 750 2838; x_wconf 83' lang='grc' dir='ltr'>όταν</span> <span class='ocrx_word' id='word_1_221' title='bbox 769 2780 793 2839; x_wconf 88' lang='grc' dir='ltr'>δ’</span> <span class='ocrx_word' id='word_1_222' title='bbox 805 2784 841 2848; x_wconf 80' lang='grc' dir='ltr'>είς</span> <span class='ocrx_word' id='word_1_223' title='bbox 855 2803 947 2841; x_wconf 86' lang='grc' dir='ltr'>ταπει·</span> 
     </span>
     <span class='ocr_line' id='line_1_28' title="bbox 173 2867 949 2953; baseline 0.003 -28"><span class='ocrx_word' id='word_1_224' title='bbox 173 2900 186 2927; x_wconf 92' lang='grc' dir='ltr'>ιι</span> <span class='ocrx_word' id='word_1_225' title='bbox 200 2873 245 2940; x_wconf 79' lang='grc' dir='ltr'>νάς</span> <span class='ocrx_word' id='word_1_226' title='bbox 256 2869 301 2930; x_wconf 81' lang='grc' dir='ltr'>καί</span> <span class='ocrx_word' id='word_1_227' title='bbox 309 2869 409 2953; x_wconf 82' lang='grc' dir='ltr'>ραύλας</span> <span class='ocrx_word' id='word_1_228' title='bbox 417 2872 524 2947; x_wconf 70' lang='grc' dir='ltr'>ἔλθωσι,</span> <span class='ocrx_word' id='word_1_229' title='bbox 535 2869 616 2947; x_wconf 73' lang='grc' dir='ltr'>μηδὲν</span> <span class='ocrx_word' id='word_1_230' title='bbox 629 2867 769 2948; x_wconf 76' lang='grc' dir='ltr'>ύπομάνειν</span> <span class='ocrx_word' id='word_1_231' title='bbox 778 2867 893 2948; x_wconf 85' lang='grc' dir='ltr'>ἀγεννίς,</span> <span class='ocrx_word' id='word_1_232' title='bbox 902 2868 949 2928; x_wconf 81' lang='grc' dir='ltr'>και</span> 
     </span>
     <span class='ocr_line' id='line_1_29' title="bbox 173 2957 950 3038; baseline 0.004 -23"><span class='ocrx_word' id='word_1_233' title='bbox 173 2988 185 3015; x_wconf 90' lang='grc' dir='ltr'>ιι</span> <span class='ocrx_word' id='word_1_234' title='bbox 200 2959 276 3020; x_wconf 74' lang='grc' dir='ltr'>τᾶλλ’</span> <span class='ocrx_word' id='word_1_235' title='bbox 287 2959 326 3019; x_wconf 86' lang='grc' dir='ltr'>θσ’</span> <span class='ocrx_word' id='word_1_236' title='bbox 338 2960 373 3028; x_wconf 84' lang='grc' dir='ltr'>είς</span> <span class='ocrx_word' id='word_1_237' title='bbox 383 2960 536 3038; x_wconf 81' lang='grc' dir='ltr'>ἡμερότητα</span> <span class='ocrx_word' id='word_1_238' title='bbox 545 2958 591 3017; x_wconf 84' lang='grc' dir='ltr'>καὶ</span> <span class='ocrx_word' id='word_1_239' title='bbox 600 2957 741 3018; x_wconf 72' lang='grc' dir='ltr'>ἐπιείκειαν</span> <span class='ocrx_word' id='word_1_240' title='bbox 752 2960 879 3038; x_wconf 78' lang='grc' dir='ltr'>ἐπαγωγά</span> <span class='ocrx_word' id='word_1_241' title='bbox 888 2981 950 3018; x_wconf 90' lang='grc' dir='ltr'>παι-</span> 
     </span>
     <span class='ocr_line' id='line_1_30' title="bbox 173 3045 949 3128; baseline 0.003 -23"><span class='ocrx_word' id='word_1_242' title='bbox 173 3078 186 3105; x_wconf 91' lang='grc' dir='ltr'>ιι</span> <span class='ocrx_word' id='word_1_243' title='bbox 200 3049 320 3126; x_wconf 88' lang='grc' dir='ltr'>δεύματα</span> <span class='ocrx_word' id='word_1_244' title='bbox 342 3045 452 3128; x_wconf 84' lang='grc' dir='ltr'>ιύρηται</span> <span class='ocrx_word' id='word_1_245' title='bbox 466 3047 552 3125; x_wconf 89' lang='grc' dir='ltr'>λόγων</span> <span class='ocrx_word' id='word_1_246' title='bbox 560 3091 571 3123; x_wconf 91' lang='grc'>,</span> <span class='ocrx_word' id='word_1_247' title='bbox 585 3046 628 3114; x_wconf 86' lang='grc' dir='ltr'>οθς</span> <span class='ocrx_word' id='word_1_248' title='bbox 643 3047 716 3124; x_wconf 76' lang='grc' dir='ltr'>ὑμεῖς</span> <span class='ocrx_word' id='word_1_249' title='bbox 730 3049 754 3106; x_wconf 79' lang='lat' dir='ltr'>ct</span> <span class='ocrx_word' id='word_1_250' title='bbox 768 3046 802 3106; x_wconf 85' lang='grc' dir='ltr'>τά</span> <span class='ocrx_word' id='word_1_251' title='bbox 822 3047 949 3107; x_wconf 81' lang='grc' dir='ltr'>πολιτικά</span> 
     </span>
     <span class='ocr_line' id='line_1_31' title="bbox 117 3130 952 3220; baseline 0.006 -26"><span class='ocrx_word' id='word_1_252' title='bbox 117 3166 148 3206; x_wconf 73' lang='lat'>30</span> <span class='ocrx_word' id='word_1_253' title='bbox 175 3170 188 3195; x_wconf 89' lang='grc' dir='ltr'>ιι</span> <span class='ocrx_word' id='word_1_254' title='bbox 204 3139 361 3220; x_wconf 84' lang='grc' dir='ltr'>πράττοντες</span> <span class='ocrx_word' id='word_1_255' title='bbox 382 3135 498 3213; x_wconf 92' lang='grc' dir='ltr'>μάλιστα</span> <span class='ocrx_word' id='word_1_256' title='bbox 526 3141 647 3212; x_wconf 80' lang='grc' dir='ltr'>ἀσκεῖτε,</span> <span class='ocrx_word' id='word_1_257' title='bbox 666 3130 696 3198; x_wconf 83' lang='grc' dir='ltr'>οὐ</span> <span class='ocrx_word' id='word_1_258' title='bbox 715 3140 766 3201; x_wconf 76' lang='lat' dir='ltr'><strong>tet’</strong></span> <span class='ocrx_word' id='word_1_259' title='bbox 790 3141 830 3200; x_wconf 85' lang='grc' dir='ltr'>ότι</span> <span class='ocrx_word' id='word_1_260' title='bbox 853 3147 899 3202; x_wconf 78' lang='grc' dir='ltr'>τοῦ</span> <span class='ocrx_word' id='word_1_261' title='bbox 923 3164 952 3199; x_wconf 93' lang='grc' dir='ltr'>τε</span> 
     </span>
     <span class='ocr_line' id='line_1_32' title="bbox 174 3224 952 3308; baseline 0.005 -26"><span class='ocrx_word' id='word_1_262' title='bbox 174 3258 187 3283; x_wconf 88' lang='grc' dir='ltr'>ιι</span> <span class='ocrx_word' id='word_1_263' title='bbox 203 3227 359 3308; x_wconf 86' lang='grc' dir='ltr'>αὐχήματος</span> <span class='ocrx_word' id='word_1_264' title='bbox 380 3224 419 3304; x_wconf 78' lang='grc' dir='ltr'>ἀρ’</span> <span class='ocrx_word' id='word_1_265' title='bbox 440 3229 469 3285; x_wconf 81' lang='grc' dir='ltr'>οὐ</span> <span class='ocrx_word' id='word_1_266' title='bbox 493 3231 538 3284; x_wconf 77' lang='grc' dir='ltr'>νῦν</span> <span class='ocrx_word' id='word_1_267' title='bbox 564 3230 627 3287; x_wconf 82' lang='grc' dir='ltr'>εἰσιν</span> <span class='ocrx_word' id='word_1_268' title='bbox 650 3227 751 3297; x_wconf 79' lang='grc' dir='ltr'>ἑκόντες</span> <span class='ocrx_word' id='word_1_269' title='bbox 771 3230 952 3301; x_wconf 78' lang='grc' dir='ltr'>ὑπούήσονται</span> 
     </span>
    </p>
   </div>
   <div class='ocr_carea' id='block_1_3' title="bbox 173 3314 951 3399">
    <p class='ocr_par' dir='ltr' id='par_1_3' title="bbox 173 3314 951 3399">
     <span class='ocr_line' id='line_1_33' title="bbox 173 3314 951 3399; baseline 0.005 -26"><span class='ocrx_word' id='word_1_270' title='bbox 173 3319 246 3380; x_wconf 81' lang='grc' dir='ltr'>ικαὶ</span> <span class='ocrx_word' id='word_1_271' title='bbox 260 3315 412 3387; x_wconf 88' lang='grc' dir='ltr'>ποιήσουσιν</span> <span class='ocrx_word' id='word_1_272' title='bbox 429 3314 547 3383; x_wconf 79' lang='grc' dir='ltr'>ἐξουσίαν</span> <span class='ocrx_word' id='word_1_273' title='bbox 568 3340 610 3376; x_wconf 92' lang='grc' dir='ltr'>σοι</span> <span class='ocrx_word' id='word_1_274' title='bbox 629 3325 675 3378; x_wconf 84' lang='grc' dir='ltr'>τοῦ</span> <span class='ocrx_word' id='word_1_275' title='bbox 694 3320 830 3399; x_wconf 88' lang='grc' dir='ltr'>πράττειν,</span> <span class='ocrx_word' id='word_1_276' title='bbox 850 3318 865 3377; x_wconf 86' lang='grc' dir='ltr'>ό</span> <span class='ocrx_word' id='word_1_277' title='bbox 880 3344 906 3379; x_wconf 87' lang='grc' dir='ltr'>τι</span> <span class='ocrx_word' id='word_1_278' title='bbox 920 3319 951 3379; x_wconf 78' lang='grc' dir='ltr'>ἀν</span> 
     </span>
    </p>
   </div>
   <div class='ocr_carea' id='block_1_4' title="bbox 172 3405 953 3492">
    <p class='ocr_par' dir='ltr' id='par_1_4' title="bbox 172 3405 953 3492">
     <span class='ocr_line' id='line_1_34' title="bbox 172 3405 953 3492; baseline 0.005 -27"><span class='ocrx_word' id='word_1_279' title='bbox 172 3437 185 3465; x_wconf 90' lang='grc' dir='ltr'>ι</span> <span class='ocrx_word' id='word_1_280' title='bbox 200 3413 287 3474; x_wconf 83' lang='grc' dir='ltr'>αὐτοῖς</span> <span class='ocrx_word' id='word_1_281' title='bbox 300 3405 493 3485; x_wconf 81' lang='grc' dir='ltr'>ύπολοςιιόάνης</span> <span class='ocrx_word' id='word_1_282' title='bbox 508 3406 647 3466; x_wconf 75' lang='grc' dir='ltr'>συνοίσειν.</span> <span class='ocrx_word' id='word_1_283' title='bbox 701 3406 784 3468; x_wconf 83' lang='grc' dir='ltr'>Εάνδ</span> <span class='ocrx_word' id='word_1_284' title='bbox 810 3409 953 3492; x_wconf 81' lang='grc' dir='ltr'>αντιπράτ-</span> 
     </span>
    </p>
   </div>
   <div class='ocr_carea' id='block_1_5' title="bbox 119 3490 953 3750">
    <p class='ocr_par' dir='ltr' id='par_1_5' title="bbox 119 3490 953 3750">
     <span class='ocr_line' id='line_1_35' title="bbox 175 3490 952 3571; baseline 0.01 -26"><span class='ocrx_word' id='word_1_285' title='bbox 175 3522 188 3546; x_wconf 88' lang='grc' dir='ltr'>ιι</span> <span class='ocrx_word' id='word_1_286' title='bbox 202 3493 269 3552; x_wconf 86' lang='grc' dir='ltr'>τωσί</span> <span class='ocrx_word' id='word_1_287' title='bbox 290 3516 332 3553; x_wconf 91' lang='grc' dir='ltr'>σοι</span> <span class='ocrx_word' id='word_1_288' title='bbox 350 3492 395 3551; x_wconf 81' lang='grc' dir='ltr'>καλ</span> <span class='ocrx_word' id='word_1_289' title='bbox 408 3492 468 3559; x_wconf 79' lang='grc' dir='ltr'>τοὺς</span> <span class='ocrx_word' id='word_1_290' title='bbox 481 3492 573 3568; x_wconf 87' lang='grc' dir='ltr'>λόγους</span> <span class='ocrx_word' id='word_1_291' title='bbox 591 3490 629 3570; x_wconf 74' lang='grc' dir='ltr'>μὴ</span> <span class='ocrx_word' id='word_1_292' title='bbox 650 3491 869 3571; x_wconf 86' lang='grc' dir='ltr'>προσδίχωνται,</span> <span class='ocrx_word' id='word_1_293' title='bbox 894 3502 952 3563; x_wconf 88' lang='grc' dir='ltr'>ταῖς</span> 
     </span>
     <span class='ocr_line' id='line_1_36' title="bbox 119 3578 953 3659; baseline 0.011 -26"><span class='ocrx_word' id='word_1_294' title='bbox 119 3605 147 3646; x_wconf 69' lang='grc' dir='ltr'>ης</span> <span class='ocrx_word' id='word_1_295' title='bbox 176 3608 189 3634; x_wconf 91' lang='grc' dir='ltr'>ιι</span> <span class='ocrx_word' id='word_1_296' title='bbox 204 3579 248 3641; x_wconf 88' lang='grc' dir='ltr'>διδι</span> <span class='ocrx_word' id='word_1_297' title='bbox 265 3583 297 3644; x_wconf 78' lang='grc' dir='ltr'>σί</span> <span class='ocrx_word' id='word_1_298' title='bbox 310 3580 356 3640; x_wconf 79' lang='grc' dir='ltr'>καὶ</span> <span class='ocrx_word' id='word_1_299' title='bbox 375 3580 418 3640; x_wconf 84' lang='grc' dir='ltr'>διά</span> <span class='ocrx_word' id='word_1_300' title='bbox 438 3578 486 3653; x_wconf 78' lang='grc' dir='ltr'>τήν</span> <span class='ocrx_word' id='word_1_301' title='bbox 504 3579 648 3659; x_wconf 75' lang='grc' dir='ltr'>ἡγεμονίαν</span> <span class='ocrx_word' id='word_1_302' title='bbox 662 3580 710 3651; x_wconf 76' lang='grc' dir='ltr'>τήν</span> <span class='ocrx_word' id='word_1_303' title='bbox 726 3579 775 3651; x_wconf 78' lang='grc' dir='ltr'>σήν</span> <span class='ocrx_word' id='word_1_304' title='bbox 799 3581 953 3658; x_wconf 89' lang='grc' dir='ltr'>γινομίναις</span> 
     </span>
     <span class='ocr_line' id='line_1_37' title="bbox 176 3667 951 3750; baseline 0.003 -23"><span class='ocrx_word' id='word_1_305' title='bbox 176 3697 189 3721; x_wconf 87' lang='grc' dir='ltr'>ιι</span> <span class='ocrx_word' id='word_1_306' title='bbox 204 3669 265 3747; x_wconf 78' lang='grc' dir='ltr'>περὶ</span> <span class='ocrx_word' id='word_1_307' title='bbox 276 3668 370 3735; x_wconf 90' lang='grc' dir='ltr'>αὐτούς</span> <span class='ocrx_word' id='word_1_308' title='bbox 378 3668 471 3749; x_wconf 88' lang='grc' dir='ltr'>τύχαις</span> <span class='ocrx_word' id='word_1_309' title='bbox 480 3672 516 3736; x_wconf 78' lang='grc' dir='ltr'>ὡς</span> <span class='ocrx_word' id='word_1_310' title='bbox 524 3671 566 3728; x_wconf 79' lang='grc' dir='ltr'>ἀεὶ</span> <span class='ocrx_word' id='word_1_311' title='bbox 576 3667 760 3747; x_wconf 84' lang='grc' dir='ltr'>διαμενούσαις</span> <span class='ocrx_word' id='word_1_312' title='bbox 771 3669 951 3750; x_wconf 84' lang='grc' dir='ltr'>ίπαιρόμενοι,</span> 
     </span>
    </p>
   </div>
   <div class='ocr_carea' id='block_1_6' title="bbox 121 3756 961 5356">
    <p class='ocr_par' dir='ltr' id='par_1_6' title="bbox 121 3756 961 5356">
     <span class='ocr_line' id='line_1_38' title="bbox 176 3756 953 3841; baseline 0.013 -29"><span class='ocrx_word' id='word_1_313' title='bbox 176 3786 189 3812; x_wconf 91' lang='grc' dir='ltr'>ιι</span> <span class='ocrx_word' id='word_1_314' title='bbox 204 3763 251 3831; x_wconf 80' lang='grc' dir='ltr'>τῆς</span> <span class='ocrx_word' id='word_1_315' title='bbox 268 3756 428 3839; x_wconf 86' lang='grc' dir='ltr'>στρατηγίας</span> <span class='ocrx_word' id='word_1_316' title='bbox 440 3760 528 3826; x_wconf 85' lang='grc' dir='ltr'>αὐτοῖς</span> <span class='ocrx_word' id='word_1_317' title='bbox 542 3759 671 3840; x_wconf 86' lang='grc' dir='ltr'>ἀρίστσσο</span> <span class='ocrx_word' id='word_1_318' title='bbox 680 3762 809 3841; x_wconf 87' lang='grc' dir='ltr'>ρανερῶς,</span> <span class='ocrx_word' id='word_1_319' title='bbox 824 3759 871 3820; x_wconf 78' lang='grc' dir='ltr'>καὶ</span> <span class='ocrx_word' id='word_1_320' title='bbox 885 3760 953 3838; x_wconf 84' lang='grc' dir='ltr'>μήτε</span> 
     </span>
     <span class='ocr_line' id='line_1_39' title="bbox 177 3845 954 3927; baseline 0.012 -26"><span class='ocrx_word' id='word_1_321' title='bbox 177 3874 189 3901; x_wconf 91' lang='grc' dir='ltr'>ιι</span> <span class='ocrx_word' id='word_1_322' title='bbox 204 3846 333 3926; x_wconf 78' lang='grc' dir='ltr'>προδότης</span> <span class='ocrx_word' id='word_1_323' title='bbox 351 3846 423 3927; x_wconf 87' lang='grc' dir='ltr'>γίνου</span> <span class='ocrx_word' id='word_1_324' title='bbox 440 3850 493 3908; x_wconf 87' lang='grc' dir='ltr'>τῶν</span> <span class='ocrx_word' id='word_1_325' title='bbox 511 3845 723 3907; x_wconf 88' lang='grc' dir='ltr'>πεπιστευκότων</span> <span class='ocrx_word' id='word_1_326' title='bbox 746 3846 814 3924; x_wconf 86' lang='grc' dir='ltr'>μήτι</span> <span class='ocrx_word' id='word_1_327' title='bbox 829 3848 954 3926; x_wconf 78' lang='grc' dir='ltr'>πολέμιος</span> 
     </span>
     <span class='ocr_line' id='line_1_40' title="bbox 177 3934 953 4018; baseline 0.009 -26"><span class='ocrx_word' id='word_1_328' title='bbox 177 3966 190 3992; x_wconf 91' lang='grc' dir='ltr'>ιι</span> <span class='ocrx_word' id='word_1_329' title='bbox 204 3941 256 3996; x_wconf 91' lang='grc' dir='ltr'>τῶν</span> <span class='ocrx_word' id='word_1_330' title='bbox 274 3936 503 4017; x_wconf 87' lang='grc' dir='ltr'>ἀναγκαιοτάτων·</span> <span class='ocrx_word' id='word_1_331' title='bbox 519 3936 612 4005; x_wconf 84' lang='grc' dir='ltr'>ἀσιόὲς</span> <span class='ocrx_word' id='word_1_332' title='bbox 626 3936 677 4018; x_wconf 79' lang='grc' dir='ltr'>γάρ</span> <span class='ocrx_word' id='word_1_333' title='bbox 691 3936 822 4017; x_wconf 77' lang='grc' dir='ltr'>ἑκάτερον.</span> <span class='ocrx_word' id='word_1_334' title='bbox 859 3934 953 4000; x_wconf 79' lang='grc' dir='ltr'>Ταῦτα</span> 
     </span>
     <span class='ocr_line' id='line_1_41' title="bbox 177 4025 954 4107; baseline 0.013 -28"><span class='ocrx_word' id='word_1_335' title='bbox 177 4054 190 4080; x_wconf 89' lang='grc' dir='ltr'>ιι</span> <span class='ocrx_word' id='word_1_336' title='bbox 204 4025 263 4099; x_wconf 87' lang='grc' dir='ltr'>ήκω</span> <span class='ocrx_word' id='word_1_337' title='bbox 284 4025 394 4103; x_wconf 87' lang='grc' dir='ltr'>δεομίνη</span> <span class='ocrx_word' id='word_1_338' title='bbox 409 4049 457 4085; x_wconf 92' lang='grc' dir='ltr'>σου</span> <span class='ocrx_word' id='word_1_339' title='bbox 473 4027 594 4103; x_wconf 79' lang='grc' dir='ltr'>γενέσθαι</span> <span class='ocrx_word' id='word_1_340' title='bbox 616 4048 660 4103; x_wconf 92' lang='grc' dir='ltr'>μοι</span> <span class='ocrx_word' id='word_1_341' title='bbox 678 4025 754 4106; x_wconf 85' lang='grc' dir='ltr'>παρά</span> <span class='ocrx_word' id='word_1_342' title='bbox 767 4032 831 4106; x_wconf 80' lang='grc' dir='ltr'>σοῦ,</span> <span class='ocrx_word' id='word_1_343' title='bbox 848 4025 954 4107; x_wconf 87' lang='grc' dir='ltr'>Μάρκιε</span> 
     </span>
     <span class='ocr_line' id='line_1_42' title="bbox 177 4112 954 4199; baseline 0.006 -24"><span class='ocrx_word' id='word_1_344' title='bbox 177 4146 190 4170; x_wconf 91' lang='grc' dir='ltr'>ιι</span> <span class='ocrx_word' id='word_1_345' title='bbox 205 4117 311 4191; x_wconf 87' lang='grc' dir='ltr'>τίκνον,</span> <span class='ocrx_word' id='word_1_346' title='bbox 325 4114 380 4175; x_wconf 76' lang='grc' dir='ltr'>οὐτ’</span> <span class='ocrx_word' id='word_1_347' title='bbox 393 4114 522 4188; x_wconf 86' lang='grc' dir='ltr'>ἀδύνατα,</span> <span class='ocrx_word' id='word_1_348' title='bbox 537 4118 572 4183; x_wconf 81' lang='grc' dir='ltr'>ῶς</span> <span class='ocrx_word' id='word_1_349' title='bbox 590 4112 706 4199; x_wconf 11' lang='grc' dir='ltr'>σύῖρῂς,</span> <span class='ocrx_word' id='word_1_350' title='bbox 726 4113 815 4189; x_wconf 83' lang='grc' dir='ltr'>πάσης</span> <span class='ocrx_word' id='word_1_351' title='bbox 828 4118 852 4175; x_wconf 88' lang='grc' dir='ltr'>τ’</span> <span class='ocrx_word' id='word_1_352' title='bbox 863 4118 954 4180; x_wconf 84' lang='grc' dir='ltr'>ἀδίκου</span> 
     </span>
     <span class='ocr_line' id='line_1_43' title="bbox 177 4202 695 4283; baseline -0.008 -19"><span class='ocrx_word' id='word_1_353' title='bbox 177 4232 191 4258; x_wconf 90' lang='grc' dir='ltr'>ιι</span> <span class='ocrx_word' id='word_1_354' title='bbox 206 4206 252 4265; x_wconf 82' lang='grc' dir='ltr'>καὶ</span> <span class='ocrx_word' id='word_1_355' title='bbox 269 4203 375 4263; x_wconf 87' lang='grc' dir='ltr'>ἀνοσίου</span> <span class='ocrx_word' id='word_1_356' title='bbox 390 4202 562 4275; x_wconf 85' lang='grc' dir='ltr'>συνειδήσεως</span> <span class='ocrx_word' id='word_1_357' title='bbox 580 4203 695 4283; x_wconf 82' lang='grc' dir='ltr'>καθαρά.</span> 
     </span>
     <span class='ocr_line' id='line_1_44' title="bbox 217 4289 956 4372; baseline -0.003 -16"><span class='ocrx_word' id='word_1_358' title='bbox 217 4295 322 4356; x_wconf 80' lang='lat' dir='ltr'><strong>XLix.</strong></span> <span class='ocrx_word' id='word_1_359' title='bbox 348 4289 465 4369; x_wconf 76' lang='grc' dir='ltr'>«Φέρε,</span> <span class='ocrx_word' id='word_1_360' title='bbox 479 4291 549 4352; x_wconf 81' lang='grc' dir='ltr'>ἀλλά</span> <span class='ocrx_word' id='word_1_361' title='bbox 561 4290 636 4361; x_wconf 74' lang='grc' dir='ltr'>δοξαν</span> <span class='ocrx_word' id='word_1_362' title='bbox 653 4291 767 4372; x_wconf 79' lang='grc' dir='ltr'>αἰσχράν</span> <span class='ocrx_word' id='word_1_363' title='bbox 782 4289 900 4353; x_wconf 74' lang='grc' dir='ltr'>οἴσεσθαι</span> <span class='ocrx_word' id='word_1_364' title='bbox 914 4293 956 4355; x_wconf 86' lang='grc' dir='ltr'>δί-</span> 
     </span>
     <span class='ocr_line' id='line_1_45' title="bbox 178 4380 956 4464; baseline 0.009 -27"><span class='ocrx_word' id='word_1_365' title='bbox 178 4410 191 4437; x_wconf 90' lang='grc' dir='ltr'>ιι</span> <span class='ocrx_word' id='word_1_366' title='bbox 205 4384 309 4456; x_wconf 86' lang='grc' dir='ltr'>δοικας,</span> <span class='ocrx_word' id='word_1_367' title='bbox 322 4380 368 4441; x_wconf 77' lang='grc' dir='ltr'>ἐάν</span> <span class='ocrx_word' id='word_1_368' title='bbox 379 4381 397 4440; x_wconf 82' lang='grc' dir='ltr'>ἀ</span> <span class='ocrx_word' id='word_1_369' title='bbox 408 4382 558 4462; x_wconf 83' lang='grc' dir='ltr'>παρακαλῶ</span> <span class='ocrx_word' id='word_1_370' title='bbox 571 4404 601 4441; x_wconf 89' lang='grc' dir='ltr'>σε</span> <span class='ocrx_word' id='word_1_371' title='bbox 615 4381 734 4460; x_wconf 80' lang='grc' dir='ltr'>πράττῃς</span> <span class='ocrx_word' id='word_1_372' title='bbox 744 4427 752 4453; x_wconf 88' lang='grc'>,</span> <span class='ocrx_word' id='word_1_373' title='bbox 762 4386 797 4450; x_wconf 82' lang='grc' dir='ltr'>ὡς</span> <span class='ocrx_word' id='word_1_374' title='bbox 812 4384 956 4464; x_wconf 89' lang='grc' dir='ltr'>ἀχάριστος</span> 
     </span>
     <span class='ocr_line' id='line_1_46' title="bbox 121 4471 957 4552; baseline 0.008 -24"><span class='ocrx_word' id='word_1_375' title='bbox 121 4482 154 4543; x_wconf 73' lang='lat' dir='ltr'>ts</span> <span class='ocrx_word' id='word_1_376' title='bbox 178 4501 192 4529; x_wconf 90' lang='grc' dir='ltr'>ιι</span> <span class='ocrx_word' id='word_1_377' title='bbox 201 4476 237 4542; x_wconf 83' lang='grc' dir='ltr'>εἰς</span> <span class='ocrx_word' id='word_1_378' title='bbox 248 4473 308 4541; x_wconf 86' lang='grc' dir='ltr'>τούς</span> <span class='ocrx_word' id='word_1_379' title='bbox 322 4472 459 4552; x_wconf 78' lang='grc' dir='ltr'>εὐεργέτας</span> <span class='ocrx_word' id='word_1_380' title='bbox 472 4471 736 4551; x_wconf 84' lang='grc' dir='ltr'>ἀξελεγχθησόμενος,</span> <span class='ocrx_word' id='word_1_381' title='bbox 751 4474 817 4535; x_wconf 83' lang='grc' dir='ltr'>οίσε</span> <span class='ocrx_word' id='word_1_382' title='bbox 830 4475 957 4552; x_wconf 85' lang='grc' dir='ltr'>πολίμιον</span> 
     </span>
     <span class='ocr_line' id='line_1_47' title="bbox 178 4554 958 4646; baseline 0.013 -31"><span class='ocrx_word' id='word_1_383' title='bbox 178 4589 191 4615; x_wconf 87' lang='grc' dir='ltr'>ιι</span> <span class='ocrx_word' id='word_1_384' title='bbox 207 4562 271 4622; x_wconf 78' lang='grc' dir='ltr'>ὄντα</span> <span class='ocrx_word' id='word_1_385' title='bbox 279 4558 468 4637; x_wconf 76' lang='grc' dir='ltr'>ὑποδεξάμενοι</span> <span class='ocrx_word' id='word_1_386' title='bbox 476 4560 582 4620; x_wconf 88' lang='grc' dir='ltr'>πάντων</span> <span class='ocrx_word' id='word_1_387' title='bbox 592 4558 759 4639; x_wconf 87' lang='grc' dir='ltr'>μιτίδωκαν,</span> <span class='ocrx_word' id='word_1_388' title='bbox 771 4554 808 4622; x_wconf 75' lang='grc' dir='ltr'>ῶν</span> <span class='ocrx_word' id='word_1_389' title='bbox 818 4572 873 4632; x_wconf 88' lang='grc' dir='ltr'>τοῖς</span> <span class='ocrx_word' id='word_1_390' title='bbox 881 4564 958 4646; x_wconf 84' lang='grc' dir='ltr'>ρύσει</span> 
     </span>
     <span class='ocr_line' id='line_1_48' title="bbox 181 4649 958 4732; baseline 0.004 -22"><span class='ocrx_word' id='word_1_391' title='bbox 181 4677 195 4703; x_wconf 85' lang='grc' dir='ltr'>ιι</span> <span class='ocrx_word' id='word_1_392' title='bbox 209 4650 328 4718; x_wconf 85' lang='grc' dir='ltr'>πολίταις</span> <span class='ocrx_word' id='word_1_393' title='bbox 341 4649 462 4726; x_wconf 84' lang='grc' dir='ltr'>μίτεατιν</span> <span class='ocrx_word' id='word_1_394' title='bbox 479 4651 594 4730; x_wconf 81' lang='grc' dir='ltr'>ἀγαθῶν.</span> <span class='ocrx_word' id='word_1_395' title='bbox 639 4653 735 4711; x_wconf 77' lang='grc' dir='ltr'>Ταῦτα</span> <span class='ocrx_word' id='word_1_396' title='bbox 750 4652 803 4732; x_wconf 87' lang='grc' dir='ltr'>γάρ</span> <span class='ocrx_word' id='word_1_397' title='bbox 824 4658 914 4726; x_wconf 73' lang='grc' dir='ltr'>ἐστιν,</span> <span class='ocrx_word' id='word_1_398' title='bbox 940 4654 958 4713; x_wconf 85' lang='grc' dir='ltr'>ἀ</span> 
     </span>
     <span class='ocr_line' id='line_1_49' title="bbox 180 4734 958 4819; baseline 0.013 -26"><span class='ocrx_word' id='word_1_399' title='bbox 180 4768 193 4793; x_wconf 92' lang='grc' dir='ltr'>ιι</span> <span class='ocrx_word' id='word_1_400' title='bbox 209 4740 311 4817; x_wconf 77' lang='grc' dir='ltr'>μεγαλα</span> <span class='ocrx_word' id='word_1_401' title='bbox 325 4744 408 4807; x_wconf 85' lang='grc' dir='ltr'>ποιεῖς</span> <span class='ocrx_word' id='word_1_402' title='bbox 419 4747 474 4807; x_wconf 88' lang='grc' dir='ltr'>τοίς</span> <span class='ocrx_word' id='word_1_403' title='bbox 485 4738 572 4819; x_wconf 88' lang='grc' dir='ltr'>λύγοις</span> <span class='ocrx_word' id='word_1_404' title='bbox 588 4739 641 4799; x_wconf 87' lang='grc' dir='ltr'>ἀεί.</span> <span class='ocrx_word' id='word_1_405' title='bbox 657 4742 716 4800; x_wconf 88' lang='grc' dir='ltr'>Οὐκ</span> <span class='ocrx_word' id='word_1_406' title='bbox 732 4741 902 4810; x_wconf 87' lang='grc' dir='ltr'>άτοδίδωκας</span> <span class='ocrx_word' id='word_1_407' title='bbox 913 4734 958 4803; x_wconf 86' lang='grc' dir='ltr'>οὐν</span> 
     </span>
     <span class='ocr_line' id='line_1_50' title="bbox 180 4827 960 4907; baseline 0.005 -20"><span class='ocrx_word' id='word_1_408' title='bbox 180 4856 193 4881; x_wconf 90' lang='grc' dir='ltr'>ιι</span> <span class='ocrx_word' id='word_1_409' title='bbox 210 4831 295 4895; x_wconf 85' lang='grc' dir='ltr'>αὐτοῖς</span> <span class='ocrx_word' id='word_1_410' title='bbox 316 4829 416 4897; x_wconf 89' lang='grc' dir='ltr'>πολλάς</span> <span class='ocrx_word' id='word_1_411' title='bbox 440 4828 487 4888; x_wconf 80' lang='grc' dir='ltr'>καί</span> <span class='ocrx_word' id='word_1_412' title='bbox 510 4827 593 4897; x_wconf 79' lang='grc' dir='ltr'>καλάς</span> <span class='ocrx_word' id='word_1_413' title='bbox 611 4828 724 4907; x_wconf 80' lang='grc' dir='ltr'>ἀμοιόάς</span> <span class='ocrx_word' id='word_1_414' title='bbox 747 4829 793 4889; x_wconf 82' lang='grc' dir='ltr'>καὶ</span> <span class='ocrx_word' id='word_1_415' title='bbox 821 4828 960 4902; x_wconf 87' lang='grc' dir='ltr'>νενίκηκας</span> 
     </span>
     <span class='ocr_line' id='line_1_51' title="bbox 124 4915 958 5001; baseline 0.011 -30"><span class='ocrx_word' id='word_1_416' title='bbox 124 4941 153 4981; x_wconf 75' lang='grc' dir='ltr'>ω</span> <span class='ocrx_word' id='word_1_417' title='bbox 179 4946 192 4972; x_wconf 89' lang='grc' dir='ltr'>ιι</span> <span class='ocrx_word' id='word_1_418' title='bbox 208 4915 309 4998; x_wconf 81' lang='grc' dir='ltr'>ἀπείριρ</span> <span class='ocrx_word' id='word_1_419' title='bbox 329 4919 361 4991; x_wconf 86' lang='grc' dir='ltr'>δή</span> <span class='ocrx_word' id='word_1_420' title='bbox 378 4942 428 4977; x_wconf 89' lang='grc' dir='ltr'>τινι</span> <span class='ocrx_word' id='word_1_421' title='bbox 440 4917 545 5000; x_wconf 80' lang='grc' dir='ltr'>μεγάθει</span> <span class='ocrx_word' id='word_1_422' title='bbox 563 4917 609 4978; x_wconf 78' lang='grc' dir='ltr'>καί</span> <span class='ocrx_word' id='word_1_423' title='bbox 625 4918 721 4992; x_wconf 87' lang='grc' dir='ltr'>πλήθει</span> <span class='ocrx_word' id='word_1_424' title='bbox 733 4919 851 5001; x_wconf 90' lang='grc' dir='ltr'>χαρίτων</span> <span class='ocrx_word' id='word_1_425' title='bbox 868 4920 915 4990; x_wconf 85' lang='grc' dir='ltr'>τὰς</span> <span class='ocrx_word' id='word_1_426' title='bbox 932 4922 958 4990; x_wconf 82' lang='grc' dir='ltr'>ἐξ</span> 
     </span>
     <span class='ocr_line' id='line_1_52' title="bbox 179 5004 960 5090; baseline 0.009 -29"><span class='ocrx_word' id='word_1_427' title='bbox 179 5034 193 5061; x_wconf 89' lang='grc' dir='ltr'>ιι</span> <span class='ocrx_word' id='word_1_428' title='bbox 207 5004 312 5066; x_wconf 70' lang='grc' dir='ltr'>ἐκείνων</span> <span class='ocrx_word' id='word_1_429' title='bbox 333 5007 496 5090; x_wconf 71' lang='grc' dir='ltr'>εὐιργισίαςς</span> <span class='ocrx_word' id='word_1_430' title='bbox 516 5006 560 5075; x_wconf 74' lang='lat' dir='ltr'>od&lt;</span> <span class='ocrx_word' id='word_1_431' title='bbox 576 5009 711 5084; x_wconf 83' lang='grc' dir='ltr'>ἀγαπητδν</span> <span class='ocrx_word' id='word_1_432' title='bbox 732 5007 893 5087; x_wconf 81' lang='grc' dir='ltr'>ήγουμίνους</span> <span class='ocrx_word' id='word_1_433' title='bbox 914 5011 960 5069; x_wconf 80' lang='grc' dir='ltr'>καί</span> 
     </span>
     <span class='ocr_line' id='line_1_53' title="bbox 180 5094 960 5176; baseline 0.012 -27"><span class='ocrx_word' id='word_1_434' title='bbox 180 5124 192 5149; x_wconf 91' lang='grc' dir='ltr'>ι</span> <span class='ocrx_word' id='word_1_435' title='bbox 207 5094 315 5154; x_wconf 89' lang='grc' dir='ltr'>πάντων</span> <span class='ocrx_word' id='word_1_436' title='bbox 330 5097 453 5176; x_wconf 86' lang='grc' dir='ltr'>μίγιστον</span> <span class='ocrx_word' id='word_1_437' title='bbox 467 5098 572 5176; x_wconf 80' lang='grc' dir='ltr'>ἀγαθῶν</span> <span class='ocrx_word' id='word_1_438' title='bbox 592 5094 638 5156; x_wconf 72' lang='lat' dir='ltr'>tis</span> <span class='ocrx_word' id='word_1_439' title='bbox 653 5094 791 5176; x_wconf 81' lang='grc' dir='ltr'>ίλιυθίρας</span> <span class='ocrx_word' id='word_1_440' title='bbox 806 5098 898 5156; x_wconf 76' lang='grc' dir='ltr'>οἰκῶσι</span> <span class='ocrx_word' id='word_1_441' title='bbox 912 5098 960 5165; x_wconf 82' lang='grc' dir='ltr'>τάς</span> 
     </span>
     <span class='ocr_line' id='line_1_54' title="bbox 180 5175 961 5265; baseline 0.004 -23"><span class='ocrx_word' id='word_1_442' title='bbox 180 5214 193 5238; x_wconf 91' lang='grc' dir='ltr'>ιι</span> <span class='ocrx_word' id='word_1_443' title='bbox 207 5184 349 5264; x_wconf 90' lang='grc' dir='ltr'>πατρίδας,</span> <span class='ocrx_word' id='word_1_444' title='bbox 365 5187 395 5245; x_wconf 88' lang='grc' dir='ltr'>οὐ</span> <span class='ocrx_word' id='word_1_445' title='bbox 410 5185 489 5263; x_wconf 90' lang='grc' dir='ltr'>μόνον</span> <span class='ocrx_word' id='word_1_446' title='bbox 512 5187 612 5246; x_wconf 86' lang='grc' dir='ltr'>ίαυτῶν</span> <span class='ocrx_word' id='word_1_447' title='bbox 627 5182 731 5265; x_wconf 89' lang='grc' dir='ltr'>κυρίους</span> <span class='ocrx_word' id='word_1_448' title='bbox 752 5175 819 5244; x_wconf 78' lang='grc' dir='ltr'>εἶναι</span> <span class='ocrx_word' id='word_1_449' title='bbox 847 5184 961 5265; x_wconf 78' lang='grc' dir='ltr'>βιύαίως</span> 
     </span>
     <span class='ocr_line' id='line_1_55' title="bbox 180 5273 959 5356; baseline 0.005 -25"><span class='ocrx_word' id='word_1_450' title='bbox 180 5302 193 5327; x_wconf 91' lang='grc' dir='ltr'>ιι</span> <span class='ocrx_word' id='word_1_451' title='bbox 207 5275 424 5356; x_wconf 88' lang='grc' dir='ltr'>παρεσκεύακας,</span> <span class='ocrx_word' id='word_1_452' title='bbox 456 5274 526 5334; x_wconf 79' lang='grc' dir='ltr'>ἀλλὰ</span> <span class='ocrx_word' id='word_1_453' title='bbox 560 5273 709 5348; x_wconf 87' lang='grc' dir='ltr'>πεποίηκας</span> <span class='ocrx_word' id='word_1_454' title='bbox 750 5273 802 5349; x_wconf 89' lang='grc' dir='ltr'>ήδη</span> <span class='ocrx_word' id='word_1_455' title='bbox 835 5285 959 5351; x_wconf 89' lang='grc' dir='ltr'>σκοπεῖν,</span> 
     </span>
    </p>
   </div>
   <div class='ocr_carea' id='block_1_7' title="bbox 997 565 1780 628">
    <p class='ocr_par' dir='ltr' id='par_1_7' title="bbox 997 565 1780 628">
     <span class='ocr_line' id='line_1_56' title="bbox 997 565 1780 628; baseline 0.009 -15"><span class='ocrx_word' id='word_1_456' title='bbox 997 587 1010 613; x_wconf 90' lang='grc' dir='ltr'>ι</span> <span class='ocrx_word' id='word_1_457' title='bbox 1029 571 1080 618; x_wconf 81' lang='lat' dir='ltr'><strong>turn</strong></span> <span class='ocrx_word' id='word_1_458' title='bbox 1092 567 1154 619; x_wconf 89' lang='lat' dir='ltr'><strong>deos</strong></span> <span class='ocrx_word' id='word_1_459' title='bbox 1171 567 1208 618; x_wconf 92' lang='lat' dir='ltr'>sic</span> <span class='ocrx_word' id='word_1_460' title='bbox 1219 581 1320 619; x_wconf 87' lang='lat' dir='ltr'><strong>omnem</strong></span> <span class='ocrx_word' id='word_1_461' title='bbox 1333 569 1443 617; x_wconf 79' lang='lat' dir='ltr'><strong>mentem</strong></span> <span class='ocrx_word' id='word_1_462' title='bbox 1461 565 1601 628; x_wconf 79' lang='lat' dir='ltr'>ademisse,</span> <span class='ocrx_word' id='word_1_463' title='bbox 1621 570 1651 618; x_wconf 88' lang='lat' dir='ltr'><strong>ut</strong></span> <span class='ocrx_word' id='word_1_464' title='bbox 1661 567 1780 620; x_wconf 73' lang='grc' dir='ltr'>δύσοιστα</span> 
     </span>
    </p>
   </div>
   <div class='ocr_carea' id='block_1_8' title="bbox 1002 654 1849 3950">
    <p class='ocr_par' dir='ltr' id='par_1_8' title="bbox 1002 654 1849 3950">
     <span class='ocr_line' id='line_1_57' title="bbox 1002 654 1779 720; baseline 0.009 -19"><span class='ocrx_word' id='word_1_465' title='bbox 1002 676 1014 701; x_wconf 89' lang='grc' dir='ltr'>ι</span> <span class='ocrx_word' id='word_1_466' title='bbox 1029 659 1056 707; x_wconf 88' lang='lat' dir='ltr'>ct</span> <span class='ocrx_word' id='word_1_467' title='bbox 1069 657 1172 707; x_wconf 89' lang='lat' dir='ltr'><strong>unicum</strong></span> <span class='ocrx_word' id='word_1_468' title='bbox 1186 656 1266 708; x_wconf 88' lang='lat' dir='ltr'><strong>titium</strong></span> <span class='ocrx_word' id='word_1_469' title='bbox 1282 656 1314 707; x_wconf 89' lang='lat' dir='ltr'><strong>ad</strong></span> <span class='ocrx_word' id='word_1_470' title='bbox 1335 656 1417 720; x_wconf 86' lang='lat' dir='ltr'><strong>turpia</strong></span> <span class='ocrx_word' id='word_1_471' title='bbox 1433 658 1459 707; x_wconf 89' lang='lat' dir='ltr'>ct</span> <span class='ocrx_word' id='word_1_472' title='bbox 1468 655 1544 720; x_wconf 87' lang='lat' dir='ltr'><strong>impia</strong></span> <span class='ocrx_word' id='word_1_473' title='bbox 1561 654 1673 707; x_wconf 77' lang='lat' dir='ltr'><strong>facinora</strong></span> <span class='ocrx_word' id='word_1_474' title='bbox 1687 658 1779 710; x_wconf 88' lang='lat' dir='ltr'><strong>adhor-</strong></span> 
     </span>
     <span class='ocr_line' id='line_1_58' title="bbox 1002 745 1779 811; baseline 0.003 -15"><span class='ocrx_word' id='word_1_475' title='bbox 1002 766 1015 790; x_wconf 91' lang='grc' dir='ltr'>ι</span> <span class='ocrx_word' id='word_1_476' title='bbox 1029 746 1077 797; x_wconf 90' lang='lat' dir='ltr'><strong>tari</strong></span> <span class='ocrx_word' id='word_1_477' title='bbox 1093 748 1162 799; x_wconf 86' lang='lat' dir='ltr'><strong>velit.</strong></span> <span class='ocrx_word' id='word_1_478' title='bbox 1175 746 1223 798; x_wconf 87' lang='lat' dir='ltr'><strong>Sed</strong></span> <span class='ocrx_word' id='word_1_479' title='bbox 1242 751 1296 798; x_wconf 87' lang='lat' dir='ltr'>ate</span> <span class='ocrx_word' id='word_1_480' title='bbox 1315 749 1387 811; x_wconf 84' lang='lat' dir='ltr'><strong>peto.</strong></span> <span class='ocrx_word' id='word_1_481' title='bbox 1406 748 1436 795; x_wconf 91' lang='lat' dir='ltr'><strong>ut</strong></span> <span class='ocrx_word' id='word_1_482' title='bbox 1458 745 1491 796; x_wconf 88' lang='lat' dir='ltr'><strong>de</strong></span> <span class='ocrx_word' id='word_1_483' title='bbox 1510 746 1637 795; x_wconf 89' lang='lat' dir='ltr'><strong>communi</strong></span> <span class='ocrx_word' id='word_1_484' title='bbox 1657 749 1779 801; x_wconf 87' lang='lat' dir='ltr'><strong>sententia</strong></span> 
     </span>
     <span class='ocr_line' id='line_1_59' title="bbox 1003 829 1830 900; baseline 0.008 -19"><span class='ocrx_word' id='word_1_485' title='bbox 1003 835 1064 885; x_wconf 71' lang='lat' dir='ltr'><strong>«ab</strong></span> <span class='ocrx_word' id='word_1_486' title='bbox 1076 836 1153 886; x_wconf 80' lang='lat' dir='ltr'><strong>aruris</strong></span> <span class='ocrx_word' id='word_1_487' title='bbox 1176 834 1294 898; x_wconf 77' lang='lat' dir='ltr'><strong>recedas,</strong></span> <span class='ocrx_word' id='word_1_488' title='bbox 1317 833 1468 885; x_wconf 88' lang='lat' dir='ltr'><strong>auctoritate</strong></span> <span class='ocrx_word' id='word_1_489' title='bbox 1480 836 1525 884; x_wconf 90' lang='lat' dir='ltr'>tua</span> <span class='ocrx_word' id='word_1_490' title='bbox 1538 834 1647 886; x_wconf 89' lang='lat' dir='ltr'><strong>inductis</strong></span> <span class='ocrx_word' id='word_1_491' title='bbox 1668 836 1777 900; x_wconf 82' lang='lat' dir='ltr'><strong>Volscis,</strong></span> <span class='ocrx_word' id='word_1_492' title='bbox 1827 829 1830 841; x_wconf 88' lang='lat'>&#39;</span> 
     </span>
     <span class='ocr_line' id='line_1_60' title="bbox 1002 921 1781 990; baseline 0.006 -19"><span class='ocrx_word' id='word_1_493' title='bbox 1002 943 1016 969; x_wconf 88' lang='grc' dir='ltr'>ιι</span> <span class='ocrx_word' id='word_1_494' title='bbox 1032 927 1060 975; x_wconf 89' lang='lat' dir='ltr'><strong>ut</strong></span> <span class='ocrx_word' id='word_1_495' title='bbox 1082 923 1114 974; x_wconf 89' lang='lat' dir='ltr'><strong>ad</strong></span> <span class='ocrx_word' id='word_1_496' title='bbox 1125 938 1211 990; x_wconf 84' lang='lat' dir='ltr'><strong>aequas</strong></span> <span class='ocrx_word' id='word_1_497' title='bbox 1224 923 1377 975; x_wconf 86' lang='lat' dir='ltr'><strong>conditiones</strong></span> <span class='ocrx_word' id='word_1_498' title='bbox 1396 921 1563 985; x_wconf 86' lang='lat' dir='ltr'><strong>descendant,</strong></span> <span class='ocrx_word' id='word_1_499' title='bbox 1581 926 1608 976; x_wconf 91' lang='lat' dir='ltr'>et</span> <span class='ocrx_word' id='word_1_500' title='bbox 1621 937 1707 990; x_wconf 85' lang='lat' dir='ltr'><strong>pacem</strong></span> <span class='ocrx_word' id='word_1_501' title='bbox 1720 927 1781 976; x_wconf 87' lang='lat' dir='ltr'><strong>utri·</strong></span> 
     </span>
     <span class='ocr_line' id='line_1_61' title="bbox 1003 1009 1783 1077; baseline 0.013 -21"><span class='ocrx_word' id='word_1_502' title='bbox 1003 1030 1016 1056; x_wconf 89' lang='grc' dir='ltr'>ι</span> <span class='ocrx_word' id='word_1_503' title='bbox 1032 1023 1083 1077; x_wconf 87' lang='lat' dir='ltr'><strong>que</strong></span> <span class='ocrx_word' id='word_1_504' title='bbox 1102 1012 1170 1076; x_wconf 84' lang='lat' dir='ltr'><strong>genti</strong></span> <span class='ocrx_word' id='word_1_505' title='bbox 1193 1012 1323 1063; x_wconf 87' lang='lat' dir='ltr'><strong>honestam</strong></span> <span class='ocrx_word' id='word_1_506' title='bbox 1341 1014 1368 1061; x_wconf 91' lang='lat' dir='ltr'>et</span> <span class='ocrx_word' id='word_1_507' title='bbox 1387 1011 1574 1062; x_wconf 84' lang='lat' dir='ltr'><strong>convenientem</strong></span> <span class='ocrx_word' id='word_1_508' title='bbox 1596 1009 1696 1063; x_wconf 73' lang='lat' dir='ltr'><strong>iuuant.</strong></span> <span class='ocrx_word' id='word_1_509' title='bbox 1729 1016 1783 1066; x_wconf 85' lang='lat' dir='ltr'><strong>Hoc</strong></span> 
     </span>
     <span class='ocr_line' id='line_1_62' title="bbox 1003 1101 1780 1167; baseline 0.003 -14"><span class='ocrx_word' id='word_1_510' title='bbox 1003 1122 1015 1147; x_wconf 87' lang='grc' dir='ltr'>ι</span> <span class='ocrx_word' id='word_1_511' title='bbox 1030 1106 1115 1153; x_wconf 87' lang='lat' dir='ltr'><strong>autem</strong></span> <span class='ocrx_word' id='word_1_512' title='bbox 1129 1102 1183 1154; x_wconf 84' lang='lat' dir='ltr'><strong>tisri</strong></span> <span class='ocrx_word' id='word_1_513' title='bbox 1199 1103 1299 1167; x_wconf 85' lang='lat' dir='ltr'><strong>poterit,</strong></span> <span class='ocrx_word' id='word_1_514' title='bbox 1316 1102 1417 1151; x_wconf 84' lang='grc' dir='ltr'>οιαιυιο</span> <span class='ocrx_word' id='word_1_515' title='bbox 1431 1102 1508 1151; x_wconf 88' lang='lat' dir='ltr'><strong>motis</strong></span> <span class='ocrx_word' id='word_1_516' title='bbox 1524 1101 1614 1152; x_wconf 79' lang='lat' dir='ltr'><strong>metris</strong></span> <span class='ocrx_word' id='word_1_517' title='bbox 1636 1104 1721 1167; x_wconf 89' lang='lat' dir='ltr'><strong>copias</strong></span> <span class='ocrx_word' id='word_1_518' title='bbox 1736 1104 1780 1155; x_wconf 89' lang='lat' dir='ltr'><strong>cd·</strong></span> 
     </span>
     <span class='ocr_line' id='line_1_63' title="bbox 1003 1189 1783 1256; baseline 0.003 -15"><span class='ocrx_word' id='word_1_519' title='bbox 1003 1210 1017 1235; x_wconf 91' lang='grc' dir='ltr'>ιι</span> <span class='ocrx_word' id='word_1_520' title='bbox 1033 1191 1152 1251; x_wconf 73' lang='grc' dir='ltr'>ἀπιστία,</span> <span class='ocrx_word' id='word_1_521' title='bbox 1171 1190 1278 1241; x_wconf 88' lang='lat' dir='ltr'><strong>induciis</strong></span> <span class='ocrx_word' id='word_1_522' title='bbox 1297 1189 1324 1240; x_wconf 89' lang='lat' dir='ltr'><strong>in</strong></span> <span class='ocrx_word' id='word_1_523' title='bbox 1335 1203 1427 1240; x_wconf 87' lang='lat' dir='ltr'><strong>annum</strong></span> <span class='ocrx_word' id='word_1_524' title='bbox 1443 1189 1524 1241; x_wconf 84' lang='lat' dir='ltr'><strong>sactis.</strong></span> <span class='ocrx_word' id='word_1_525' title='bbox 1558 1193 1655 1242; x_wconf 77' lang='lat' dir='ltr'>Interea</span> <span class='ocrx_word' id='word_1_526' title='bbox 1667 1205 1725 1243; x_wconf 85' lang='lat' dir='ltr'><strong>rere</strong></span> <span class='ocrx_word' id='word_1_527' title='bbox 1738 1206 1783 1256; x_wconf 85' lang='lat' dir='ltr'><strong>per</strong></span> 
     </span>
     <span class='ocr_line' id='line_1_64' title="bbox 1003 1277 1783 1343; baseline 0.006 -17"><span class='ocrx_word' id='word_1_528' title='bbox 1003 1298 1016 1325; x_wconf 89' lang='grc' dir='ltr'>ιι</span> <span class='ocrx_word' id='word_1_529' title='bbox 1030 1279 1141 1343; x_wconf 81' lang='lat' dir='ltr'><strong>legatos,</strong></span> <span class='ocrx_word' id='word_1_530' title='bbox 1162 1279 1229 1331; x_wconf 91' lang='lat' dir='ltr'><strong>uitro</strong></span> <span class='ocrx_word' id='word_1_531' title='bbox 1243 1278 1358 1343; x_wconf 85' lang='lat' dir='ltr'><strong>citroque</strong></span> <span class='ocrx_word' id='word_1_532' title='bbox 1368 1280 1550 1340; x_wconf 80' lang='lat' dir='ltr'><strong>commeantes,</strong></span> <span class='ocrx_word' id='word_1_533' title='bbox 1568 1277 1673 1330; x_wconf 84' lang='lat' dir='ltr'><strong>devera</strong></span> <span class='ocrx_word' id='word_1_534' title='bbox 1693 1280 1783 1331; x_wconf 87' lang='lat' dir='ltr'><strong>amici·</strong></span> 
     </span>
     <span class='ocr_line' id='line_1_65' title="bbox 1004 1364 1782 1432; baseline 0.01 -20"><span class='ocrx_word' id='word_1_535' title='bbox 1004 1387 1018 1412; x_wconf 79' lang='grc' dir='ltr'>ι</span> <span class='ocrx_word' id='word_1_536' title='bbox 1034 1367 1070 1418; x_wconf 87' lang='lat' dir='ltr'>tia</span> <span class='ocrx_word' id='word_1_537' title='bbox 1089 1366 1213 1429; x_wconf 89' lang='lat' dir='ltr'><strong>ineunda,</strong></span> <span class='ocrx_word' id='word_1_538' title='bbox 1236 1369 1262 1417; x_wconf 93' lang='lat' dir='ltr'>et</span> <span class='ocrx_word' id='word_1_539' title='bbox 1277 1366 1346 1416; x_wconf 90' lang='lat' dir='ltr'><strong>tirma</strong></span> <span class='ocrx_word' id='word_1_540' title='bbox 1367 1378 1427 1430; x_wconf 88' lang='lat' dir='ltr'><strong>pace</strong></span> <span class='ocrx_word' id='word_1_541' title='bbox 1447 1364 1561 1417; x_wconf 82' lang='lat' dir='ltr'><strong>iacienda</strong></span> <span class='ocrx_word' id='word_1_542' title='bbox 1584 1380 1657 1429; x_wconf 77' lang='lat' dir='ltr'><strong>agere</strong></span> <span class='ocrx_word' id='word_1_543' title='bbox 1680 1369 1782 1432; x_wconf 81' lang='lat' dir='ltr'><strong>poteris.</strong></span> 
     </span>
     <span class='ocr_line' id='line_1_66' title="bbox 1004 1454 1784 1523; baseline 0.009 -22"><span class='ocrx_word' id='word_1_544' title='bbox 1004 1476 1017 1501; x_wconf 86' lang='grc' dir='ltr'>ιι</span> <span class='ocrx_word' id='word_1_545' title='bbox 1031 1457 1065 1506; x_wconf 85' lang='lat' dir='ltr'><strong>Et</strong></span> <span class='ocrx_word' id='word_1_546' title='bbox 1075 1458 1145 1506; x_wconf 87' lang='lat' dir='ltr'><strong>certo</strong></span> <span class='ocrx_word' id='word_1_547' title='bbox 1162 1455 1226 1505; x_wconf 90' lang='lat' dir='ltr'><strong>iliud</strong></span> <span class='ocrx_word' id='word_1_548' title='bbox 1240 1454 1319 1506; x_wconf 85' lang='lat' dir='ltr'><strong>scias:</strong></span> <span class='ocrx_word' id='word_1_549' title='bbox 1331 1455 1451 1519; x_wconf 89' lang='lat' dir='ltr'><strong>populum</strong></span> <span class='ocrx_word' id='word_1_550' title='bbox 1465 1458 1610 1513; x_wconf 81' lang='lat' dir='ltr'><strong>Romanum,</strong></span> <span class='ocrx_word' id='word_1_551' title='bbox 1626 1469 1784 1523; x_wconf 82' lang='lat' dir='ltr'><strong>quaecunque</strong></span> 
     </span>
     <span class='ocr_line' id='line_1_67' title="bbox 1005 1541 1782 1609; baseline 0.01 -21"><span class='ocrx_word' id='word_1_552' title='bbox 1005 1564 1017 1588; x_wconf 87' lang='grc' dir='ltr'>ι</span> <span class='ocrx_word' id='word_1_553' title='bbox 1031 1544 1085 1594; x_wconf 88' lang='lat' dir='ltr'><strong>tieri</strong></span> <span class='ocrx_word' id='word_1_554' title='bbox 1100 1546 1205 1609; x_wconf 82' lang='lat' dir='ltr'><strong>possunt</strong></span> <span class='ocrx_word' id='word_1_555' title='bbox 1225 1556 1306 1608; x_wconf 88' lang='lat' dir='ltr'><strong>neque</strong></span> <span class='ocrx_word' id='word_1_556' title='bbox 1327 1557 1385 1593; x_wconf 88' lang='lat' dir='ltr'><strong>curu</strong></span> <span class='ocrx_word' id='word_1_557' title='bbox 1408 1543 1540 1607; x_wconf 78' lang='lat' dir='ltr'><strong>ignominia</strong></span> <span class='ocrx_word' id='word_1_558' title='bbox 1561 1541 1782 1605; x_wconf 81' lang='lat' dir='ltr'><strong>coniunctorum,</strong></span> 
     </span>
     <span class='ocr_line' id='line_1_68' title="bbox 1005 1631 1784 1696; baseline 0.001 -13"><span class='ocrx_word' id='word_1_559' title='bbox 1005 1652 1017 1676; x_wconf 90' lang='grc' dir='ltr'>ι</span> <span class='ocrx_word' id='word_1_560' title='bbox 1033 1633 1117 1683; x_wconf 89' lang='lat' dir='ltr'><strong>omnia</strong></span> <span class='ocrx_word' id='word_1_561' title='bbox 1133 1632 1217 1684; x_wconf 85' lang='lat' dir='ltr'><strong>verbis</strong></span> <span class='ocrx_word' id='word_1_562' title='bbox 1238 1635 1264 1683; x_wconf 92' lang='lat' dir='ltr'>et</span> <span class='ocrx_word' id='word_1_563' title='bbox 1275 1631 1390 1696; x_wconf 88' lang='lat' dir='ltr'><strong>precibus</strong></span> <span class='ocrx_word' id='word_1_564' title='bbox 1407 1631 1564 1694; x_wconf 89' lang='lat' dir='ltr'><strong>adductum,</strong></span> <span class='ocrx_word' id='word_1_565' title='bbox 1578 1631 1719 1695; x_wconf 86' lang='lat' dir='ltr'><strong>iacturum,</strong></span> <span class='ocrx_word' id='word_1_566' title='bbox 1740 1634 1784 1684; x_wconf 91' lang='lat' dir='ltr'>sed</span> 
     </span>
     <span class='ocr_line' id='line_1_69' title="bbox 1006 1720 1785 1784; baseline 0 -13"><span class='ocrx_word' id='word_1_567' title='bbox 1006 1740 1018 1764; x_wconf 90' lang='grc' dir='ltr'>ι</span> <span class='ocrx_word' id='word_1_568' title='bbox 1035 1724 1160 1783; x_wconf 88' lang='lat' dir='ltr'><strong>coactum,</strong></span> <span class='ocrx_word' id='word_1_569' title='bbox 1180 1724 1210 1771; x_wconf 91' lang='lat' dir='ltr'><strong>ut</strong></span> <span class='ocrx_word' id='word_1_570' title='bbox 1231 1724 1261 1772; x_wconf 88' lang='lat' dir='ltr'><strong>tu</strong></span> <span class='ocrx_word' id='word_1_571' title='bbox 1279 1733 1345 1772; x_wconf 89' lang='lat' dir='ltr'><strong>nunc</strong></span> <span class='ocrx_word' id='word_1_572' title='bbox 1357 1720 1410 1779; x_wconf 82' lang='lat' dir='ltr'><strong>vis.</strong></span> <span class='ocrx_word' id='word_1_573' title='bbox 1429 1721 1491 1771; x_wconf 88' lang='lat' dir='ltr'><strong>nihii</strong></span> <span class='ocrx_word' id='word_1_574' title='bbox 1513 1733 1624 1784; x_wconf 90' lang='lat' dir='ltr'><strong>unquam</strong></span> <span class='ocrx_word' id='word_1_575' title='bbox 1645 1720 1717 1779; x_wconf 81' lang='lat' dir='ltr'><strong>robis</strong></span> <span class='ocrx_word' id='word_1_576' title='bbox 1740 1726 1785 1771; x_wconf 90' lang='lat' dir='ltr'>aut</span> 
     </span>
     <span class='ocr_line' id='line_1_70' title="bbox 1004 1809 1849 1875; baseline 0.002 -15"><span class='ocrx_word' id='word_1_577' title='bbox 1004 1830 1017 1854; x_wconf 89' lang='grc' dir='ltr'>ι</span> <span class='ocrx_word' id='word_1_578' title='bbox 1034 1809 1128 1869; x_wconf 68' lang='lat' dir='ltr'><strong>mnus,</strong></span> <span class='ocrx_word' id='word_1_579' title='bbox 1142 1813 1188 1860; x_wconf 90' lang='lat' dir='ltr'>aut</span> <span class='ocrx_word' id='word_1_580' title='bbox 1205 1809 1289 1860; x_wconf 90' lang='lat' dir='ltr'><strong>minus</strong></span> <span class='ocrx_word' id='word_1_581' title='bbox 1305 1810 1471 1875; x_wconf 65' lang='lat' dir='ltr'><strong>largiturum</strong></span> <span class='ocrx_word' id='word_1_582' title='bbox 1492 1809 1560 1874; x_wconf 88' lang='lat' dir='ltr'><strong>quod</strong></span> <span class='ocrx_word' id='word_1_583' title='bbox 1580 1821 1638 1859; x_wconf 89' lang='lat' dir='ltr'><strong>cum</strong></span> <span class='ocrx_word' id='word_1_584' title='bbox 1655 1822 1684 1859; x_wconf 83' lang='lat' dir='ltr'><strong>ex</strong></span> <span class='ocrx_word' id='word_1_585' title='bbox 1697 1811 1785 1861; x_wconf 89' lang='lat' dir='ltr'><strong>multis</strong></span> <span class='ocrx_word' id='word_1_586' title='bbox 1844 1826 1849 1839; x_wconf 54' lang='grc' dir='ltr'>ι</span> 
     </span>
     <span class='ocr_line' id='line_1_71' title="bbox 1006 1898 1783 1963; baseline 0.001 -14"><span class='ocrx_word' id='word_1_587' title='bbox 1006 1917 1019 1942; x_wconf 92' lang='grc' dir='ltr'>ιι</span> <span class='ocrx_word' id='word_1_588' title='bbox 1033 1898 1090 1949; x_wconf 87' lang='lat' dir='ltr'><strong>aliis</strong></span> <span class='ocrx_word' id='word_1_589' title='bbox 1100 1901 1173 1963; x_wconf 91' lang='lat' dir='ltr'><strong>potes</strong></span> <span class='ocrx_word' id='word_1_590' title='bbox 1183 1912 1339 1963; x_wconf 80' lang='lat' dir='ltr'><strong>cognoscere,</strong></span> <span class='ocrx_word' id='word_1_591' title='bbox 1354 1901 1408 1949; x_wconf 89' lang='lat' dir='ltr'><strong>tum</strong></span> <span class='ocrx_word' id='word_1_592' title='bbox 1418 1911 1450 1949; x_wconf 79' lang='lat' dir='ltr'><strong>er</strong></span> <span class='ocrx_word' id='word_1_593' title='bbox 1468 1898 1508 1957; x_wconf 90' lang='lat' dir='ltr'><strong>iis,</strong></span> <span class='ocrx_word' id='word_1_594' title='bbox 1521 1898 1723 1962; x_wconf 75' lang='lat' dir='ltr'><strong>coenosissimo</strong></span> <span class='ocrx_word' id='word_1_595' title='bbox 1734 1901 1783 1950; x_wconf 85' lang='lat' dir='ltr'><strong>La·</strong></span> 
     </span>
     <span class='ocr_line' id='line_1_72' title="bbox 1006 1985 1786 2048; baseline 0.005 -12"><span class='ocrx_word' id='word_1_596' title='bbox 1006 1986 1248 2048; x_wconf 70' lang='lat' dir='ltr'><strong>«tuscanensis,</strong></span> <span class='ocrx_word' id='word_1_597' title='bbox 1271 2001 1329 2038; x_wconf 90' lang='lat' dir='ltr'><strong>cum</strong></span> <span class='ocrx_word' id='word_1_598' title='bbox 1350 1987 1383 2038; x_wconf 86' lang='lat' dir='ltr'><strong>ab</strong></span> <span class='ocrx_word' id='word_1_599' title='bbox 1399 1985 1476 2037; x_wconf 79' lang='lat' dir='ltr'><strong>aruris</strong></span> <span class='ocrx_word' id='word_1_600' title='bbox 1496 1986 1663 2038; x_wconf 65' lang='lat' dir='ltr'>recessissent</span> <span class='ocrx_word' id='word_1_601' title='bbox 1702 1988 1786 2040; x_wconf 84' lang='lat' dir='ltr'><strong>volsci</strong></span> 
     </span>
     <span class='ocr_line' id='line_1_73' title="bbox 1006 2074 1787 2142; baseline 0.008 -20"><span class='ocrx_word' id='word_1_602' title='bbox 1006 2094 1019 2119; x_wconf 90' lang='grc' dir='ltr'>ι</span> <span class='ocrx_word' id='word_1_603' title='bbox 1036 2088 1096 2126; x_wconf 84' lang='lat' dir='ltr'><strong>vero</strong></span> <span class='ocrx_word' id='word_1_604' title='bbox 1111 2089 1178 2126; x_wconf 90' lang='lat' dir='ltr'><strong>nunc</strong></span> <span class='ocrx_word' id='word_1_605' title='bbox 1190 2075 1293 2142; x_wconf 87' lang='lat' dir='ltr'><strong>quidem</strong></span> <span class='ocrx_word' id='word_1_606' title='bbox 1310 2075 1385 2127; x_wconf 83' lang='lat' dir='ltr'><strong>valde</strong></span> <span class='ocrx_word' id='word_1_607' title='bbox 1404 2074 1554 2137; x_wconf 88' lang='lat' dir='ltr'><strong>insolentes,</strong></span> <span class='ocrx_word' id='word_1_608' title='bbox 1576 2079 1606 2126; x_wconf 91' lang='lat' dir='ltr'><strong>ut</strong></span> <span class='ocrx_word' id='word_1_609' title='bbox 1624 2077 1656 2127; x_wconf 91' lang='lat' dir='ltr'>iis</span> <span class='ocrx_word' id='word_1_610' title='bbox 1668 2077 1731 2128; x_wconf 89' lang='lat' dir='ltr'><strong>solet</strong></span> <span class='ocrx_word' id='word_1_611' title='bbox 1741 2091 1787 2129; x_wconf 89' lang='lat' dir='ltr'>ac-</span> 
     </span>
     <span class='ocr_line' id='line_1_74' title="bbox 1007 2162 1787 2231; baseline 0.008 -21"><span class='ocrx_word' id='word_1_612' title='bbox 1007 2182 1020 2208; x_wconf 92' lang='grc' dir='ltr'>ιι</span> <span class='ocrx_word' id='word_1_613' title='bbox 1032 2162 1130 2225; x_wconf 88' lang='lat' dir='ltr'><strong>cidere,</strong></span> <span class='ocrx_word' id='word_1_614' title='bbox 1147 2165 1192 2229; x_wconf 87' lang='lat' dir='ltr'>qai</span> <span class='ocrx_word' id='word_1_615' title='bbox 1204 2163 1280 2214; x_wconf 87' lang='lat' dir='ltr'><strong>nimia</strong></span> <span class='ocrx_word' id='word_1_616' title='bbox 1294 2163 1414 2216; x_wconf 86' lang='lat' dir='ltr'><strong>ieiicitate</strong></span> <span class='ocrx_word' id='word_1_617' title='bbox 1426 2167 1540 2223; x_wconf 87' lang='lat' dir='ltr'><strong>utuntur,</strong></span> <span class='ocrx_word' id='word_1_618' title='bbox 1563 2166 1584 2215; x_wconf 88' lang='lat' dir='ltr'>si</span> <span class='ocrx_word' id='word_1_619' title='bbox 1597 2163 1703 2225; x_wconf 84' lang='lat' dir='ltr'><strong>doceas,</strong></span> <span class='ocrx_word' id='word_1_620' title='bbox 1722 2180 1787 2231; x_wconf 87' lang='lat' dir='ltr'><strong>qua·</strong></span> 
     </span>
     <span class='ocr_line' id='line_1_75' title="bbox 1006 2251 1787 2318; baseline 0.004 -16"><span class='ocrx_word' id='word_1_621' title='bbox 1006 2270 1019 2295; x_wconf 92' lang='grc' dir='ltr'>ιι</span> <span class='ocrx_word' id='word_1_622' title='bbox 1032 2251 1182 2318; x_wconf 86' lang='lat' dir='ltr'><strong>lemcunque</strong></span> <span class='ocrx_word' id='word_1_623' title='bbox 1204 2266 1292 2317; x_wconf 89' lang='lat' dir='ltr'><strong>pacem</strong></span> <span class='ocrx_word' id='word_1_624' title='bbox 1316 2252 1407 2318; x_wconf 84' lang='lat' dir='ltr'><strong>quovis</strong></span> <span class='ocrx_word' id='word_1_625' title='bbox 1436 2252 1502 2304; x_wconf 87' lang='lat' dir='ltr'><strong>helio</strong></span> <span class='ocrx_word' id='word_1_626' title='bbox 1519 2252 1643 2317; x_wconf 85' lang='lat' dir='ltr'><strong>potiorem</strong></span> <span class='ocrx_word' id='word_1_627' title='bbox 1663 2268 1733 2316; x_wconf 87' lang='lat' dir='ltr'><strong>esse,</strong></span> <span class='ocrx_word' id='word_1_628' title='bbox 1761 2259 1787 2307; x_wconf 87' lang='lat' dir='ltr'>et</span> 
     </span>
     <span class='ocr_line' id='line_1_76' title="bbox 1006 2339 1786 2405; baseline 0.004 -15"><span class='ocrx_word' id='word_1_629' title='bbox 1006 2359 1018 2383; x_wconf 88' lang='grc' dir='ltr'>ι</span> <span class='ocrx_word' id='word_1_630' title='bbox 1032 2341 1170 2392; x_wconf 89' lang='lat' dir='ltr'><strong>amicorum</strong></span> <span class='ocrx_word' id='word_1_631' title='bbox 1187 2339 1426 2399; x_wconf 81' lang='lat' dir='ltr'><strong>reconciliationem.</strong></span> <span class='ocrx_word' id='word_1_632' title='bbox 1440 2340 1463 2391; x_wconf 90' lang='lat' dir='ltr'>si</span> <span class='ocrx_word' id='word_1_633' title='bbox 1480 2343 1568 2405; x_wconf 78' lang='lat' dir='ltr'><strong>sponte</strong></span> <span class='ocrx_word' id='word_1_634' title='bbox 1582 2340 1634 2402; x_wconf 81' lang='lat' dir='ltr'><strong>irat,</strong></span> <span class='ocrx_word' id='word_1_635' title='bbox 1647 2355 1677 2393; x_wconf 89' lang='lat' dir='ltr'>ca</span> <span class='ocrx_word' id='word_1_636' title='bbox 1689 2341 1786 2393; x_wconf 84' lang='lat' dir='ltr'><strong>tirmio-</strong></span> 
     </span>
     <span class='ocr_line' id='line_1_77' title="bbox 1006 2431 1787 2497; baseline 0.003 -16"><span class='ocrx_word' id='word_1_637' title='bbox 1006 2450 1020 2474; x_wconf 89' lang='grc' dir='ltr'>ιι</span> <span class='ocrx_word' id='word_1_638' title='bbox 1034 2444 1088 2483; x_wconf 90' lang='lat' dir='ltr'><strong>rem</strong></span> <span class='ocrx_word' id='word_1_639' title='bbox 1106 2445 1170 2492; x_wconf 87' lang='lat' dir='ltr'><strong>esse,</strong></span> <span class='ocrx_word' id='word_1_640' title='bbox 1185 2444 1243 2496; x_wconf 77' lang='lat' dir='ltr'><strong>qua</strong></span> <span class='ocrx_word' id='word_1_641' title='bbox 1254 2431 1400 2482; x_wconf 77' lang='lat' dir='ltr'><strong>necessitate</strong></span> <span class='ocrx_word' id='word_1_642' title='bbox 1411 2434 1604 2497; x_wconf 87' lang='lat' dir='ltr'><strong>extorqueatur,</strong></span> <span class='ocrx_word' id='word_1_643' title='bbox 1628 2434 1654 2484; x_wconf 87' lang='lat' dir='ltr'>et</span> <span class='ocrx_word' id='word_1_644' title='bbox 1675 2433 1787 2484; x_wconf 80' lang='lat' dir='ltr'><strong>virorrrm</strong></span> 
     </span>
     <span class='ocr_line' id='line_1_78' title="bbox 1007 2517 1787 2583; baseline 0.008 -18"><span class='ocrx_word' id='word_1_645' title='bbox 1007 2531 1090 2569; x_wconf 78' lang='lat' dir='ltr'><strong>«esse</strong></span> <span class='ocrx_word' id='word_1_646' title='bbox 1107 2517 1268 2583; x_wconf 88' lang='lat' dir='ltr'><strong>prudentium</strong></span> <span class='ocrx_word' id='word_1_647' title='bbox 1287 2531 1346 2568; x_wconf 91' lang='lat' dir='ltr'><strong>cum</strong></span> <span class='ocrx_word' id='word_1_648' title='bbox 1369 2530 1410 2568; x_wconf 90' lang='lat' dir='ltr'>res</span> <span class='ocrx_word' id='word_1_649' title='bbox 1433 2517 1493 2581; x_wconf 89' lang='lat' dir='ltr'><strong>ipsis</strong></span> <span class='ocrx_word' id='word_1_650' title='bbox 1514 2530 1631 2583; x_wconf 88' lang='lat' dir='ltr'><strong>pmspere</strong></span> <span class='ocrx_word' id='word_1_651' title='bbox 1654 2519 1787 2571; x_wconf 82' lang='lat' dir='ltr'><strong>succedere</strong></span> 
     </span>
     <span class='ocr_line' id='line_1_79' title="bbox 1007 2604 1788 2666; baseline 0.005 -14"><span class='ocrx_word' id='word_1_652' title='bbox 1007 2626 1020 2651; x_wconf 86' lang='grc' dir='ltr'>ι</span> <span class='ocrx_word' id='word_1_653' title='bbox 1033 2605 1160 2665; x_wconf 83' lang='lat' dir='ltr'><strong>ridentur,</strong></span> <span class='ocrx_word' id='word_1_654' title='bbox 1174 2607 1273 2657; x_wconf 84' lang='lat' dir='ltr'><strong>tortum</strong></span> <span class='ocrx_word' id='word_1_655' title='bbox 1285 2605 1413 2657; x_wconf 89' lang='lat' dir='ltr'><strong>moderate</strong></span> <span class='ocrx_word' id='word_1_656' title='bbox 1429 2604 1477 2666; x_wconf 91' lang='lat' dir='ltr'><strong>uti,</strong></span> <span class='ocrx_word' id='word_1_657' title='bbox 1497 2605 1524 2656; x_wconf 90' lang='lat' dir='ltr'><strong>in</strong></span> <span class='ocrx_word' id='word_1_658' title='bbox 1535 2605 1612 2657; x_wconf 84' lang='lat' dir='ltr'><strong>rebus</strong></span> <span class='ocrx_word' id='word_1_659' title='bbox 1626 2619 1686 2657; x_wconf 87' lang='lat' dir='ltr'><strong>rero</strong></span> <span class='ocrx_word' id='word_1_660' title='bbox 1701 2607 1788 2657; x_wconf 86' lang='lat' dir='ltr'><strong>adver·</strong></span> 
     </span>
     <span class='ocr_line' id='line_1_80' title="bbox 1008 2693 1786 2747; baseline 0.005 -4"><span class='ocrx_word' id='word_1_661' title='bbox 1008 2694 1070 2744; x_wconf 83' lang='lat' dir='ltr'><strong>osis</strong></span> <span class='ocrx_word' id='word_1_662' title='bbox 1083 2698 1110 2745; x_wconf 90' lang='lat' dir='ltr'>et</span> <span class='ocrx_word' id='word_1_663' title='bbox 1125 2693 1225 2746; x_wconf 84' lang='lat' dir='ltr'><strong>afflictis</strong></span> <span class='ocrx_word' id='word_1_664' title='bbox 1240 2693 1274 2745; x_wconf 86' lang='lat' dir='ltr'><strong>ad</strong></span> <span class='ocrx_word' id='word_1_665' title='bbox 1292 2693 1391 2745; x_wconf 88' lang='lat' dir='ltr'><strong>nullum</strong></span> <span class='ocrx_word' id='word_1_666' title='bbox 1411 2693 1573 2745; x_wconf 85' lang='lat' dir='ltr'><strong>inhonestum</strong></span> <span class='ocrx_word' id='word_1_667' title='bbox 1596 2693 1692 2745; x_wconf 89' lang='lat' dir='ltr'><strong>tacinus</strong></span> <span class='ocrx_word' id='word_1_668' title='bbox 1706 2708 1733 2746; x_wconf 87' lang='lat' dir='ltr'>se</span> <span class='ocrx_word' id='word_1_669' title='bbox 1747 2695 1786 2747; x_wconf 92' lang='lat' dir='ltr'><strong>di·</strong></span> 
     </span>
     <span class='ocr_line' id='line_1_81' title="bbox 1008 2781 1788 2848; baseline 0.008 -20"><span class='ocrx_word' id='word_1_670' title='bbox 1008 2802 1021 2828; x_wconf 88' lang='grc' dir='ltr'>ι</span> <span class='ocrx_word' id='word_1_671' title='bbox 1036 2783 1136 2835; x_wconf 88' lang='lat' dir='ltr'><strong>mittere</strong></span> <span class='ocrx_word' id='word_1_672' title='bbox 1149 2799 1155 2829; x_wconf 80' lang='lat' dir='ltr'><strong>r</strong></span> <span class='ocrx_word' id='word_1_673' title='bbox 1171 2782 1309 2848; x_wconf 89' lang='lat' dir='ltr'><strong>sideniquc</strong></span> <span class='ocrx_word' id='word_1_674' title='bbox 1321 2781 1447 2833; x_wconf 85' lang='lat' dir='ltr'><strong>addideris</strong></span> <span class='ocrx_word' id='word_1_675' title='bbox 1463 2786 1546 2834; x_wconf 84' lang='lat' dir='ltr'><strong>cetera</strong></span> <span class='ocrx_word' id='word_1_676' title='bbox 1555 2785 1718 2846; x_wconf 71' lang='lat' dir='ltr'><strong>argumenta,</strong></span> <span class='ocrx_word' id='word_1_677' title='bbox 1730 2797 1788 2848; x_wconf 78' lang='lat' dir='ltr'><strong>quae</strong></span> 
     </span>
     <span class='ocr_line' id='line_1_82' title="bbox 1008 2871 1787 2937; baseline 0 -14"><span class='ocrx_word' id='word_1_678' title='bbox 1008 2890 1021 2917; x_wconf 91' lang='grc' dir='ltr'>ι</span> <span class='ocrx_word' id='word_1_679' title='bbox 1034 2872 1067 2923; x_wconf 91' lang='lat' dir='ltr'><strong>ad</strong></span> <span class='ocrx_word' id='word_1_680' title='bbox 1081 2872 1194 2923; x_wconf 87' lang='lat' dir='ltr'><strong>homines</strong></span> <span class='ocrx_word' id='word_1_681' title='bbox 1204 2871 1236 2922; x_wconf 90' lang='lat' dir='ltr'><strong>ad</strong></span> <span class='ocrx_word' id='word_1_682' title='bbox 1250 2871 1467 2923; x_wconf 90' lang='lat' dir='ltr'><strong>mansuetudinem</strong></span> <span class='ocrx_word' id='word_1_683' title='bbox 1482 2874 1508 2923; x_wconf 87' lang='lat' dir='ltr'>et</span> <span class='ocrx_word' id='word_1_684' title='bbox 1520 2872 1666 2937; x_wconf 74' lang='lat' dir='ltr'><strong>aequitatem</strong></span> <span class='ocrx_word' id='word_1_685' title='bbox 1679 2872 1787 2923; x_wconf 82' lang='lat' dir='ltr'><strong>allicien-</strong></span> 
     </span>
     <span class='ocr_line' id='line_1_83' title="bbox 1008 2954 1791 3021; baseline 0.004 -15"><span class='ocrx_word' id='word_1_686' title='bbox 1008 2974 1021 2999; x_wconf 90' lang='grc' dir='ltr'>ιι</span> <span class='ocrx_word' id='word_1_687' title='bbox 1035 2954 1081 3006; x_wconf 89' lang='lat' dir='ltr'><strong>dos</strong></span> <span class='ocrx_word' id='word_1_688' title='bbox 1092 2955 1118 3006; x_wconf 88' lang='lat' dir='ltr'><strong>in</strong></span> <span class='ocrx_word' id='word_1_689' title='bbox 1127 2954 1281 3007; x_wconf 87' lang='lat' dir='ltr'><strong>orationibus</strong></span> <span class='ocrx_word' id='word_1_690' title='bbox 1290 2969 1398 3021; x_wconf 88' lang='lat' dir='ltr'><strong>quarum</strong></span> <span class='ocrx_word' id='word_1_691' title='bbox 1405 2969 1452 3006; x_wconf 83' lang='lat' dir='ltr'><strong>ros</strong></span> <span class='ocrx_word' id='word_1_692' title='bbox 1460 2956 1506 3021; x_wconf 86' lang='lat' dir='ltr'><strong>qui</strong></span> <span class='ocrx_word' id='word_1_693' title='bbox 1513 2955 1668 3020; x_wconf 83' lang='lat' dir='ltr'><strong>respublicas</strong></span> <span class='ocrx_word' id='word_1_694' title='bbox 1677 2958 1791 3010; x_wconf 86' lang='lat' dir='ltr'><strong>tractatis</strong></span> 
     </span>
     <span class='ocr_line' id='line_1_84' title="bbox 1009 3043 1788 3110; baseline 0.009 -21"><span class='ocrx_word' id='word_1_695' title='bbox 1009 3043 1182 3109; x_wconf 67' lang='lat' dir='ltr'><strong>«peritissimi</strong></span> <span class='ocrx_word' id='word_1_696' title='bbox 1195 3044 1267 3105; x_wconf 88' lang='lat' dir='ltr'><strong>estis,</strong></span> <span class='ocrx_word' id='word_1_697' title='bbox 1289 3044 1373 3097; x_wconf 91' lang='lat' dir='ltr'><strong>doceri</strong></span> <span class='ocrx_word' id='word_1_698' title='bbox 1386 3045 1488 3109; x_wconf 88' lang='lat' dir='ltr'><strong>solent,</strong></span> <span class='ocrx_word' id='word_1_699' title='bbox 1508 3047 1603 3110; x_wconf 87' lang='lat' dir='ltr'><strong>sponte,</strong></span> <span class='ocrx_word' id='word_1_700' title='bbox 1622 3047 1691 3096; x_wconf 87' lang='lat' dir='ltr'><strong>certo</strong></span> <span class='ocrx_word' id='word_1_701' title='bbox 1711 3046 1788 3107; x_wconf 85' lang='lat' dir='ltr'><strong>scias,</strong></span> 
     </span>
     <span class='ocr_line' id='line_1_85' title="bbox 1009 3125 1791 3193; baseline 0.013 -22"><span class='ocrx_word' id='word_1_702' title='bbox 1009 3146 1022 3171; x_wconf 90' lang='grc' dir='ltr'>ιι</span> <span class='ocrx_word' id='word_1_703' title='bbox 1037 3125 1069 3176; x_wconf 91' lang='lat' dir='ltr'><strong>dc</strong></span> <span class='ocrx_word' id='word_1_704' title='bbox 1083 3126 1199 3190; x_wconf 87' lang='lat' dir='ltr'><strong>superbia</strong></span> <span class='ocrx_word' id='word_1_705' title='bbox 1218 3126 1262 3178; x_wconf 86' lang='lat' dir='ltr'><strong>ills</strong></span> <span class='ocrx_word' id='word_1_706' title='bbox 1280 3128 1422 3190; x_wconf 85' lang='lat' dir='ltr'><strong>remittent,</strong></span> <span class='ocrx_word' id='word_1_707' title='bbox 1438 3142 1490 3193; x_wconf 85' lang='lat' dir='ltr'><strong>qua</strong></span> <span class='ocrx_word' id='word_1_708' title='bbox 1504 3141 1571 3179; x_wconf 91' lang='lat' dir='ltr'><strong>nunc</strong></span> <span class='ocrx_word' id='word_1_709' title='bbox 1592 3126 1742 3189; x_wconf 73' lang='lat' dir='ltr'><strong>efferuntur,</strong></span> <span class='ocrx_word' id='word_1_710' title='bbox 1766 3134 1791 3181; x_wconf 92' lang='lat' dir='ltr'>et</span> 
     </span>
     <span class='ocr_line' id='line_1_86' title="bbox 1010 3209 1790 3279; baseline 0.012 -23"><span class='ocrx_word' id='word_1_711' title='bbox 1010 3209 1081 3261; x_wconf 69' lang='lat' dir='ltr'><strong>«tibi</strong></span> <span class='ocrx_word' id='word_1_712' title='bbox 1098 3214 1248 3275; x_wconf 83' lang='lat' dir='ltr'><strong>potestatem</strong></span> <span class='ocrx_word' id='word_1_713' title='bbox 1259 3210 1357 3263; x_wconf 85' lang='lat' dir='ltr'><strong>dabunt</strong></span> <span class='ocrx_word' id='word_1_714' title='bbox 1373 3212 1479 3264; x_wconf 74' lang='lat' dir='ltr'><strong>radendi</strong></span> <span class='ocrx_word' id='word_1_715' title='bbox 1493 3212 1616 3264; x_wconf 82' lang='lat' dir='ltr'><strong>arbitratu</strong></span> <span class='ocrx_word' id='word_1_716' title='bbox 1633 3217 1692 3278; x_wconf 89' lang='lat' dir='ltr'><strong>tuo,</strong></span> <span class='ocrx_word' id='word_1_717' title='bbox 1712 3213 1790 3279; x_wconf 88' lang='lat' dir='ltr'><strong>quid-</strong></span> 
     </span>
     <span class='ocr_line' id='line_1_87' title="bbox 1010 3292 1793 3359; baseline 0.011 -20"><span class='ocrx_word' id='word_1_718' title='bbox 1010 3314 1023 3339; x_wconf 87' lang='grc' dir='ltr'>ι</span> <span class='ocrx_word' id='word_1_719' title='bbox 1037 3292 1100 3359; x_wconf 89' lang='lat' dir='ltr'><strong>quid</strong></span> <span class='ocrx_word' id='word_1_720' title='bbox 1115 3307 1165 3345; x_wconf 87' lang='lat' dir='ltr'>ere</span> <span class='ocrx_word' id='word_1_721' title='bbox 1177 3293 1289 3359; x_wconf 88' lang='lat' dir='ltr'><strong>ipsorum</strong></span> <span class='ocrx_word' id='word_1_722' title='bbox 1303 3296 1357 3346; x_wconf 85' lang='lat' dir='ltr'><strong>iore</strong></span> <span class='ocrx_word' id='word_1_723' title='bbox 1369 3296 1498 3347; x_wconf 88' lang='lat' dir='ltr'><strong>iudicaris.</strong></span> <span class='ocrx_word' id='word_1_724' title='bbox 1531 3296 1605 3356; x_wconf 84' lang='lat' dir='ltr'><strong>Quod</strong></span> <span class='ocrx_word' id='word_1_725' title='bbox 1619 3298 1640 3348; x_wconf 90' lang='lat' dir='ltr'>si</span> <span class='ocrx_word' id='word_1_726' title='bbox 1649 3298 1695 3350; x_wconf 88' lang='lat' dir='ltr'><strong>tibi</strong></span> <span class='ocrx_word' id='word_1_727' title='bbox 1706 3298 1793 3350; x_wconf 82' lang='lat' dir='ltr'><strong>adver-</strong></span> 
     </span>
     <span class='ocr_line' id='line_1_88' title="bbox 1010 3377 1792 3441; baseline 0.004 -13"><span class='ocrx_word' id='word_1_728' title='bbox 1010 3396 1023 3421; x_wconf 94' lang='grc' dir='ltr'>ιι</span> <span class='ocrx_word' id='word_1_729' title='bbox 1036 3380 1133 3441; x_wconf 88' lang='lat' dir='ltr'><strong>sentur,</strong></span> <span class='ocrx_word' id='word_1_730' title='bbox 1147 3389 1193 3427; x_wconf 90' lang='lat' dir='ltr'>nec</span> <span class='ocrx_word' id='word_1_731' title='bbox 1213 3380 1283 3427; x_wconf 86' lang='lat' dir='ltr'><strong>tuam</strong></span> <span class='ocrx_word' id='word_1_732' title='bbox 1303 3377 1441 3428; x_wconf 87' lang='lat' dir='ltr'><strong>orationem</strong></span> <span class='ocrx_word' id='word_1_733' title='bbox 1459 3377 1613 3438; x_wconf 84' lang='lat' dir='ltr'><strong>admittant.</strong></span> <span class='ocrx_word' id='word_1_734' title='bbox 1637 3379 1697 3432; x_wconf 86' lang='lat' dir='ltr'><strong>elati</strong></span> <span class='ocrx_word' id='word_1_735' title='bbox 1718 3381 1792 3433; x_wconf 90' lang='lat' dir='ltr'><strong>rebus</strong></span> 
     </span>
     <span class='ocr_line' id='line_1_89' title="bbox 1011 3442 1792 3529; baseline 0.01 -21"><span class='ocrx_word' id='word_1_736' title='bbox 1011 3477 1024 3502; x_wconf 91' lang='grc' dir='ltr'>ιι</span> <span class='ocrx_word' id='word_1_737' title='bbox 1036 3462 1080 3509; x_wconf 89' lang='grc' dir='ltr'>ιυο</span> <span class='ocrx_word' id='word_1_738' title='bbox 1090 3458 1169 3510; x_wconf 89' lang='lat' dir='ltr'><strong>ductu</strong></span> <span class='ocrx_word' id='word_1_739' title='bbox 1185 3460 1354 3526; x_wconf 80' lang='lat' dir='ltr'><strong>auspiciisque</strong></span> <span class='ocrx_word' id='word_1_740' title='bbox 1366 3460 1474 3513; x_wconf 82' lang='lat' dir='ltr'><strong>feliciter</strong></span> <span class='ocrx_word' id='word_1_741' title='bbox 1486 3462 1561 3526; x_wconf 77' lang='lat' dir='ltr'><strong>gestis</strong></span> <span class='ocrx_word' id='word_1_742' title='bbox 1570 3442 1661 3527; x_wconf 51' lang='lat' dir='ltr'><strong>squam</strong></span> <span class='ocrx_word' id='word_1_743' title='bbox 1672 3468 1792 3529; x_wconf 88' lang='lat' dir='ltr'><strong>perpetuo</strong></span> 
     </span>
     <span class='ocr_line' id='line_1_90' title="bbox 1010 3541 1792 3614; baseline 0.012 -23"><span class='ocrx_word' id='word_1_744' title='bbox 1010 3561 1024 3589; x_wconf 88' lang='grc' dir='ltr'>ιι</span> <span class='ocrx_word' id='word_1_745' title='bbox 1038 3541 1164 3594; x_wconf 83' lang='lat' dir='ltr'><strong>fortunam</strong></span> <span class='ocrx_word' id='word_1_746' title='bbox 1182 3545 1315 3610; x_wconf 82' lang='lat' dir='ltr'><strong>propitiam</strong></span> <span class='ocrx_word' id='word_1_747' title='bbox 1340 3546 1465 3604; x_wconf 87' lang='lat' dir='ltr'><strong>habituri.</strong></span> <span class='ocrx_word' id='word_1_748' title='bbox 1491 3560 1578 3598; x_wconf 86' lang='lat' dir='ltr'><strong>eorum</strong></span> <span class='ocrx_word' id='word_1_749' title='bbox 1597 3548 1729 3613; x_wconf 89' lang='lat' dir='ltr'><strong>imperium</strong></span> <span class='ocrx_word' id='word_1_750' title='bbox 1748 3564 1792 3614; x_wconf 89' lang='lat' dir='ltr'><strong>pa·</strong></span> 
     </span>
     <span class='ocr_line' id='line_1_91' title="bbox 1012 3627 1792 3699; baseline 0.012 -24"><span class='ocrx_word' id='word_1_751' title='bbox 1012 3647 1024 3670; x_wconf 88' lang='grc' dir='ltr'>ι</span> <span class='ocrx_word' id='word_1_752' title='bbox 1041 3627 1091 3676; x_wconf 89' lang='lat' dir='ltr'>iam</span> <span class='ocrx_word' id='word_1_753' title='bbox 1109 3628 1235 3691; x_wconf 87' lang='lat' dir='ltr'><strong>deponas,</strong></span> <span class='ocrx_word' id='word_1_754' title='bbox 1259 3643 1305 3680; x_wconf 87' lang='lat' dir='ltr'>nec</span> <span class='ocrx_word' id='word_1_755' title='bbox 1326 3631 1361 3681; x_wconf 90' lang='lat' dir='ltr'>sis</span> <span class='ocrx_word' id='word_1_756' title='bbox 1379 3630 1491 3695; x_wconf 87' lang='lat' dir='ltr'><strong>proditor</strong></span> <span class='ocrx_word' id='word_1_757' title='bbox 1507 3644 1609 3694; x_wconf 88' lang='lat' dir='ltr'><strong>eorum,</strong></span> <span class='ocrx_word' id='word_1_758' title='bbox 1622 3635 1668 3699; x_wconf 87' lang='lat' dir='ltr'><strong>qui</strong></span> <span class='ocrx_word' id='word_1_759' title='bbox 1680 3634 1729 3683; x_wconf 86' lang='lat' dir='ltr'><strong>tide</strong></span> <span class='ocrx_word' id='word_1_760' title='bbox 1749 3638 1792 3684; x_wconf 87' lang='lat' dir='ltr'>tue</span> 
     </span>
     <span class='ocr_line' id='line_1_92' title="bbox 1013 3711 1793 3778; baseline 0.01 -19"><span class='ocrx_word' id='word_1_761' title='bbox 1013 3732 1026 3756; x_wconf 90' lang='grc' dir='ltr'>ιι</span> <span class='ocrx_word' id='word_1_762' title='bbox 1039 3711 1162 3770; x_wconf 85' lang='lat' dir='ltr'><strong>nituntur,</strong></span> <span class='ocrx_word' id='word_1_763' title='bbox 1174 3725 1221 3762; x_wconf 90' lang='lat' dir='ltr'>nec</span> <span class='ocrx_word' id='word_1_764' title='bbox 1231 3712 1312 3763; x_wconf 90' lang='lat' dir='ltr'><strong>hostis</strong></span> <span class='ocrx_word' id='word_1_765' title='bbox 1331 3726 1428 3775; x_wconf 84' lang='lat' dir='ltr'><strong>eorum,</strong></span> <span class='ocrx_word' id='word_1_766' title='bbox 1445 3714 1490 3778; x_wconf 87' lang='lat' dir='ltr'><strong>qui</strong></span> <span class='ocrx_word' id='word_1_767' title='bbox 1502 3715 1548 3765; x_wconf 90' lang='lat' dir='ltr'><strong>tibi</strong></span> <span class='ocrx_word' id='word_1_768' title='bbox 1561 3719 1621 3767; x_wconf 89' lang='lat' dir='ltr'><strong>suut</strong></span> <span class='ocrx_word' id='word_1_769' title='bbox 1641 3717 1793 3767; x_wconf 88' lang='lat' dir='ltr'><strong>coniunctis-</strong></span> 
     </span>
     <span class='ocr_line' id='line_1_93' title="bbox 1013 3796 1793 3865; baseline 0.008 -19"><span class='ocrx_word' id='word_1_770' title='bbox 1013 3815 1026 3840; x_wconf 90' lang='grc' dir='ltr'>ιι</span> <span class='ocrx_word' id='word_1_771' title='bbox 1043 3796 1116 3847; x_wconf 83' lang='lat' dir='ltr'><strong>simi:</strong></span> <span class='ocrx_word' id='word_1_772' title='bbox 1130 3799 1266 3864; x_wconf 89' lang='lat' dir='ltr'><strong>utrumque</strong></span> <span class='ocrx_word' id='word_1_773' title='bbox 1280 3799 1347 3850; x_wconf 89' lang='lat' dir='ltr'><strong>enim</strong></span> <span class='ocrx_word' id='word_1_774' title='bbox 1369 3798 1503 3865; x_wconf 87' lang='lat' dir='ltr'><strong>imperium</strong></span> <span class='ocrx_word' id='word_1_775' title='bbox 1526 3804 1573 3851; x_wconf 89' lang='lat' dir='ltr'><strong>est.</strong></span> <span class='ocrx_word' id='word_1_776' title='bbox 1595 3803 1656 3852; x_wconf 77' lang='lat' dir='ltr'>Hac</span> <span class='ocrx_word' id='word_1_777' title='bbox 1667 3801 1744 3864; x_wconf 81' lang='lat' dir='ltr'><strong>igitur</strong></span> <span class='ocrx_word' id='word_1_778' title='bbox 1763 3817 1793 3852; x_wconf 87' lang='lat' dir='ltr'>ea</span> 
     </span>
     <span class='ocr_line' id='line_1_94' title="bbox 1014 3882 1793 3950; baseline 0.006 -18"><span class='ocrx_word' id='word_1_779' title='bbox 1014 3903 1025 3926; x_wconf 92' lang='grc' dir='ltr'>ι</span> <span class='ocrx_word' id='word_1_780' title='bbox 1041 3885 1110 3941; x_wconf 87' lang='lat' dir='ltr'><strong>sunt,</strong></span> <span class='ocrx_word' id='word_1_781' title='bbox 1132 3882 1272 3945; x_wconf 74' lang='lat' dir='ltr'><strong>titillaret,</strong></span> <span class='ocrx_word' id='word_1_782' title='bbox 1293 3898 1401 3950; x_wconf 87' lang='lat' dir='ltr'><strong>qnorum</strong></span> <span class='ocrx_word' id='word_1_783' title='bbox 1419 3898 1508 3936; x_wconf 85' lang='lat' dir='ltr'><strong>caussa</strong></span> <span class='ocrx_word' id='word_1_784' title='bbox 1528 3886 1600 3945; x_wconf 85' lang='lat' dir='ltr'><strong>reni,</strong></span> <span class='ocrx_word' id='word_1_785' title='bbox 1616 3889 1643 3937; x_wconf 87' lang='lat' dir='ltr'>et</span> <span class='ocrx_word' id='word_1_786' title='bbox 1661 3898 1719 3950; x_wconf 86' lang='lat' dir='ltr'>quae</span> <span class='ocrx_word' id='word_1_787' title='bbox 1736 3891 1793 3950; x_wconf 90' lang='lat' dir='ltr'><strong>peto</strong></span> 
     </span>
    </p>
   </div>
   <div class='ocr_carea' id='block_1_9' title="bbox 1014 3967 1794 4192">
    <p class='ocr_par' dir='ltr' id='par_1_9' title="bbox 1014 3967 1794 4192">
     <span class='ocr_line' id='line_1_95' title="bbox 1014 3967 1794 4037; baseline 0.012 -20"><span class='ocrx_word' id='word_1_788' title='bbox 1014 3987 1026 4011; x_wconf 88' lang='grc' dir='ltr'>ι</span> <span class='ocrx_word' id='word_1_789' title='bbox 1043 3971 1072 4019; x_wconf 89' lang='lat' dir='ltr'><strong>ut</strong></span> <span class='ocrx_word' id='word_1_790' title='bbox 1083 3967 1146 4019; x_wconf 86' lang='lat' dir='ltr'><strong>mihi</strong></span> <span class='ocrx_word' id='word_1_791' title='bbox 1166 3969 1288 4021; x_wconf 90' lang='lat' dir='ltr'><strong>concedas</strong></span> <span class='ocrx_word' id='word_1_792' title='bbox 1308 3986 1386 4037; x_wconf 80' lang='lat' dir='ltr'><strong>:quae</strong></span> <span class='ocrx_word' id='word_1_793' title='bbox 1403 3986 1452 4023; x_wconf 87' lang='lat' dir='ltr'>non</span> <span class='ocrx_word' id='word_1_794' title='bbox 1472 3973 1565 4025; x_wconf 89' lang='lat' dir='ltr'><strong>habent</strong></span> <span class='ocrx_word' id='word_1_795' title='bbox 1578 3974 1644 4026; x_wconf 85' lang='lat' dir='ltr'><strong>uitas</strong></span> <span class='ocrx_word' id='word_1_796' title='bbox 1656 3973 1794 4026; x_wconf 85' lang='lat' dir='ltr'><strong>ditiicuita·</strong></span> 
     </span>
     <span class='ocr_line' id='line_1_96' title="bbox 1014 4051 1794 4118; baseline 0.008 -18"><span class='ocrx_word' id='word_1_797' title='bbox 1014 4068 1027 4093; x_wconf 89' lang='grc' dir='ltr'>ι</span> <span class='ocrx_word' id='word_1_798' title='bbox 1043 4052 1095 4108; x_wconf 85' lang='lat' dir='ltr'><strong>tes,</strong></span> <span class='ocrx_word' id='word_1_799' title='bbox 1119 4051 1149 4100; x_wconf 94' lang='lat' dir='ltr'><strong>ut</strong></span> <span class='ocrx_word' id='word_1_800' title='bbox 1169 4054 1199 4100; x_wconf 86' lang='lat' dir='ltr'><strong>tu</strong></span> <span class='ocrx_word' id='word_1_801' title='bbox 1226 4065 1361 4111; x_wconf 84' lang='lat' dir='ltr'><strong>memoras,</strong></span> <span class='ocrx_word' id='word_1_802' title='bbox 1388 4066 1498 4118; x_wconf 78' lang='lat' dir='ltr'><strong>qunque</strong></span> <span class='ocrx_word' id='word_1_803' title='bbox 1521 4055 1553 4104; x_wconf 88' lang='lat' dir='ltr'><strong>ab</strong></span> <span class='ocrx_word' id='word_1_804' title='bbox 1570 4054 1638 4105; x_wconf 90' lang='lat' dir='ltr'><strong>omni</strong></span> <span class='ocrx_word' id='word_1_805' title='bbox 1659 4054 1750 4105; x_wconf 87' lang='lat' dir='ltr'><strong>iniusto</strong></span> <span class='ocrx_word' id='word_1_806' title='bbox 1766 4068 1794 4107; x_wconf 87' lang='lat' dir='ltr'>ae</span> 
     </span>
     <span class='ocr_line' id='line_1_97' title="bbox 1014 4126 1793 4192; baseline 0.013 -16"><span class='ocrx_word' id='word_1_807' title='bbox 1014 4148 1027 4173; x_wconf 90' lang='grc' dir='ltr'>ιι</span> <span class='ocrx_word' id='word_1_808' title='bbox 1040 4127 1117 4192; x_wconf 89' lang='lat' dir='ltr'><strong>impio</strong></span> <span class='ocrx_word' id='word_1_809' title='bbox 1135 4126 1244 4181; x_wconf 86' lang='lat' dir='ltr'><strong>facinore</strong></span> <span class='ocrx_word' id='word_1_810' title='bbox 1263 4130 1326 4182; x_wconf 86' lang='lat' dir='ltr'><strong>adeo</strong></span> <span class='ocrx_word' id='word_1_811' title='bbox 1342 4136 1401 4182; x_wconf 91' lang='lat' dir='ltr'><strong>sunt</strong></span> <span class='ocrx_word' id='word_1_812' title='bbox 1420 4131 1515 4192; x_wconf 84' lang='lat' dir='ltr'><strong>aliene,</strong></span> <span class='ocrx_word' id='word_1_813' title='bbox 1534 4136 1564 4184; x_wconf 88' lang='lat' dir='ltr'><strong>ut</strong></span> <span class='ocrx_word' id='word_1_814' title='bbox 1584 4148 1614 4185; x_wconf 87' lang='lat' dir='ltr'>ea</span> <span class='ocrx_word' id='word_1_815' title='bbox 1631 4133 1701 4185; x_wconf 83' lang='lat' dir='ltr'><strong>saiva</strong></span> <span class='ocrx_word' id='word_1_816' title='bbox 1720 4148 1793 4186; x_wconf 88' lang='lat' dir='ltr'><strong>oons-</strong></span> 
     </span>
    </p>
   </div>
   <div class='ocr_carea' id='block_1_10' title="bbox 1014 4212 1797 5262">
    <p class='ocr_par' dir='ltr' id='par_1_10' title="bbox 1014 4212 1341 4278">
     <span class='ocr_line' id='line_1_98' title="bbox 1014 4212 1341 4278; baseline 0.021 -19"><span class='ocrx_word' id='word_1_817' title='bbox 1014 4233 1028 4258; x_wconf 86' lang='grc' dir='ltr'>ιι</span> <span class='ocrx_word' id='word_1_818' title='bbox 1041 4212 1131 4263; x_wconf 80' lang='lat' dir='ltr'><strong>cientis</strong></span> <span class='ocrx_word' id='word_1_819' title='bbox 1151 4212 1233 4265; x_wconf 86' lang='lat' dir='ltr'><strong>tacere</strong></span> <span class='ocrx_word' id='word_1_820' title='bbox 1253 4215 1341 4278; x_wconf 89' lang='lat' dir='ltr'><strong>possis.</strong></span> 
     </span>
    </p>

    <p class='ocr_par' dir='ltr' id='par_1_11' title="bbox 1014 4305 1797 5262">
     <span class='ocr_line' id='line_1_99' title="bbox 1044 4305 1794 4376; baseline 0.007 -21"><span class='ocrx_word' id='word_1_821' title='bbox 1044 4307 1128 4355; x_wconf 77' lang='lat' dir='ltr'><strong>XLIX.</strong></span> <span class='ocrx_word' id='word_1_822' title='bbox 1147 4325 1161 4350; x_wconf 91' lang='grc' dir='ltr'>ιι</span> <span class='ocrx_word' id='word_1_823' title='bbox 1176 4308 1310 4371; x_wconf 67' lang='lat' dir='ltr'><strong>agerere,</strong></span> <span class='ocrx_word' id='word_1_824' title='bbox 1325 4305 1483 4359; x_wconf 85' lang='lat' dir='ltr'><strong>iotamiomnc</strong></span> <span class='ocrx_word' id='word_1_825' title='bbox 1494 4308 1575 4371; x_wconf 88' lang='lat' dir='ltr'><strong>times,</strong></span> <span class='ocrx_word' id='word_1_826' title='bbox 1594 4309 1616 4365; x_wconf 88' lang='lat' dir='ltr'>si</span> <span class='ocrx_word' id='word_1_827' title='bbox 1627 4325 1671 4371; x_wconf 87' lang='lat' dir='ltr'>ea,</span> <span class='ocrx_word' id='word_1_828' title='bbox 1682 4324 1741 4376; x_wconf 87' lang='lat' dir='ltr'><strong>quae</strong></span> <span class='ocrx_word' id='word_1_829' title='bbox 1749 4309 1794 4360; x_wconf 87' lang='lat' dir='ltr'><strong>tibi</strong></span> 
     </span>
     <span class='ocr_line' id='line_1_100' title="bbox 1015 4392 1795 4461; baseline 0.006 -18"><span class='ocrx_word' id='word_1_830' title='bbox 1015 4414 1028 4440; x_wconf 92' lang='grc' dir='ltr'>ιι</span> <span class='ocrx_word' id='word_1_831' title='bbox 1042 4393 1150 4456; x_wconf 85' lang='lat' dir='ltr'><strong>suadeo,</strong></span> <span class='ocrx_word' id='word_1_832' title='bbox 1170 4392 1274 4459; x_wconf 79' lang='lat' dir='ltr'><strong>temris,</strong></span> <span class='ocrx_word' id='word_1_833' title='bbox 1287 4409 1319 4447; x_wconf 91' lang='lat' dir='ltr'><strong>ne</strong></span> <span class='ocrx_word' id='word_1_834' title='bbox 1331 4395 1421 4461; x_wconf 82' lang='lat' dir='ltr'><strong>ingrati</strong></span> <span class='ocrx_word' id='word_1_835' title='bbox 1438 4397 1513 4447; x_wconf 88' lang='lat' dir='ltr'><strong>animi</strong></span> <span class='ocrx_word' id='word_1_836' title='bbox 1532 4398 1558 4448; x_wconf 89' lang='lat' dir='ltr'><strong>in</strong></span> <span class='ocrx_word' id='word_1_837' title='bbox 1576 4397 1640 4451; x_wconf 82' lang='lat' dir='ltr'><strong>bene</strong></span> <span class='ocrx_word' id='word_1_838' title='bbox 1655 4399 1688 4449; x_wconf 92' lang='lat' dir='ltr'><strong>de</strong></span> <span class='ocrx_word' id='word_1_839' title='bbox 1702 4404 1728 4448; x_wconf 90' lang='lat' dir='ltr'>te</span> <span class='ocrx_word' id='word_1_840' title='bbox 1741 4412 1795 4449; x_wconf 88' lang='lat' dir='ltr'><strong>me-</strong></span> 
     </span>
     <span class='ocr_line' id='line_1_101' title="bbox 1015 4482 1795 4552; baseline 0.004 -19"><span class='ocrx_word' id='word_1_841' title='bbox 1015 4502 1027 4525; x_wconf 90' lang='grc' dir='ltr'>ιι</span> <span class='ocrx_word' id='word_1_842' title='bbox 1041 4484 1103 4534; x_wconf 88' lang='lat' dir='ltr'><strong>rltos</strong></span> <span class='ocrx_word' id='word_1_843' title='bbox 1122 4482 1294 4547; x_wconf 77' lang='lat' dir='ltr'><strong>redarguaris,</strong></span> <span class='ocrx_word' id='word_1_844' title='bbox 1315 4486 1357 4548; x_wconf 91' lang='lat' dir='ltr'><strong>qui</strong></span> <span class='ocrx_word' id='word_1_845' title='bbox 1372 4487 1398 4535; x_wconf 88' lang='grc' dir='ltr'>ιο</span> <span class='ocrx_word' id='word_1_846' title='bbox 1421 4485 1519 4537; x_wconf 89' lang='lat' dir='ltr'><strong>hostem</strong></span> <span class='ocrx_word' id='word_1_847' title='bbox 1539 4488 1647 4552; x_wconf 88' lang='lat' dir='ltr'><strong>hospitio</strong></span> <span class='ocrx_word' id='word_1_848' title='bbox 1664 4490 1795 4551; x_wconf 81' lang='lat' dir='ltr'><strong>exceptum</strong></span> 
     </span>
     <span class='ocr_line' id='line_1_102' title="bbox 1014 4570 1792 4641; baseline 0.005 -19"><span class='ocrx_word' id='word_1_849' title='bbox 1014 4591 1027 4616; x_wconf 89' lang='grc' dir='ltr'>ιι</span> <span class='ocrx_word' id='word_1_850' title='bbox 1042 4570 1068 4622; x_wconf 83' lang='grc' dir='ltr'>ιιι</span> <span class='ocrx_word' id='word_1_851' title='bbox 1079 4573 1177 4638; x_wconf 86' lang='lat' dir='ltr'><strong>partem</strong></span> <span class='ocrx_word' id='word_1_852' title='bbox 1193 4571 1305 4622; x_wconf 87' lang='lat' dir='ltr'><strong>ornatum</strong></span> <span class='ocrx_word' id='word_1_853' title='bbox 1325 4573 1459 4635; x_wconf 85' lang='lat' dir='ltr'><strong>bonorum,</strong></span> <span class='ocrx_word' id='word_1_854' title='bbox 1474 4589 1582 4641; x_wconf 87' lang='lat' dir='ltr'><strong>qnorum</strong></span> <span class='ocrx_word' id='word_1_855' title='bbox 1605 4576 1673 4625; x_wconf 84' lang='lat' dir='ltr'><strong>cives</strong></span> <span class='ocrx_word' id='word_1_856' title='bbox 1693 4576 1792 4639; x_wconf 82' lang='lat' dir='ltr'><strong>ingenui</strong></span> 
     </span>
     <span class='ocr_line' id='line_1_103' title="bbox 1017 4662 1796 4729; baseline 0.004 -17"><span class='ocrx_word' id='word_1_857' title='bbox 1017 4662 1177 4727; x_wconf 81' lang='lat' dir='ltr'><strong>«participes</strong></span> <span class='ocrx_word' id='word_1_858' title='bbox 1202 4664 1270 4724; x_wconf 84' lang='lat' dir='ltr'><strong>sunt,</strong></span> <span class='ocrx_word' id='word_1_859' title='bbox 1296 4666 1454 4727; x_wconf 89' lang='lat' dir='ltr'><strong>receperunt.</strong></span> <span class='ocrx_word' id='word_1_860' title='bbox 1472 4665 1532 4715; x_wconf 83' lang='lat' dir='ltr'><strong>Haec</strong></span> <span class='ocrx_word' id='word_1_861' title='bbox 1552 4663 1617 4715; x_wconf 88' lang='lat' dir='ltr'><strong>enim</strong></span> <span class='ocrx_word' id='word_1_862' title='bbox 1639 4674 1715 4723; x_wconf 85' lang='lat' dir='ltr'><strong>sunt,</strong></span> <span class='ocrx_word' id='word_1_863' title='bbox 1738 4678 1796 4729; x_wconf 78' lang='lat' dir='ltr'><strong>qua</strong></span> 
     </span>
     <span class='ocr_line' id='line_1_104' title="bbox 1017 4751 1797 4818; baseline 0.004 -17"><span class='ocrx_word' id='word_1_864' title='bbox 1017 4771 1029 4796; x_wconf 87' lang='grc' dir='ltr'>ι</span> <span class='ocrx_word' id='word_1_865' title='bbox 1045 4765 1143 4817; x_wconf 89' lang='lat' dir='ltr'><strong>semper</strong></span> <span class='ocrx_word' id='word_1_866' title='bbox 1153 4751 1238 4803; x_wconf 76' lang='lat' dir='ltr'><strong>verbis</strong></span> <span class='ocrx_word' id='word_1_867' title='bbox 1251 4754 1380 4818; x_wconf 81' lang='lat' dir='ltr'><strong>tantopere</strong></span> <span class='ocrx_word' id='word_1_868' title='bbox 1394 4766 1536 4817; x_wconf 79' lang='lat' dir='ltr'><strong>exaggeras.</strong></span> <span class='ocrx_word' id='word_1_869' title='bbox 1570 4756 1656 4803; x_wconf 78' lang='lat' dir='ltr'><strong>Nonne</strong></span> <span class='ocrx_word' id='word_1_870' title='bbox 1672 4767 1732 4804; x_wconf 80' lang='lat' dir='ltr'><strong>vero</strong></span> <span class='ocrx_word' id='word_1_871' title='bbox 1746 4754 1797 4804; x_wconf 89' lang='lat' dir='ltr'><strong>illis</strong></span> 
     </span>
     <span class='ocr_line' id='line_1_105' title="bbox 1015 4840 1796 4906; baseline 0.005 -17"><span class='ocrx_word' id='word_1_872' title='bbox 1015 4859 1027 4881; x_wconf 87' lang='grc' dir='ltr'>ι</span> <span class='ocrx_word' id='word_1_873' title='bbox 1043 4854 1157 4903; x_wconf 72' lang='lat' dir='ltr'><strong>maguam</strong></span> <span class='ocrx_word' id='word_1_874' title='bbox 1173 4844 1200 4891; x_wconf 92' lang='lat' dir='ltr'>et</span> <span class='ocrx_word' id='word_1_875' title='bbox 1221 4840 1367 4905; x_wconf 77' lang='lat' dir='ltr'><strong>praeclaram</strong></span> <span class='ocrx_word' id='word_1_876' title='bbox 1386 4842 1492 4906; x_wconf 79' lang='lat' dir='ltr'><strong>gratiam</strong></span> <span class='ocrx_word' id='word_1_877' title='bbox 1514 4842 1637 4901; x_wconf 83' lang='lat' dir='ltr'><strong>retulisti,</strong></span> <span class='ocrx_word' id='word_1_878' title='bbox 1657 4846 1683 4893; x_wconf 90' lang='lat' dir='ltr'>et</span> <span class='ocrx_word' id='word_1_879' title='bbox 1701 4840 1796 4893; x_wconf 87' lang='lat' dir='ltr'><strong>infinita</strong></span> 
     </span>
     <span class='ocr_line' id='line_1_106' title="bbox 1015 4927 1795 4994; baseline 0.003 -15"><span class='ocrx_word' id='word_1_880' title='bbox 1015 4927 1152 4992; x_wconf 79' lang='lat' dir='ltr'><strong>«quadam</strong></span> <span class='ocrx_word' id='word_1_881' title='bbox 1163 4928 1340 4980; x_wconf 84' lang='lat' dir='ltr'><strong>beneficiorum</strong></span> <span class='ocrx_word' id='word_1_882' title='bbox 1362 4930 1534 4994; x_wconf 79' lang='lat' dir='ltr'><strong>magnitudine</strong></span> <span class='ocrx_word' id='word_1_883' title='bbox 1555 4929 1655 4981; x_wconf 85' lang='lat' dir='ltr'><strong>illorum</strong></span> <span class='ocrx_word' id='word_1_884' title='bbox 1676 4929 1795 4983; x_wconf 82' lang='lat' dir='ltr'><strong>beneficia</strong></span> 
     </span>
     <span class='ocr_line' id='line_1_107' title="bbox 1017 5019 1797 5086; baseline 0.01 -20"><span class='ocrx_word' id='word_1_885' title='bbox 1017 5040 1029 5062; x_wconf 90' lang='grc' dir='ltr'>ι</span> <span class='ocrx_word' id='word_1_886' title='bbox 1046 5019 1188 5082; x_wconf 76' lang='lat' dir='ltr'><strong>superasti?</strong></span> <span class='ocrx_word' id='word_1_887' title='bbox 1201 5019 1299 5078; x_wconf 85' lang='lat' dir='ltr'><strong>Quibus</strong></span> <span class='ocrx_word' id='word_1_888' title='bbox 1320 5034 1378 5070; x_wconf 90' lang='lat' dir='ltr'><strong>cum</strong></span> <span class='ocrx_word' id='word_1_889' title='bbox 1394 5021 1501 5071; x_wconf 87' lang='lat' dir='ltr'><strong>antehac</strong></span> <span class='ocrx_word' id='word_1_890' title='bbox 1518 5034 1602 5071; x_wconf 84' lang='lat' dir='ltr'><strong>seeum</strong></span> <span class='ocrx_word' id='word_1_891' title='bbox 1618 5022 1736 5086; x_wconf 72' lang='lat' dir='ltr'><strong>preclare</strong></span> <span class='ocrx_word' id='word_1_892' title='bbox 1753 5037 1797 5074; x_wconf 89' lang='lat' dir='ltr'>ac·</span> 
     </span>
     <span class='ocr_line' id='line_1_108' title="bbox 1016 5106 1794 5174; baseline 0.009 -18"><span class='ocrx_word' id='word_1_893' title='bbox 1016 5126 1028 5150; x_wconf 88' lang='grc' dir='ltr'>ι</span> <span class='ocrx_word' id='word_1_894' title='bbox 1044 5110 1099 5157; x_wconf 89' lang='lat' dir='ltr'><strong>tum</strong></span> <span class='ocrx_word' id='word_1_895' title='bbox 1114 5106 1144 5159; x_wconf 87' lang='lat' dir='ltr'>iri</span> <span class='ocrx_word' id='word_1_896' title='bbox 1163 5121 1239 5173; x_wconf 84' lang='lat' dir='ltr'><strong>seque</strong></span> <span class='ocrx_word' id='word_1_897' title='bbox 1261 5122 1388 5160; x_wconf 90' lang='lat' dir='ltr'><strong>summum</strong></span> <span class='ocrx_word' id='word_1_898' title='bbox 1408 5109 1486 5160; x_wconf 89' lang='lat' dir='ltr'><strong>bonos</strong></span> <span class='ocrx_word' id='word_1_899' title='bbox 1511 5110 1647 5174; x_wconf 86' lang='lat' dir='ltr'><strong>adepturos</strong></span> <span class='ocrx_word' id='word_1_900' title='bbox 1668 5112 1794 5163; x_wconf 77' lang='lat' dir='ltr'><strong>existima·</strong></span> 
     </span>
     <span class='ocr_line' id='line_1_109' title="bbox 1017 5195 1795 5262; baseline 0.013 -21"><span class='ocrx_word' id='word_1_901' title='bbox 1017 5199 1116 5258; x_wconf 74' lang='lat' dir='ltr'><strong>arent,</strong></span> <span class='ocrx_word' id='word_1_902' title='bbox 1137 5195 1160 5246; x_wconf 92' lang='lat' dir='ltr'>si</span> <span class='ocrx_word' id='word_1_903' title='bbox 1180 5197 1227 5248; x_wconf 86' lang='lat' dir='ltr'><strong>sibi</strong></span> <span class='ocrx_word' id='word_1_904' title='bbox 1243 5196 1269 5247; x_wconf 89' lang='lat' dir='ltr'><strong>in</strong></span> <span class='ocrx_word' id='word_1_905' title='bbox 1287 5198 1369 5262; x_wconf 86' lang='lat' dir='ltr'><strong>patria</strong></span> <span class='ocrx_word' id='word_1_906' title='bbox 1390 5198 1467 5251; x_wconf 82' lang='lat' dir='ltr'><strong>libere</strong></span> <span class='ocrx_word' id='word_1_907' title='bbox 1486 5199 1572 5251; x_wconf 85' lang='lat' dir='ltr'><strong>virere</strong></span> <span class='ocrx_word' id='word_1_908' title='bbox 1596 5199 1723 5260; x_wconf 83' lang='lat' dir='ltr'><strong>licuisset.</strong></span> <span class='ocrx_word' id='word_1_909' title='bbox 1746 5216 1795 5251; x_wconf 87' lang='lat' dir='ltr'>nou</span> 
     </span>
    </p>
   </div>
   <div class='ocr_carea' id='block_1_11' title="bbox 1017 5284 1795 5404">
    <p class='ocr_par' dir='ltr' id='par_1_12' title="bbox 1017 5284 1795 5404">
     <span class='ocr_line' id='line_1_110' title="bbox 1017 5284 1795 5404; baseline 0.009 -70"><span class='ocrx_word' id='word_1_910' title='bbox 1017 5305 1030 5331; x_wconf 85' lang='grc' dir='ltr'>ι</span> <span class='ocrx_word' id='word_1_911' title='bbox 1043 5284 1123 5337; x_wconf 84' lang='lat' dir='ltr'><strong>solum</strong></span> <span class='ocrx_word' id='word_1_912' title='bbox 1135 5285 1200 5337; x_wconf 89' lang='lat' dir='ltr'><strong>hanc</strong></span> <span class='ocrx_word' id='word_1_913' title='bbox 1209 5287 1320 5353; x_wconf 86' lang='lat' dir='ltr'><strong>ipsorum</strong></span> <span class='ocrx_word' id='word_1_914' title='bbox 1332 5289 1473 5341; x_wconf 87' lang='lat' dir='ltr'><strong>libertatern</strong></span> <span class='ocrx_word' id='word_1_915' title='bbox 1485 5289 1658 5404; x_wconf 55' lang='lat' dir='ltr'><strong>mmtabilistail.</strong></span> <span class='ocrx_word' id='word_1_916' title='bbox 1667 5291 1795 5343; x_wconf 85' lang='lat' dir='ltr'><strong>sedetiam</strong></span> 
     </span>
    </p>
   </div>
   <div class='ocr_carea' id='block_1_12' title="bbox 0 0 2053 5924">
    <p class='ocr_par' dir='ltr' id='par_1_13' title="bbox 0 0 2053 5924">
     <span class='ocr_line' id='line_1_111' title="bbox 0 0 2053 5924; baseline 0 0"><span class='ocrx_word' id='word_1_917' title='bbox 0 0 2053 5924; x_wconf 95' lang='lat' dir='ltr'> </span> 
     </span>
    </p>
   </div>
  </div>
 </body>
</html>
