4048 5924
613 398 909 476 aunemundus
929 402 1078 467 ROMAN.
1103 404 1176 466 LlB.
1201 405 1265 467 Vll.
1667 410 1721 470 lut

115 534 320 618 ἀποφαίνεσθαι,
334 533 435 612 πρῶτοι
449 529 498 608 μὲν
511 531 536 590 οῖ
550 529 731 609 πρεσύύτατοι
744 536 798 593 τῶν
814 536 889 592 ὓπα-

113 628 192 685 τυιῶν
207 621 366 698 καλούμενοι
380 619 449 679 κατὰ
463 619 508 679 τὸν
523 620 635 682 εἰωθότα
656 620 757 697 κόσμον
771 621 823 682 aab
836 624 889 681 τῶν

115 715 220 774 ὑπάτων
257 709 412 769 ἀνίσταντο·
425 708 517 769 ἔπειτα
541 711 565 769 οί
584 708 683 770 τούτων
704 709 890 791 ὑποδεέστεροι

113 805 172 862 κατ’
186 801 267 881 ἄμφω
284 802 383 857 ταῦτα·
398 797 543 858 τελευταῖοι
561 796 588 858 δὲ
603 798 628 855 οῖ
644 795 788 872 νεώτατοι,
812 798 889 878 λόγον

75 920 88 957 ς
115 889 162 969 μὲν
174 890 268 950 οὐδένα
285 886 414 967 λίγοντες·
440 885 478 945 ίτι
500 884 552 965 γάρ
578 876 610 959 ἦν
624 885 660 944 δι’
676 885 805 964 αἰσρύνης
830 887 889 947 τότι

113 978 260 1058 Ῥωμαίοις
272 980 363 1048 τοῦτο,
377 974 423 1035 καί
440 974 496 1044 νέος
509 974 592 1043 οὐδεὶς
606 973 681 1048 ἠξίου
699 975 792 1036 ίαυτδν
804 977 892 1059 σοφώ·

114 1091 189 1147 τερον
204 1056 270 1127 εῖναι
284 1061 443 1144 πρεσόύτου·
460 1064 641 1142 ἐπικυροῶντες
660 1062 689 1123 δί
706 1062 755 1131 τδις
769 1063 892 1141 κειμένας

114 1156 166 1215 ύπδ
176 1159 229 1216 τῶν
242 1156 377 1213 ὑπατικῶν
391 1151 508 1230 γνώμας.
543 1148 644 1211 ΙἈπασι
660 1151 688 1211 δέ
700 1153 891 1234 προσετάττετο

113 1249 239 1325 παριυῖσι
249 1243 371 1323 καθάπερ
385 1245 411 1301 ἐν
430 1240 594 1321 δικαστηρίω
605 1245 664 1318 μεθ’
682 1240 762 1321 ὅρκου
776 1241 825 1316 τὴν
839 1245 892 1325 ψῆ-

62 1359 88 1399 ιο
113 1357 161 1416 φον
174 1334 315 1414 έπιρέριιν.
359 1328 475 1397 Ἄππιος
491 1329 539 1406 μὲν
553 1353 568 1390 ο
584 1353 597 1386 ν
619 1330 767 1403 Κλαύδιος,
782 1330 848 1412 ύπίρ
862 1321 892 1390 ού

112 1422 160 1483 καί
182 1423 308 1503 πρότιρον
325 1421 406 1501 έφην,
428 1418 469 1479 ότι
488 1417 699 1497 μισοδημότατος
723 1410 754 1491 ἦν
771 1423 824 1479 τῶν
840 1444 891 1480 πα-

110 1512 219 1591 τρικίων
231 1508 277 1569 καί
297 1507 420 1569 οὐδέποτε
441 1507 499 1574 ταῖς
517 1506 583 1587 πρὸς
597 1506 626 1565 τδ
641 1505 784 1584 δημοτικὸν
807 1507 891 1589 ἠρίσ-

110 1622 174 1659 κιτο
188 1598 357 1677 διαλλαγαῖς,
375 1596 423 1655 οὔκ
445 1593 487 1653 εία
502 1593 623 1675 γενέσθαι
642 1594 672 1654 τδ
688 1595 890 1676 προόούλευμα,

110 1685 238 1753 τοιούτοις
252 1683 388 1767 χρώμενος
403 1681 500 1760 λόγοις.

59 1804 82 1841 ιι
153 1775 281 1837 XLVlll.
292 1770 483 1848 ιἘόουλόμην
494 1768 567 1849 [μίν]
576 1767 608 1829 δν
620 1762 704 1849 ίγωγε
712 1771 758 1829 καὶ
765 1779 819 1838 τοῖς
825 1773 891 1839 θεοῖς

111 1892 125 1918 ιι
143 1862 268 1940 ηὐξάμην
289 1858 436 1934 πολλάκις,
454 1858 568 1937 ῖμαυτδν
598 1858 647 1935 μέν
669 1860 797 1940 ἁμαρτεῖν
818 1859 890 1940 γνώ-

111 1982 125 2007 «
143 1975 214 2030 μης,
235 1950 268 2011 ἣν
287 1940 359 2030 εἶχον
381 1947 447 2029 ὑπὲρ
470 1950 523 2006 τῶν
543 1946 608 2027 πρὸς
627 1946 671 2006 ris
693 1948 776 2024 δῆμον
795 1949 890 2011 διαλύ-

111 2068 125 2096 ιι
145 2064 229 2113 σεων,
249 2037 308 2098 οὔτε
322 2036 407 2110 καλὴν
428 2026 600 2097 καλδικαίαν
621 2034 681 2096 οὔτι
706 2036 890 2118 συμφέρουσαν

111 2159 125 2184 ιι
146 2133 209 2204 ἡμῖν
224 2124 422 2203 ύπολαμόάνων
437 2125 542 2185 ἔσεσθαι
556 2123 604 2195 τλν
618 2126 672 2184 τῶν
697 2124 820 2206 φυγάδων
841 2127 891 2186 κά-

53 2242 82 2282 20
111 2244 126 2271 ιι
145 2217 227 2277 θοδον·
241 2215 287 2275 καῖ
302 2212 346 2274 διδι
358 2213 466 2287 παντὸς,
477 2215 568 2280 ὁσάκις
582 2213 644 2295 περὶ
656 2211 747 2273 τούτου
760 2214 889 2294 προετέθη

112 2333 126 2359 ιι
152 2314 275 2379 σκοπεῖν,
290 2301 394 2383 πρῶτός
409 2327 438 2363 τε
456 2307 509 2363 τῶν
531 2303 619 2362 άλλων
633 2301 680 2361 καί
693 2304 822 2361 τελευτῶν
836 2303 889 2382 μό-

113 2422 127 2449 ιι
147 2418 206 2465 νος,
232 2394 323 2466 ἐπειδὴ
348 2394 372 2451 οἱ
398 2388 485 2452 λοιποί
507 2390 677 2464 ἀπέστησαν,
702 2388 888 2469 ἠναντιούμην·

112 2512 126 2536 ιι
147 2487 215 2560 ὑμᾶς
238 2481 275 2556 δέ,
296 2472 319 2541 ώ
344 2481 443 2560 βουλὴ,
468 2478 527 2546 τοὺς
544 2478 636 2539 έπῖτδι
649 2480 761 2559 κρείττω
776 2478 825 2552 τὴν
846 2482 889 2539 st·

113 2598 127 2625 ιι
147 2572 212 2629 πίδα
233 2567 417 2644 λαμόάνοντας
437 2569 484 2628 καί
508 2568 595 2629 πάντα
609 2571 647 2648 τῷ
663 2568 740 2646 δήμῳ
756 2567 846 2628 δίκαιά
860 2592 889 2627 τε

112 2687 127 2712 ιι
148 2656 194 2716 καί
211 2655 289 2716 άδικα
312 2656 452 2738 προθύμως
475 2654 680 2738 χαριζομένους,
699 2656 805 2734 άμεινον
825 2658 889 2734 spos

111 2776 127 2801 ιι
148 2745 220 2815 δόξαι
235 2753 347 2828 φρονεῖν·
364 2746 455 2818 ἐπειδὴ
469 2747 497 2805 tl
515 2748 565 2828 οὐχ
579 2748 615 2813 ῶς
628 2744 775 2823 έδουλόμην
790 2768 819 2805 τε
843 2744 889 2804 καί

113 2865 127 2890 ιι
146 2843 200 2903 τοῖς
215 2834 281 2903 θεοῖς
293 2834 416 2915 ηὐχόμην
437 2835 472 2896 rb
486 2836 634 2916 πράγματα
651 2837 712 2913 ύμῖν
727 2831 888 2915 κεχώρηκεν,

113 2952 128 2977 ιι
150 2923 213 2984 ἀλλ’
237 2927 272 2991 ὡς
298 2923 405 3004 ᾠόμην,
429 2924 475 2984 καί
500 2921 705 3004 περιεστήκασιν
735 2926 763 2983 αἱ
783 2921 889 3002 χάριτες

113 3042 128 3069 ιι
148 3017 209 3092 ύμῖν
228 3014 265 3082 είς
285 3013 392 3094 φθόνους
411 3012 457 3073 καί
476 3012 561 3090 μίση,
576 3012 606 3073 τδ
627 3012 674 3089 μίν
697 3015 822 3087 ἐπιτιμᾶν
838 3018 891 3077 τοῖς

51 3158 56 3169 ,
114 3131 129 3157 ιι
148 3104 345 3183 ἡμαρτημένοις
359 3102 424 3177 ἡμῖν
445 3101 490 3160 καί
506 3104 598 3162 λυπεῖν
615 3103 684 3178 ὑμᾶς
705 3100 748 3160 διὰ
768 3099 891 3177 κενῆς’,δ

115 3219 129 3244 ιι
151 3188 246 3271 ῥᾷστόν
264 3192 319 3249 ἔστι
344 3188 390 3248 καί
404 3196 486 3248 πᾶσιν
505 3191 542 3255 ῶς
554 3187 587 3247 τίι
606 3187 694 3248 πολλδι
708 3193 792 3247 ποιεῖν
806 3185 890 3258 σύνη-

114 3307 130 3332 ιι
149 3284 207 3352 θες,
231 3279 278 3338 οὐκ
300 3280 327 3337 ts
350 3280 434 3357 καιρῷ
457 3277 513 3338 νυνί
535 3277 709 3356 γενησόμενον
724 3279 791 3357 δρῶν
808 3274 889 3334 έάσω.

115 3396 131 3421 ιι
152 3367 198 3438 Ἐξ
221 3358 258 3428 ῶν
284 3366 311 3426 δέ
335 3367 370 3427 τά
392 3391 421 3426 τε
444 3367 608 3448 παρελθόντα
636 3363 889 3446 έπανορθωσόμεθα,

115 3486 130 3511 ιι
149 3457 198 3517 δατ
213 3457 251 3534 μὴ
266 3455 435 3517 παντάπασιν
460 3456 572 3523 ἀνιάτοις
596 3458 666 3536 ἔχει,
688 3452 733 3513 καί
757 3452 891 3530 περὶτῶν

114 3574 130 3599 ιι
149 3546 285 3626 παρόντων
300 3544 407 3622 ἄμεινον
433 3544 609 3626 φρονήσομεν,
629 3548 714 3602 ταῦτα
730 3539 892 3617 πειράσομαι

114 3664 129 3689 ιι
149 3635 249 3713 λάγειν.
266 3634 361 3695 Καίτοι
379 3656 412 3708 με
437 3636 467 3693 ού
485 3635 610 3709 λέληθεν,
626 3630 665 3691 ὅτι
683 3629 823 3708 μαίνεσθαι
847 3627 893 3687 καί

114 3752 129 3777 ιι
149 3728 265 3783 θανατᾶν
281 3721 346 3792 δόξω
366 3722 433 3782 τισίν
459 3725 553 3799 ὑμῶν,
580 3718 688 3797 γνώμην
711 3716 771 3797 περί
794 3713 893 3773 τούτων

114 3841 130 3865 ιι
149 3810 286 3892 ίλευθίραν
308 3806 533 3891 ἀποφαινόμενος,
555 3806 764 3883 ένθυμυυμένοις,
790 3802 893 3874 ἡλίκους

114 3928 130 3953 ιι
150 3897 206 3979 ῖχει
228 3898 359 3966 κινδύνους
375 3901 389 3955 ό
406 3900 475 3975 μετδι
488 3894 639 3977 παρρησίας
661 3894 753 3974 λόγος,
777 3893 822 3954 καί
848 3894 894 3962 τδις

114 4015 130 4041 ιι
150 3986 272 4069 Μαρκίου
286 3986 441 4069 συμφορίις,
466 3987 494 4054 ὃς
515 3987 545 4044 ού
561 3987 593 4044 δι’
614 3984 700 4064 έτερόν
721 4006 746 4043 τι
768 3984 825 4044 νυνὶ
851 3983 894 4042 τὸν

116 4105 130 4127 ιι
151 4074 217 4157 ὓπίρ
229 4081 276 4148 τῆς
288 4079 376 4158 ψυχῆς
391 4078 481 4154 ἀγῶνα
494 4074 600 4155 τρύχει,
616 4072 802 4151 λογιζομίνοις.
824 4070 893 4132 Ἀλλ’

117 4193 132 4219 ιι
150 4167 199 4225 ούκ
212 4164 302 4224 οίοοιαι
316 4166 369 4223 δεῖν
390 4167 438 4236 τῆς
453 4161 520 4230 ἰδίας
536 4163 679 4244 ἀσφαλείας
691 4160 775 4222 πλείω
790 4163 893 4220 ποιεῖσ-

117 4282 133 4307 ιι
152 4258 197 4313 θαι
219 4253 343 4330 πρόνοιαν
371 4252 390 4325 ἢ
413 4257 461 4326 τῆς
483 4256 570 4325 κοινῆς
590 4251 727 4333 ὡφιλιίας.
784 4249 895 4310 Δίδοται

116 4369 133 4397 ιι
153 4340 204 4422 γάρ
217 4341 270 4414 ἤδη
286 4343 339 4410 τοῖς
357 4341 423 4421 ύπδρ
448 4344 521 4419 ὑμῶν
536 4339 664 4406 κινδύνοις
684 4339 715 4399 rb
739 4341 819 4415 σῶμα
831 4339 894 4398 τού·

49 4467 80 4504 ,ς
116 4458 133 4484 ιι
153 4420 256 4507 μθν,ῶ
278 4430 376 4510 βουλὴ,
392 4431 438 4491 καί
454 4428 622 4491 καθωσίωται
635 4429 688 4498 τοῖς
703 4428 768 4509 θπίρ
780 4432 827 4501 τῆς
843 4426 895 4487 πό-

117 4547 134 4573 ιι
151 4520 218 4586 λειις
240 4521 356 4597 ἀγῶσιν,
382 4519 452 4578 ώστε
480 4519 497 4577 δ
519 4541 545 4578 τι
570 4516 602 4578 δν
628 4519 667 4599 τῷ
692 4515 797 4593 δαίμονι
821 4518 896 4595 δοκῇ,

117 4635 134 4661 ιι
154 4605 223 4684 part
242 4607 349 4667 πάντων
365 4630 393 4667 τι
411 4607 457 4666 καί
482 4606 529 4667 σὺν
552 4605 665 4686 ὀλίγοις,
688 4607 712 4665 τί
735 4605 763 4666 δί
776 4606 896 4683 ἀνάγκη,

117 4723 134 4749 ιι
153 4694 201 4753 καὶ
214 4694 290 4769 μόνος
309 4698 419 4774 εύγινῶς
432 4695 569 4774 πείσομαι.
607 4692 683 4763 Ἕως
696 4695 719 4752 δ’
734 4693 764 4752 διν
779 4695 834 4774 ῖχω
848 4693 897 4766 τὴν

115 4812 133 4839 ιι
153 4784 257 4864 ψυχὴν,
280 4786 361 4855 αδδείς
386 4809 420 4864 με
446 4784 529 4869 ἐφίξει
544 4783 624 4866 φόόος
643 4783 682 4861 μὴ
706 4782 788 4862 obp&
812 4786 898 4863 φρονῶ

115 4899 133 4926 ιι
151 4871 249 4948 λέγειν.

158 4962 259 5023 xiix.
280 4989 294 5014 ι
309 4967 420 5046 Πρῶτον
439 4962 487 5042 μίν
509 4968 585 5023 τοῦτο
604 4964 672 5038 ὑμᾶς
686 4958 739 5032 ἤδη
755 4957 820 5018 rori
835 4957 898 5027 ἀξιῶ

114 5077 132 5102 ιι
153 5049 269 5128 βεόαίως
288 5056 403 5131 μαθεῖν,
417 5051 457 5112 ὅτι
472 5053 590 5129 δυσμενῆ
613 5049 658 5109 καί
681 5048 807 5125 πολίμιον
823 5045 898 5129 ίχετι

115 5166 133 5190 ιι
152 5162 186 5218 ἠ
201 5141 357 5221 καθεστώσῃ
380 5141 502 5222 πολιτεία
523 5140 568 5201 τὸν
582 5137 727 5215 δημοτικόν
743 5136 838 5217 ὄχλον,
853 5135 898 5196 καὶ

112 5254 134 5279 ιι
157 5227 246 5289 πάντα
259 5229 309 5290 ὅσα
323 5233 527 5307 μαλακισθέντες
539 5231 610 5309 αύτῷ
625 5226 826 5309 συνιχωρήσατε
841 5225 897 5306 μά-

946 545 1028 595 essent
1042 542 1162 605 dicende,
1180 543 1254 609 primi
1268 543 1368 608 quidem
1382 545 1524 596 consulares
1544 543 1605 607 riri,
1626 547 1726 598 maximi

946 631 1041 696 quique
1055 636 1130 694 nutu,
1143 633 1174 683 de
1184 646 1254 684 more
1266 633 1432 684 aconsulibus
1443 633 1526 684 soceti
1544 638 1725 686 surrexerumt:

946 717 1034 769 deinde
1048 732 1107 770 vero
1116 717 1170 781 illi,
1185 719 1229 782 qui
1241 718 1281 770 iris
1293 722 1400 783 utruque
1414 720 1438 769 in
1457 732 1485 770 re
1497 719 1627 771 interiores
1639 726 1726 782 erant,

946 818 976 856 ec
997 807 1113 871 postremi
1133 807 1257 871 iuniores,
1282 809 1325 872 qui
1347 807 1415 859 nulla
1431 793 1532 871 quidem
1550 810 1632 881 serbe
1654 811 1728 862 tacie-

946 893 1004 945 bunt
1030 894 1128 959 (adbuc
1151 895 1216 946 enim
1231 899 1291 947 tunc
1311 896 1377 960 apud
1397 899 1520 947 Romanos
1533 896 1677 949 indecorum
1702 900 1728 949 id

945 980 1090 1045 habebatur,
1106 984 1132 1032 et
1142 982 1226 1033 nullus
1237 982 1333 1033 iuvenis
1351 996 1378 1032 sc
1393 983 1565 1048 sapientiorem
1580 984 1680 1036 bomine
1692 998 1729 1036 se·

946 1069 1014 1120 niore
1025 1068 1194 1133 existimabat)
1199 1069 1257 1137 ,sed
1276 1071 1440 1121 sententiose
1460 1071 1631 1123 consularibus
1647 1074 1727 1125 dictas

947 1157 1132 1209 confirmabant.
1167 1157 1371 1220 omnibusrero,
1387 1160 1432 1225 qul
1451 1159 1563 1223 ederunt,
1580 1162 1727 1226 imperatum

946 1247 1042 1308 dierat,
1055 1250 1085 1297 ut
1099 1261 1148 1298 non
1170 1260 1255 1309 secus,
1276 1261 1306 1298 ac
1327 1248 1353 1298 in
1366 1247 1473 1311 iudicio,
1489 1250 1564 1302 iurati
1582 1253 1727 1303 ιουεοοῖίετο

949 1336 1050 1387 tament.
1085 1335 1177 1401 appius
1189 1336 1261 1401 igitur
1275 1335 1406 1398 euodius,
1423 1352 1499 1403 quem
1518 1343 1545 1390 et
1557 1343 1616 1391 ante
1633 1340 1686 1390 dixi
1696 1353 1728 1393 ex

947 1423 1061 1475 omnibus
1076 1423 1184 1488 patriciis
1196 1423 1260 1488 plebi
1275 1422 1467 1476 inlensisumurn
1480 1439 1548 1488 esse,
1561 1441 1607 1478 nec
1619 1442 1729 1491 unquam

946 1513 1014 1576 pacis
1027 1513 1178 1564 conditiones
1199 1512 1266 1577 plebi
1280 1525 1408 1564 concessas
1430 1514 1587 1578 approbasse,
1613 1518 1728 1567 senatus-

947 1600 1086 1651 consultum
1098 1600 1151 1652 iieri
1162 1614 1210 1652 non
1223 1600 1332 1662 sinebat,
1348 1600 1395 1650 buc
1406 1600 1516 1652 oratione
1532 1613 1602 1652 usus.

980 1769 1090 1819 xcviii.
1110 1767 1226 1819 «Vellem
1236 1767 1351 1833 equidem
1374 1767 1418 1831 (id
1426 1768 1495 1832 quod
1509 1782 1576 1834 crepe
1592 1768 1729 1834 precibusa

950 1879 962 1902 ι
977 1858 1025 1909 diis
1045 1858 1119 1925 petii)
1146 1863 1176 1910 ut
1198 1873 1238 1910 me
1254 1873 1310 1911 mea
1339 1859 1466 1912 fefellisset
1493 1860 1588 1925 opinio,
1605 1875 1680 1926 quam
1697 1859 1729 1911 de

948 1970 962 1998 α
976 1967 1037 2018 pace
1048 1968 1106 2004 cum
1122 1953 1193 2017 plebe
1212 1955 1275 2004 tacta
1294 1953 1431 2012 habebam.
1448 1968 1566 2018 censens,
1581 1969 1662 2020 neque
1681 1955 1727 2006 iro·

949 2065 961 2089 ι
977 2048 1076 2096 nestum
1092 2060 1172 2111 neque
1186 2046 1292 2109 iustum,
1315 2059 1394 2112 neque
1406 2047 1478 2098 nobis
1488 2047 1574 2099 utilem
1595 2049 1648 2100 tore
1663 2048 1730 2100 bunc

949 2159 961 2181 ιι
975 2138 1134 2204 profugorum
1148 2140 1270 2203 reditum,
1282 2154 1341 2193 eum
1360 2140 1557 2206 quotiescunque
1571 2142 1626 2192 brec
1636 2151 1729 2194 resno

950 2250 962 2273 ι
980 2230 1017 2280 bis
1030 2231 1078 2281 tuit
1093 2232 1234 2296 proposita,
1251 2231 1320 2283 utde
1334 2245 1364 2283 ea
1379 2233 1570 2296 consultaretur,
1583 2248 1628 2299 ego
1640 2239 1667 2286 et
1678 2234 1730 2299 pri·

947 2344 959 2368 ιι
977 2338 1034 2376 mus
1053 2325 1178 2389 omnium,
1193 2328 1220 2376 et
1241 2328 1365 2391 postremo
1380 2327 1448 2377 solus
1465 2327 1526 2378 dulc
1544 2331 1610 2392 pact
1632 2340 1730 2391 semper

945 2437 957 2461 ιι
973 2418 1088 2481 quumvis
1107 2433 1123 2468 a
1141 2418 1238 2469 ceteris
1257 2419 1391 2471 destitutus
1411 2419 1552 2482 adversari3
1569 2422 1645 2484 utque
1668 2434 1728 2479 ros,

945 2528 957 2553 ι
981 2512 1066 2561 Patres
1080 2511 1230 2575 conscripti,
1252 2512 1297 2575 qui
1310 2525 1379 2575 spem
1393 2512 1523 2563 meliorum
1537 2513 1727 2578 concipiebutis,

947 2619 960 2643 ι
975 2603 1001 2651 et
1020 2600 1103 2651 omniu
1125 2600 1191 2651 iusta
1214 2605 1241 2651 ct
1265 2602 1356 2652 iniusta
1379 2602 1404 2652 in
1423 2603 1501 2667 plebis
1526 2604 1631 2669 gratiam
1654 2603 1730 2654 alacri

949 2704 963 2728 ι
977 2685 1059 2736 ammo
1082 2686 1269 2749 comedebatis,
1296 2689 1470 2753 prudentiores
1492 2704 1547 2741 esse
1562 2690 1727 2741 videremini:

946 2790 959 2815 ιι
976 2784 1075 2833 rerum,
1089 2773 1188 2836 quando
1212 2787 1261 2823 non
1280 2777 1309 2825 ut
1322 2776 1453 2841 optabam,
1471 2789 1552 2840 neque
1573 2780 1602 2827 ut
1616 2776 1730 2841 precibus

947 2870 993 2907 ιο
1014 2857 1062 2909 diis
1086 2860 1273 2924 contenderem,
1295 2861 1340 2913 sed
1359 2867 1388 2913 ut
1408 2863 1572 2928 suspicabar,
1594 2877 1634 2913 res
1656 2863 1729 2915 vobis

948 2964 960 2988 ιι
975 2949 1155 3010 successerunt,
1168 2951 1194 3000 et
1209 2952 1292 3000 vestre
1306 2949 1426 3001 beneflcio
1437 2950 1462 3001 in
1474 2950 1593 3001 invidiam
1607 2951 1729 3002 etodium

946 3054 959 3079 ι
973 3041 1173 3100 consenescunt,
1196 3052 1241 3089 ros
1255 3038 1287 3088 ob
1299 3043 1401 3105 peccata
1421 3053 1470 3091 non
1483 3039 1630 3106 obiurgabo‚
1652 3053 1731 3103 neque

946 3142 958 3165 ι
973 3120 1093 3172 molestiis
1117 3122 1229 3176 manibus
1242 3125 1366 3190 afficiem,
1388 3128 1456 3192 quod
1473 3127 1573 3179 cuilibet
1594 3129 1632 3177 est
1645 3126 1730 3176 lucilii·

946 3228 958 3252 ι
976 3222 1046 3261 mum
1067 3213 1093 3260 et
1119 3211 1265 3277 plerumque
1289 3214 1342 3265 lieri
1366 3214 1440 3277 solet,
1466 3215 1511 3266 sed
1531 3214 1586 3265 bec
1607 3216 1730 3277 ominum,

946 3317 958 3340 ιι
976 3310 1032 3361 quae
1042 3298 1068 3348 in
1079 3301 1209 3362 presentia
1219 3315 1267 3350 nou
1280 3304 1419 3366 opportuna
1428 3303 1480 3352 tore
1488 3300 1603 3353 iudicem.
1615 3304 1651 3351 Ea
1660 3316 1727 3363 vero,

947 3396 960 3420 ι
975 3390 1081 3442 quorum
1095 3395 1142 3446 ope
1153 3386 1179 3433 et
1195 3386 1321 3449 preterita
1336 3387 1500 3451 corrigemus,
1517 3399 1623 3449 quorum
1634 3386 1730 3438 curatio

947 3485 959 3508 ιι
977 3467 1088 3517 nondum
1103 3470 1200 3532 penitus
1219 3475 1258 3522 est
1272 3473 1418 3537 desperata,
1440 3475 1466 3523 et
1479 3472 1643 3537 presentibus
1655 3474 1731 3524 rebus

947 3572 960 3596 ιι
975 3552 1063 3602 meiius
1076 3555 1253 3619 consulemus,
1269 3558 1352 3610 dicere
1367 3564 1482 3609 conabor.
1512 3563 1669 3621 Quamquam
1681 3574 1729 3609 non

949 3658 961 3682 ι
975 3650 1015 3687 me
1037 3637 1124 3703 latet„
1141 3642 1212 3704 iore,
1232 3644 1260 3693 ut
1287 3645 1410 3695 nonnullis
1440 3649 1553 3697 restmm
1576 3647 1682 3696 insanire
1705 3651 1732 3696 et

948 3753 961 3777 ιι
976 3735 1080 3783 mortem
1104 3738 1218 3800 appetere
1245 3736 1338 3798 ridear,
1365 3737 1423 3801 quta
1445 3736 1479 3787 de
1502 3734 1540 3786 bis
1561 3734 1637 3785 rebus
1655 3734 1731 3784 libere

950 3841 964 3866 ιι
978 3821 1123 3872 sententiam
1161 3823 1239 3873 dicere
1265 3837 1314 3874 non
1340 3822 1441 3886 dubito,
1482 3821 1732 3873 animadvertentibus

949 3931 961 3953 ιι
976 3924 1052 3974 quam
1065 3911 1202 3975 periculosa
1217 3912 1251 3963 sit
1263 3911 1362 3964 dicendi
1383 3913 1496 3973 libertas,
1512 3913 1538 3961 et
1560 3908 1732 3973 reputantibus

950 4022 963 4045 ιι
977 4003 1095 4054 miserum
1109 4004 1194 4055 Marcii
1208 4002 1367 4068 casum,qui
1385 4017 1434 4053 non
1449 4001 1566 4053 obeliero
1579 4012 1693 4050 caussam
1707 3998 1732 4049 in

951 4112 963 4135 ιι
981 4092 1068 4156 capitis
1081 4092 1222 4144 discrimine
1240 4104 1305 4142 nunc
1323 4094 1445 4142 serentur.
1480 4089 1527 4141 Sed
1547 4088 1647 4139 minime
1666 4086 1731 4136 arbi·

952 4201 964 4225 ιι
978 4185 1040 4241 tror,
1061 4181 1179 4232 maiorem
1195 4179 1297 4245 prisatae
1310 4177 1414 4238 salutis,
1428 4191 1502 4241 quarn
1522 4175 1627 4241 publicae
1640 4174 1733 4225 utilite*

952 4290 964 4311 ι
978 4267 1024 4327 tis,
1039 4269 1159 4318 rationem
1177 4266 1322 4318 habendum.
1369 4269 1445 4327 Nam,
1471 4268 1557 4316 Petres
1584 4262 1731 4326 conscripti,

951 4379 964 4404 ι
985 4357 1099 4424 periculis
1127 4360 1209 4409 restra
1225 4370 1313 4408 causss
1333 4355 1465 4407 subeundis
1484 4368 1567 4407 meum
1582 4366 1672 4417 corpus
1684 4351 1733 4400 iun

953 4470 965 4495 ιι
982 4448 1134 4500 uetustum
1147 4452 1193 4510 ast,
1206 4452 1232 4497 ct
1244 4460 1289 4512 pro
1311 4445 1453 4511 reipublice
1468 4443 1642 4496 certaminibus
1654 4440 1730 4489 dero·

953 4559 965 4583 ιι
980 4541 1043 4588 tum.
1080 4538 1166 4601 ltaque
1189 4533 1312 4598 quidquid
1322 4533 1370 4585 deo
1379 4535 1461 4584 visum
1475 4532 1562 4591 luerit,
1574 4533 1600 4581 et
1613 4541 1671 4576 curu
1682 4539 1734 4574 om·

953 4646 966 4670 ι
981 4625 1068 4686 nibus,
1081 4626 1172 4674 etcum
1191 4623 1288 4686 paucis,
1306 4622 1340 4680 ct,
1359 4620 1491 4672 sinccessc
1508 4617 1597 4674 luerit,
1610 4613 1678 4663 solus
1695 4624 1735 4674 ge·

954 4734 967 4759 ι
984 4726 1072 4764 nerose
1085 4711 1212 4776 perierem.
1227 4711 1351 4773 ceterum,
1368 4705 1487 4772 quamdiu
1498 4705 1589 4763 vixero,
1600 4714 1640 4751 me
1651 4695 1734 4748 nullus

955 4825 967 4849 ι
984 4806 1065 4854 metus
1077 4817 1093 4853 a
1109 4801 1229 4853 ιοιιεοιιθο
1242 4798 1318 4850 libere
1330 4795 1435 4849 dicenda
1446 4792 1589 4846 deterrebit.

983 4967 1064 5015 xiix.
1077 4981 1090 5009 ι
1101 4965 1136 5013 tc
1149 4961 1258 5027 primum
1267 4960 1367 5024 quidem
1378 4957 1478 5009 tandem
1489 4953 1620 5017 aliouundo
1629 4951 1676 4999 hoc
1688 4961 1736 5000 sos

954 5078 966 5099 ιι
983 5060 1052 5109 certo
1072 5055 1134 5106 scire
1146 5054 1217 5114 volo,
1237 5065 1282 5101 ros
1296 5051 1410 5100 infestum
1431 5048 1605 5109 inimicamque
1620 5038 1741 5100 ιιιιτειειῖίε

955 5168 967 5191 ι
982 5127 1123 5209 reipublice
1140 5140 1214 5194 statui
1235 5138 1355 5205 plebeiam
1375 5134 1475 5187 turbem
1491 5132 1599 5192 trabere,
1619 5131 1644 5180 et
1662 5141 1732 5192 quer·

955 5255 967 5278 ι
985 5213 1082 5300 cunque
1100 5230 1175 5283 nimis
1196 5228 1350 5294 indulgenter
1366 5228 1388 5277 ei
1409 5221 1579 5285 concessistis,
1605 5220 1696 5270 trustra
1718 5231 1736 5267 ιι
