4068 5924
638 427 937 501 ANTiQUlTATUM
957 429 1104 492 ROMAN.
1127 433 1201 494 LIB.
1224 436 1276 497 lit.
1350 432 1354 440 ⁴

131 559 179 636 τῷ
193 555 275 635 τείχει
294 554 340 615 καί
356 556 519 634 πανταχόθεν
537 555 711 633 ποιησάμενοι
731 557 778 625 τὰς
793 559 907 635 προσόο·

134 645 187 713 λάς
202 645 319 724 αἱροῦσιν
333 640 413 715 αὐτὴν
428 641 497 702 κατὰ
508 641 614 724 κράτος.
672 644 791 725 Μάρκιος
802 647 829 705 δὲ
842 649 909 707 Τελ·

135 732 220 805 λήνας
235 732 310 790 πόλιν
333 735 384 790 τῶν
407 729 527 790 Λατίνων
546 732 662 810 ἐπιφανῆ
682 736 750 791 κατὰ
771 734 814 792 τὸν
835 737 912 795 αὐτόν

136 825 208 900 οίρεῖ
235 819 347 901 χρόνον,
375 820 405 877 ἐκ
425 816 596 899 παρατάξεώς
615 842 644 878 τε
671 823 780 890 νικήσας
802 821 849 881 καί
868 824 912 881 διὰ

14 974 17 993 γ
95 925 108 962 ε
132 907 311 988 τειχομαχίας
324 906 577 983 παραστησάμενος·
589 908 649 974 τοός
666 912 690 965 θ’
706 908 817 975 ἁλόντας
836 911 911 970 οθδὲν

134 988 173 1056 ὧν
196 987 270 1075 εἶχον
287 993 445 1075 ἀφελόμενος
462 996 498 1061 εἰς
517 993 628 1071 Ῥώμην
644 994 789 1072 μετήγαγε,
803 997 849 1055 καί
864 1003 911 1071 τῆς

132 1085 239 1151 πόλεως
252 1084 287 1150 είς
301 1081 469 1146 κατασκευήν
480 1084 568 1141 οἰκιῶν
579 1083 658 1143 τόπον
674 1084 831 1162 ἀπεμέρισε·
851 1089 908 1149 Με-

132 1171 258 1232 δόλλειάν
273 1195 301 1229 τε
312 1173 401 1251 τριετῆ
413 1169 561 1250 χρόνονίιπό
571 1173 624 1239 τοῖς
635 1171 758 1240 Λατίνοις
766 1176 909 1251 γενομένην

130 1265 172 1342 τῷ
197 1262 317 1341 τετάρτῳ
343 1259 478 1336 κομίζεται
493 1258 573 1318 πάλιν
595 1262 704 1340 ἀνιαυτῷ
727 1261 836 1329 πολλαῖς
863 1266 909 1324 καί

86 1370 107 1406 ιο
133 1350 266 1426 μεγάλαις
297 1345 538 1428 παραστησάμενος
562 1346 671 1427 μάχαις.
716 1348 769 1407 Καὶ
795 1350 851 1426 μετ’
879 1356 909 1413 οὗ

132 1434 201 1495 πολὺ
218 1435 267 1505 τήν
283 1434 438 1494 Φικαναίων
454 1435 524 1512 αίρεῖ
538 1428 629 1505 πόλιν,
644 1434 677 1504 ἣν
688 1434 768 1514 τρίτῳ
783 1437 908 1516 πρότερον

132 1526 246 1603 ἐνιαυτῷ
270 1521 361 1580 λαόεδν
381 1524 440 1581 καθ’
456 1519 614 1599 ὁμολογίας,
636 1521 682 1579 καὶ
705 1522 764 1589 τοὺς
784 1522 809 1591 ἐξ
829 1528 908 1599 αὐτῆς

133 1613 256 1677 ἅπαντας
271 1614 306 1677 είς
317 1609 426 1686 Ῥώμην
441 1608 615 1687 μεταγαγὼν,
632 1608 697 1668 ἀλλο
710 1609 737 1668 δὲ
750 1615 796 1681 τῆς
809 1612 909 1684 πόλεως

134 1699 208 1759 cotis
229 1697 371 1771 κακώσας,
388 1695 580 1775 ἐπιεικέστερον
598 1698 699 1772 μᾶλλον
712 1696 730 1768 ή
744 1700 906 1778 φρονιμώτε-

86 1808 107 1845 ιε
134 1811 176 1866 ραν
184 1787 259 1855 ἔδοξε
272 1785 451 1867 βουλεύεσθαι.
494 1784 632 1851 ’Ennianos
645 1784 695 1864 γὰρ
708 1787 908 1856 ἀποστείλαντες

135 1879 171 1943 εἰς
194 1874 279 1947 αὐτὴν
294 1877 319 1932 oi
338 1877 462 1948 Λατῖνοι,
478 1873 524 1931 καὶ
539 1871 587 1943 τήν
603 1871 693 1951 χώραν
712 1874 797 1932 αὐτῶν
811 1875 906 1934 διακα-

131 1964 269 2044 τέχοντες,
299 1962 374 2020 αὐτοὶ
401 1960 448 2031 τήν
477 1963 529 2018 τῶν
553 1959 708 2021 Φικαναίων
734 1964 906 2039 ἐκαρποῦντο·

134 2050 199 2110 ὥστ’
214 2048 369 2124 ἠναγκάσθη
383 2047 463 2108 πάλιν
477 2051 491 2106 ὁ
503 2048 622 2129 Μάρκιος
631 2047 661 2106 τὸ
673 2046 791 2128 δεύτερον
806 2049 848 2109 tut
859 2050 907 2121 τήν

133 2139 210 2199 πόλιν
223 2142 398 2218 στρατεῦσαι,
411 2138 456 2195 καί
472 2134 538 2211 μετδι
554 2138 652 2207 πολλῆς
662 2137 847 2216 πραγματείας
861 2141 907 2197 κύ-

86 2252 110 2291 tu
133 2250 189 2308 ριος
211 2228 293 2296 αὐτῆς
307 2224 443 2293 καταατάς
457 2222 592 2302 ἀμπρῆααί
614 2247 642 2281 τε
657 2225 704 2290 τάς
719 2225 802 2290 οἰκίας
816 2226 860 2284 καὶ
873 2226 907 2286 τθ

135 2316 213 2394 τείχη
227 2313 411 2392 κατασκάψαι.

171 2404 310 2465 xxxix,
324 2398 402 2460 Μετά
412 2404 486 2460 τοῦτο
494 2397 608 2477 γίνονται
618 2398 738 2460 Λατίνων
745 2423 774 2458 τε
785 2399 830 2465 καί
838 2398 907 2460 Ῥω·

134 2491 219 2566 μαίων
233 2491 361 2568 μεγάλαις
376 2488 502 2564 δυνάμεσι
516 2484 743 2564 παραταξαμένων
755 2488 842 2568 μάχαι
853 2491 907 2548 διτ-

133 2579 186 2640 ταί.
198 2582 242 2659 Τῇ
251 2579 298 2653 μὲν
306 2567 350 2637 οθν
362 2574 475 2656 προτέρα
484 2574 564 2654 μέχρι
573 2576 671 2633 πολλοῦ
686 2576 904 2655 διαγωνισάμενοι

83 2694 109 2733 τε
134 2669 181 2726 καί
193 2667 309 2736 δόξαντες
321 2667 456 2745 ἰσόρροποι
468 2664 600 2744 γεγονέναι
611 2663 791 2744 διεκρίθησαν,
805 2665 851 2725 καί
862 2667 906 2726 ἐπὶ

136 2753 198 2824 τοθς
217 2756 295 2821 ἰδίους
318 2754 440 2832 ἑκάτεροι
462 2753 583 2832 χάρακας
598 2753 806 2833 ἀπηλλάγησαν·
825 2776 859 2834 τη
883 2757 906 2814 δ’

135 2843 232 2924 θοτέρφ
256 2842 387 2917 Ῥωμαῖοι
410 2843 502 2899 νικῶσι
522 2840 582 2907 τοὺς
609 2840 736 2908 Λατίνους
761 2842 806 2899 καί
827 2842 906 2921 μέχρι

135 2930 313 3010 στρατοπέδω
329 2929 466 2989 διώκουσι.
509 2926 586 2989 Μετά
602 2927 630 2987 δὲ
646 2927 692 2993 τὰς
706 2926 795 3008 μάχας
810 2929 906 2998 ταύτας

135 3017 205 3094 ἀγὼν
221 3016 269 3093 μίν
285 3020 315 3075 ἐκ
329 3016 500 3096 παρατάξεως
515 3014 597 3081 οὐδεὶς
613 3017 699 3082 αδτοῖς
715 3014 754 3074 ἔτι
770 3016 833 3097 πρὸς
852 3020 904 3077 ἀλ·

83 3122 107 3159 ιιι
133 3105 231 3175 λήλους
253 3107 379 3177 συνίστη,
401 3104 567 3183 καταδρομαὶ
585 3104 612 3164 δί
632 3107 679 3173 τῆς
698 3103 793 3182 ὁμόρου
816 3106 906 3186 χώρας

132 3194 183 3249 ὑπ’
195 3191 348 3271 ἀμφοτέρων
363 3196 477 3270 ἐγίνοντο
490 3191 622 3270 συνεχεῖς,
633 3196 679 3250 καὶ
690 3194 842 3270 συμπλοκαὶ
853 3199 904 3255 τῶν

132 3282 282 3361 περιπόλων
301 3285 346 3351 τῆς
360 3285 407 3358 γῆς
418 3278 520 3338 ἱππέων
534 3301 563 3337 τε
577 3278 623 3337 καί
635 3279 735 3359 ψιλῶν,
749 3280 776 3337 έν
789 3270 830 3348 αἷς
844 3282 906 3342 ἀπε-

133 3367 243 3446 κράτουν
258 3372 294 3434 ὡς
313 3366 347 3425 τὰ
366 3366 452 3425 πολλὰ
472 3366 619 3445 Ῥωμαῖοι,
639 3366 747 3443 δύναμιν
770 3367 906 3449 ὑπαίθριον

134 3456 234 3533 ἔχοντες
255 3459 283 3515 ἐν
303 3465 356 3522 τοῖς
375 3454 518 3533 ἀπικαίροις
538 3454 667 3535 φρουρίοις
688 3457 905 3530 ὑποκαθημένην,

82 3570 107 3608 ει
134 3532 166 3612 ἧς
188 3543 354 3623 όΤυρρηνὸς
381 3542 530 3623 Ταρκύνιος
550 3547 650 3618 ἡγεῖτο.
695 3541 857 3615 ’Λπὲοτηοαν
878 3546 905 3605 δὲ

134 3630 181 3688 καί
194 3632 335 3702 Φιδηναῖοι
351 3629 495 3706 Ῥωμαίων
508 3631 577 3689 κατὰ
588 3629 648 3697 τοὺς
667 3628 762 3694 αὐτοὺς
775 3630 903 3708 χρόνους,

133 3719 183 3775 οὐκ
196 3720 226 3776 ἐκ
244 3724 290 3777 τοῦ
305 3724 416 3799 φανεροῦ
429 3717 474 3776 τδν
488 3716 602 3794 πόλεμον
621 3716 819 3791 ἀναδείξαντες,
835 3715 905 3774 ἀλλά

132 3806 195 3865 κατ’
208 3810 312 3885 ὀλίγους
330 3807 374 3868 καί
395 3806 483 3887 κρύφα
502 3805 549 3879 τὴν
567 3805 657 3885 χώραν
672 3807 759 3864 αὐτῶν
773 3805 903 3884 καταδρα-

131 3904 195 3970 μαῖς
210 3901 430 3975 κακουργοῦντες·
443 3896 483 3975 ἀφ’
493 3892 564 3960 obed
578 3894 699 3971 Μάρκιος
708 3892 811 3973 εὐζώνῳ
821 3915 906 3969 στρα-

84 4010 108 4044 εο
132 3990 176 4063 τις
185 3982 294 4054 ἀλοίσας,
306 3984 368 4062 πρὶν
379 3981 397 4052 ἢ
410 3982 665 4062 παρασκευάσασθαι
677 3980 734 4048 τοὺς
745 3980 906 4053 Φιδηναίους

133 4067 166 4128 ab
185 4070 249 4148 πρδς
262 4070 308 4130 τδν
325 4072 455 4148 πόλεμον,
473 4070 549 4151 ἀγγδς
566 4076 613 4141 τῆς
628 4070 727 4135 πόλεως
743 4070 842 4128 τίθεται
862 4068 906 4127 τὸν

132 4157 250 4237 χάρακα.
294 4161 331 4219 Oi
346 4159 374 4217 δί
393 4160 454 4217 κατ’
468 4157 553 4238 ἀρχάς
568 4160 615 4232 μὲν
631 4159 732 4233 ἀγνοεῖν
743 4156 904 4226 ἐσκήπτοντο

131 4248 189 4303 ἀντὶ
204 4246 287 4305 ποίων
298 4248 471 4322 ἀδικημάτων
486 4244 597 4325 στρατός
607 4245 648 4301 ἐπ’
659 4242 751 4311 αὐτοὺς
762 4242 904 4319 Ῥωμαίων

133 4335 254 4413 ἀφῖκται·
278 4341 325 4395 τοῦ
346 4333 374 4394 δὲ
399 4330 528 4412 βασιλέως
549 4331 665 4397 είπόντος
685 4331 725 4390 ότι
745 4330 819 4398 δίκας
841 4351 894 4408 παρ

84 4443 107 4479 ω
132 4424 217 4480 αὐτῶν
238 4421 298 4493 ἥκει
315 4422 463 4500 ληψόμενος
481 4412 517 4478 ὧν
540 4418 689 4498 διήρπασάν
704 4442 733 4477 τι
754 4418 800 4477 καί
824 4417 904 4476 κατί-

132 4506 239 4588 dispas
257 4511 338 4567 αὐτοῦ
352 4508 401 4580 τήν
417 4513 483 4586 γῆν,
498 4510 673 4584 ἀπελογοῦντο
685 4508 750 4584 πρὸς
763 4510 860 4577 ταῦτα,
871 4507 906 4570 ὡς

130 4599 159 4656 αθ
172 4597 205 4656 τὸ
227 4597 312 4656 κοινόν
326 4597 408 4655 αίτιον
424 4598 465 4668 εἴη
480 4600 533 4654 τῶν
552 4595 738 4670 ἀδικημάτων,
750 4592 795 4653 καί
811 4592 906 4674 χρόνον

130 4687 234 4762 ismae
250 4688 286 4751 εἰς
296 4683 436 4762 διάγνωσίν
448 4705 476 4740 τε
488 4681 533 4741 καί
547 4682 654 4753 ζήτησιν
669 4684 722 4739 τῶν
736 4681 834 4758 ἐνόχων
846 4679 904 4745 ταῖς

130 4772 299 4843 aidemari
320 4772 421 4837 πολλάς
434 4770 596 4850 κατέτριψαν
611 4767 728 4847 ἡμέρας,
748 4767 906 4846 πράττοντες

82 4878 107 4916 ει
131 4859 178 4937 μίν
196 4860 270 4919 οθδθν
286 4862 340 4918 τῶν
352 4861 482 4931 δεόντων,
493 4858 697 4931 ἐπικαλούμενοι
708 4852 735 4913 δὲ
747 4854 833 4931 κρόφα
847 4851 906 4918 τοὺς

129 4946 292 5024 συμμάχους
300 4945 346 5005 καὶ
356 4945 417 5024 περί
432 4942 599 5014 κατασκευήν
612 4942 700 5001 ὅπλων
719 4940 863 5018 γινόμενοι.

168 5037 233 5097 XL.
247 5032 348 5094 Μαθὼν
359 5032 387 5092 δί
398 5034 445 5104 τὴν
459 5033 574 5090 διάνοιαν
585 5032 695 5111 αὐτῶγό
709 5028 827 5106 Μάρκιος
842 5029 905 5084 bne

129 5122 225 5187 νόμους
239 5119 353 5200 ὤρυττεν
368 5120 422 5179 ἀπὸ
432 5123 479 5191 τῆς
494 5118 560 5186 ἰδίας
576 5116 775 5198 παρεμόολῆςά
794 5115 903 5190 ξάμενος

130 5209 181 5270 inb
194 5208 230 5267 τά
243 5207 320 5287 τείχη
334 5211 381 5279 τῆς
394 5208 507 5280 πόλεως,
522 5206 568 5265 καὶ
582 5204 672 5277 iactet
685 5204 758 5270 τέλος
769 5138 840 5282 κίχεν
850 5200 902 5274 ήδη

1683 450 1742 509 165

966 584 1019 619 sam
1026 571 1103 621 muris
1116 573 1224 638 undique
1232 577 1377 641 oppugnatis
1391 578 1416 629 vi
1429 584 1553 645 oeperunt.
1586 578 1619 634 At
1632 585 1742 636 Mucius

967 682 1080 733 ‘tellenas
1100 684 1224 736 οίνὶιιιιετο
1235 687 1379 739 Latinorum
1389 690 1509 753 insignem
1525 693 1611 745 eodem
1631 698 1742 763 tempore

967 796 1042 858 cepit,
1050 795 1135 848 hostes
1145 798 1198 849 acte
1206 799 1285 850 uictos
1296 804 1320 851 et
1328 808 1481 868 expugnatos
1486 805 1510 854 in
1517 806 1665 858 deditionem
1670 810 1737 861 aoei-

966 903 1034 968 picam
1048 921 1056 955 ε
1074 907 1233 973 captivosque
1249 911 1316 962 nulia
1328 926 1356 964 re
1372 914 1488 978 spoliatos
1499 918 1601 966 bornam
1612 920 1735 982 traduxit,

966 1021 991 1068 ct
1012 1018 1043 1067 ad
1060 1018 1146 1070 domos
1164 1022 1317 1074 fabricandas
1340 1025 1408 1075 urbis
1429 1027 1510 1078 iocum
1534 1028 1565 1079 iis
1586 1031 1735 1095 assignarit;

966 1133 992 1180 et
1002 1131 1145 1183 Medulliam
1160 1148 1204 1197 per
1213 1135 1345 1187 triennium
1358 1150 1373 1187 a
1385 1139 1479 1191 utinis
1492 1143 1627 1205 ramnum,
1647 1150 1735 1209 quarto

965 1244 1064 1296 demum
1082 1260 1145 1298 anno
1157 1249 1384 1315 muitisetmagnis
1399 1254 1490 1317 praeliis
1506 1261 1647 1321 superatam
1666 1274 1735 1312 rece·

964 1359 1008 1423 pit.
1041 1362 1126 1425 Neque
1151 1362 1229 1414 multo
1244 1368 1301 1429 post
1321 1364 1434 1418 Ficanam
1456 1372 1666 1434 expugnarit,ex
1686 1388 1736 1439 qua

964 1471 1025 1522 urbe
1034 1473 1170 1525 tertioamte
1178 1488 1241 1526 anno
1248 1490 1292 1541 per
1299 1476 1448 1529 deditionem
1457 1483 1529 1544 capta
1535 1480 1735 1545 piebemomnem

962 1595 1065 1643 Romam
1091 1594 1248 1659 traduxerat,
1269 1611 1349 1662 neque
1368 1597 1420 1648 uiio
1441 1603 1560 1663 preterea
1590 1600 1736 1658 detrimento

963 1705 1050 1754 urbem
1070 1705 1200 1762 atteeerat.
1222 1708 1323 1757 consitio
1347 1708 1439 1759 mitiori
1466 1722 1541 1773 (μενοι
1563 1711 1732 1775 prudentiori:

962 1810 1042 1859 Latini
1065 1810 1142 1870 enbu,
1157 1811 1238 1861 missis
1255 1811 1279 1861 in
1299 1826 1354 1863 cam
1373 1813 1464 1864 colonis
1476 1818 1501 1864 ct
1522 1827 1580 1877 agro
1597 1820 1732 1878 occupato,

963 1921 1011 1984 ipsi
1023 1922 1192 1974 Ficanensinm
1204 1938 1262 1990 agro
1271 1925 1429 1988 fruebantur,
1448 1926 1483 1978 ita
1496 1931 1525 1978 nt
1538 1928 1620 1979 denuo
1633 1943 1733 1994 cogere·

962 2030 1004 2078 tur
1022 2030 1130 2080 Marcius
1143 2031 1278 2083 exercitum
1293 2036 1379 2083 contra
1389 2033 1476 2083 urbem
1494 2034 1560 2085 illam
1575 2034 1682 2094 ducere,
1693 2049 1733 2086 ea-

961 2145 1011 2195 que
1025 2146 1073 2182 non
1089 2134 1142 2183 sinc
1155 2147 1243 2197 magno
1255 2135 1353 2197 negotio
1375 2136 1468 2200 potitus
1481 2136 1586 2188 mdidcm
1605 2138 1735 2191 incendere

961 2243 987 2290 et
1001 2253 1084 2290 mums
1094 2240 1212 2293 demoliri.

992 2402 1098 2451 xxxix.
1112 2404 1200 2452 Postea
1210 2402 1261 2452 duo
1275 2403 1362 2467 proeiia
1383 2404 1447 2454 inter
1459 2407 1559 2455 Latinos
1570 2411 1596 2456 et
1608 2411 1730 2461 Romanos

962 2493 1056 2555 mamis
1066 2494 1141 2558 copiis
1149 2507 1259 2558 egressos
1268 2496 1398 2545 commissa
1406 2499 1471 2546 sunt.
1479 2500 1515 2547 Es
1524 2498 1614 2563 priore,
1623 2514 1680 2551 curn
1689 2503 1733 2553 diu

961 2592 1108 2653 pugnassent
1121 2596 1147 2640 et
1157 2604 1231 2655 aequo
1242 2596 1320 2641 marte
1334 2596 1440 2642 certasse
1450 2592 1599 2658 viderentur,
1611 2595 1731 2649 discesse-

960 2685 1019 2732 runt
1044 2688 1069 2733 et
1085 2683 1183 2749 utrique
1199 2697 1226 2734 se
1238 2684 1265 2734 in
1283 2698 1328 2734 sua
1339 2688 1420 2735 castra
1432 2691 1576 2750 receperunt
1588 2706 1595 2736 z
1608 2690 1633 2740 in
1647 2695 1729 2754 postc-

962 2777 1027 2829 riore
1051 2791 1109 2828 vcro
1124 2779 1226 2829 Romani
1248 2779 1347 2829 Latinos
1364 2779 1476 2830 uicerunt
1496 2785 1523 2833 ct
1543 2797 1620 2846 usque
1639 2785 1672 2835 ad
1688 2799 1732 2836 ca·

960 2876 1014 2924 stra
1027 2875 1151 2939 persecuti
1162 2878 1228 2925 sunt.
1236 2876 1295 2926 Post
1306 2875 1359 2925 bec
1369 2875 1458 2939 proeiia
1475 2890 1609 2940 numquam
1625 2882 1733 2944 amptius

960 2970 986 3019 in
997 2970 1049 3020 acie
1069 2973 1189 3021 certatum
1203 2973 1255 3029 est;
1271 2969 1315 3021 scd
1328 2970 1360 3021 ab
1376 2970 1486 3034 utrisque
1503 2972 1653 3025 incursiones
1672 2991 1731 3028 cna·

961 3065 1038 3115 tinuae
1051 3064 1076 3114 in
1087 3078 1158 3129 agros
1171 3065 1287 3115 finitimos
1300 3065 1405 3128 itabant,
1417 3068 1443 3116 et
1454 3065 1518 3116 inter
1529 3067 1624 3131 equites
1636 3073 1662 3121 et
1673 3072 1732 3123 reti·

960 3163 998 3212 tes
1014 3163 1058 3224 qui
1074 3174 1160 3225 agrurn
1174 3162 1333 3213 obcumibant
1351 3162 1484 3212 certamina
1503 3164 1729 3228 committebantur,

961 3271 992 3308 ex
1004 3258 1094 3323 quibus
1105 3258 1250 3322 picmmque
1263 3259 1364 3308 Romani
1377 3258 1481 3309 victores
1492 3258 1663 3322 discedebant,
1673 3263 1732 3324 quia

960 3354 1043 3418 copias
1059 3354 1161 3405 eductas
1179 3358 1205 3404 et
1217 3356 1242 3404 in
1258 3354 1365 3405 castaliis
1377 3354 1521 3419 opportunis
1539 3355 1670 3408 collocatas
1684 3359 1731 3409 ha-

962 3453 1065 3509 bebant,
1085 3451 1175 3515 quibus
1193 3452 1339 3515 Tarquinius
1355 3455 1475 3501 Etruscus
1490 3456 1604 3514 preerat.
1637 3456 1730 3507 Eodem

960 3555 1043 3602 autem
1057 3554 1166 3613 tempore
1182 3551 1208 3597 ct
1220 3548 1348 3599 Fidenates
1359 3562 1374 3597 a
1385 3550 1499 3599 Romanis
1516 3551 1672 3612 deiecerunt,
1683 3567 1732 3603 nnn

960 3647 1044 3709 aperte
1064 3642 1128 3693 betto
1156 3641 1261 3700 indicto,
1287 3641 1332 3690 sed
1358 3642 1446 3707 exigua
1466 3643 1592 3695 hominum
1613 3659 1687 3695 manu
1706 3650 1732 3695 et

959 3738 1062 3790 occultis
1078 3735 1256 3787 incursionibus
1271 3748 1455 3798 serumserum
1469 3741 1611 3789 vmtantes:
1629 3739 1655 3790 in
1668 3753 1731 3801 quos

960 3832 1069 3885 Marcius
1081 3845 1138 3882 curn
1153 3828 1266 3894 expedito
1278 3829 1384 3879 exercitu
1394 3812 1526 3894 protectus,
1539 3831 1680 3895 priusquam
1692 3844 1733 3881 res

959 3932 992 3983 ad
1004 3931 1095 3982 beilum
1115 3927 1265 3980 necessarius
1279 3927 1434 3991 paravissent
1449 3939 1525 3990 pmpe
1543 3926 1629 3975 urbem
1649 3927 1731 3977 castra

959 4024 1052 4091 posuit.
1083 4027 1116 4073 nt
1126 4023 1161 4073 itii
1174 4021 1292 4086 principio
1303 4019 1403 4084 quidem
1419 4018 1567 4069 simulabant
1580 4032 1608 4068 se
1621 4018 1731 4082 ἰφοοεατο

959 4124 992 4176 nb
1005 4136 1066 4187 quas
1081 4121 1184 4172 iniunm
1194 4122 1359 4170 Romanomm
1372 4115 1494 4167 exercitus
1511 4118 1596 4166 eontra
1607 4129 1633 4166 sc
1645 4116 1731 4167 renis·

961 4223 1019 4270 set:
1036 4208 1080 4269 scd
1098 4231 1155 4267 eum
1173 4229 1218 4265 rex
1236 4213 1401 4278 respondisset
1418 4212 1501 4263 venna
1518 4226 1547 4262 se
1566 4214 1595 4263 ui
1609 4216 1731 4278 repeteret

896 4332 904 4355 ι
959 4313 991 4363 ab
1011 4310 1070 4374 ipsis
1087 4323 1171 4373 pesnas
1185 4308 1217 4357 ob
1234 4321 1318 4371 agrurn
1335 4305 1481 4370 populatum
1502 4308 1529 4356 et
1546 4307 1687 4369 cunum,
1701 4319 1729 4358 ce

959 4409 991 4459 de
1008 4407 1048 4459 his
1068 4407 1204 4471 purgabant
1219 4408 1245 4455 ct
1262 4403 1323 4454 nitati
1334 4403 1424 4453 horum
1438 4401 1614 4453 mdcunorun
1630 4399 1730 4464 publico

959 4504 1061 4556 consilto
1086 4504 1179 4553 tactum
1206 4500 1319 4551 dicebant
1347 4504 1493 4562 tempusque
1516 4497 1672 4562 postulabant
1696 4495 1730 4546 ad

958 4604 1120 4670 cognitionem
1141 4614 1235 4652 mussas
1253 4603 1279 4651 et
1298 4599 1330 4651 ad
1349 4599 1435 4650 noxios
1457 4594 1641 4663 perquirendos.
1695 4597 1728 4645 At

958 4707 1049 4759 multos
1056 4705 1110 4756 diss
1121 4702 1337 4763 consumpserunt,
1350 4698 1410 4747 nibil
1422 4711 1508 4747 corum
1520 4706 1577 4758 qum
1587 4691 1639 4742 iteri
1650 4702 1729 4754 opor·

958 4805 1027 4857 tcbat
1036 4802 1168 4861 iacientes,
1186 4797 1231 4850 sed
1242 4797 1305 4847 ciam
1318 4796 1439 4846 sociorum
1453 4791 1543 4843 emilia
1560 4788 1726 4853 implorantes,

958 4909 983 4957 et
996 4916 1120 4954 mmorum
1134 4896 1262 4964 apparatui
1271 4907 1370 4960 operam
1383 4893 1512 4943 natantes.

988 5038 1036 5087 xi.
1050 5035 1098 5087 Sed
1110 5033 1229 5091 Marcius,
1243 5028 1340 5092 cognito
1350 5041 1434 5078 eorum
1447 5026 1561 5085 oonsilio,
1575 5022 1729 5074 ennicuioea

958 5112 1046 5166 castris
1060 5124 1139 5175 usque
1147 5110 1179 5161 ad
1187 5108 1256 5160 urbis
1268 5106 1358 5160 moenia
1368 5116 1440 5167 agere
1449 5103 1539 5168 capit:
1557 5103 1582 5155 et
1593 5112 1665 5166 opere
1678 5098 1728 5151 iam

958 5200 1070 5254 absoluto
1095 5198 1179 5263 copias
1205 5198 1291 5249 eontra
1314 5190 1508 5252 manuduxit,
1532 5188 1612 5241 albus
1642 5199 1729 5239 secum
