4088 5936
647 406 941 483 ANTIQUITATUM
962 409 1111 473 ROMAN.
1134 411 1207 474 LlB.
1228 410 1277 473 lV.

163 539 269 621 γάρτῷ
281 538 452 622 πρισύυτέρῳ
465 543 594 624 τολμηρῷ
614 540 660 600 καί
675 541 784 601 αὐθάδει
797 542 845 601 καί
857 542 951 622 τυραν-

161 634 228 712 νικῷ
242 628 290 702 την
310 630 387 708 φύσιν
398 629 455 690 όντι
469 632 572 710 χρηστὴ
596 629 643 690 καί
666 629 777 712 σώφρων
803 630 849 690 καί
869 633 946 711 φιλο-

161 719 256 797 πάτωρ
271 721 383 790 συνῆλθε
405 719 482 798 γυνή·
497 718 614 799 Ἀρρόντι
632 718 660 779 δί
674 723 713 800 τῷ
735 719 854 800 νεωτίρῳ
878 718 947 779 πολὺ

161 804 193 866 τδ
210 815 295 888 πρᾷον
310 805 398 886 ἔχωτε
419 805 466 866 καλ
479 807 629 886 εὐλόγιστον
647 805 742 868 ἀνοσία
766 806 812 866 καὶ
832 809 947 884 μισοπά-

17 958 20 975 ,
122 944 136 979 5
161 927 216 984 τωρ
238 903 284 963 καί
308 903 459 981 πάντολμος
485 898 517 976 ην
539 907 556 976 ἡ
582 903 698 985 γαμετή.
742 902 890 966 Teutonus
915 908 946 978 δη

160 995 216 1050 τῶν
236 993 338 1070 ἀνδρῶν
358 992 475 1074 ἑκατέρῳ
494 994 617 1071 φέρεσθαι
643 994 692 1071 μὲν
712 992 756 1053 ίπί
776 994 822 1066 τὴν
850 999 946 1054 ἑαυτοῦ

160 1080 254 1159 φύσιν,
267 1076 429 1159 μετάγεσθαι
439 1082 467 1139 δὲ
486 1080 536 1140 ὑπὸ
551 1085 598 1152 τῆς
608 1081 732 1160 γυναικὸς
747 1084 791 1142 ἐπὶ
803 1082 944 1142 τάναντία·

160 1171 177 1225 δ
190 1167 240 1243 μέν
253 1190 283 1244 γε
294 1169 407 1246 πονηρὸς
420 1168 541 1228 έκθαλεῖν
560 1173 607 1242 τῆς
625 1170 762 1249 βασιλείας
781 1171 827 1231 τδν
843 1172 943 1244 κηδεσ-

158 1254 209 1328 τὴν
222 1257 436 1336 προθυμούμενος
446 1255 492 1314 καί
506 1257 594 1316 πάντα
610 1260 794 1339 μηχανώμενος
809 1262 846 1327 είς
856 1264 944 1337 τοῦτο,

109 1382 134 1421 10
159 1345 212 1405 θπδ
231 1349 278 1418 τῆς
295 1347 415 1426 χρηστῆς
433 1346 555 1425 γυναικὸς
573 1348 742 1424 μετεπείθετο
755 1347 946 1421 ἀντιθολούσης

159 1433 251 1495 τεκαὶ
266 1433 436 1516 ὀδυρομένης·
460 1439 475 1495 θ
491 1436 514 1494 δ’
530 1436 647 1509 ίπιεικης
664 1434 737 1497 ούδδν
759 1436 876 1515 οίόμενος
891 1438 944 1497 δεῖν

159 1521 357 1603 ἐξαμαρτάνειν
372 1526 408 1591 εἰς
420 1522 464 1583 τδν
487 1527 610 1601 πενθερὸν
626 1525 695 1585 ἀλλά
714 1526 881 1608 περιμένειν,
895 1524 944 1593 θοις

159 1617 178 1685 ἡ
201 1611 279 1693 φύσις
299 1612 376 1672 αὐτὸν
391 1614 422 1671 έκ
434 1618 480 1672 τοῦ
496 1616 544 1685 ζῆν
558 1613 691 1694 έξαγάγη,
706 1613 754 1674 καλ
772 1614 816 1674 τὸν
832 1614 943 1694 ἀδελφὸν

158 1701 207 1760 οὐκ
235 1703 285 1760 θῶν
308 1699 433 1781 πράττειν
457 1699 491 1763 τά
508 1701 546 1778 μὴ
572 1701 677 1779 δίκαια,
692 1703 744 1762 tub
766 1707 814 1774 τῆς
839 1703 945 1770 ἀνοσίας

110 1828 133 1868 ,,
159 1789 340 1867 γυναικδςίπὶ
363 1789 492 1849 τάναντία
509 1789 640 1869 μετήγετο
659 1788 829 1863 νουθετούσης
842 1811 871 1849 τε
898 1790 945 1849 καὶ

156 1878 359 1957 λοιδορουμένης
378 1878 424 1939 καί
449 1878 497 1950 τὴν
522 1879 662 1959 ἀνανδρίαν
684 1878 854 1953 κακιζούσης.
897 1880 945 1946 Ὡς

160 1966 185 2025 δ’
199 1963 275 2026 οθδίν
286 1967 420 2048 ἐπέραινον
436 1966 492 2028 οὔτ’
506 1968 535 2027 αί
550 1972 596 2041 τῆς
611 1967 743 2050 σώφρονος
764 1971 895 2037 λιτανεῖαι
910 1969 945 2028 τὰ

159 2054 291 2136 κράτιστα
312 2054 357 2114 τὸν
378 2057 408 2115 oi
431 2054 531 2115 δίκαιον
554 2056 637 2136 ἀνδρα
661 2057 819 2134 πειθούσης,
834 2055 894 2117 οὔτε
917 2058 944 2115 αί

158 2149 208 2218 τῆς
223 2152 321 2224 μιαρᾶς
341 2144 509 2223 παραινέσεις
527 2145 571 2205 tari
585 2147 631 2212 τδις
645 2146 763 2213 ἀνοσίους
775 2145 883 2225 πράξεις
899 2146 943 2207 τδν

109 2268 136 2308 20
159 2235 188 2293 αλ
201 2233 319 2312 πονηρὸν
337 2222 404 2291 ε’ίναι
418 2233 555 2314 πεφυκότα
567 2234 791 2314 παρακαλούσης,
805 2235 866 2293 ἀλλ’
882 2233 946 2293 ίκά·

158 2343 235 2402 τερος
245 2322 290 2381 ἐπὶ
299 2319 348 2393 τὴν
359 2324 452 2381 ίαυτοῦ
464 2321 540 2402 φύσιν
551 2321 657 2404 ίφίριτο
665 2322 711 2382 καὶ
722 2321 842 2402 λυπηρὰν
856 2326 947 2399 ἡγεῖτο

154 2409 207 2482 ’την
224 2409 262 2488 μὴ
273 2409 306 2468 τὰ
318 2410 397 2487 ὅμοια
410 2410 588 2490 βουλομένην,
599 2434 631 2489 τη
645 2410 693 2487 μίν
704 2408 843 2489 ὀδύρεσθαί
857 2432 888 2470 τε
899 2410 945 2469 καί

160 2498 249 2579 φέρειν
271 2497 317 2557 τὸν
332 2501 427 2572 εαυτῆς
441 2497 554 2576 δαίμονα
569 2502 677 2579 περιῆν·
701 2502 735 2578 τῇ
751 2497 778 2557 it
802 2497 947 2580 παντολμῳ

159 2587 335 2668 χαλεπαίνειν
349 2588 396 2648 καί
411 2591 599 2668 ἀπαλλαγῆναι
622 2588 708 2660 ζητεῖν
729 2592 776 2647 τοῦ
791 2593 946 2648 συνοικοῦν-

111 2708 137 2746 ης
161 2700 219 2743 τος.
250 2674 355 2738 Ἔπειθ’
369 2681 387 2749 ἡ
401 2675 470 2751 κακὴ
484 2676 532 2749 τὴν
550 2677 625 2758 φύσιν
640 2679 827 2753 ἀπονοηθεῖσα,
840 2675 886 2736 καί
900 2698 945 2733 νο-

162 2765 266 2841 μίσασα
290 2770 344 2832 τοῖς
360 2768 456 2837 έαυτῆς
481 2765 587 2845 τρόποις
604 2765 743 2845 ἁρμόττειν
768 2766 885 2842 μάλιστα
901 2766 946 2825 τὸν

161 2858 210 2927 τῆς
222 2857 336 2936 ἀδελφῆς
352 2854 452 2934 άνδρα,
469 2854 672 2933 μεταπέμπεταί
686 2856 711 2913 τ’
722 2854 801 2914 αὐτὸν
824 2857 860 2922 ὡς
880 2854 946 2936 ὑπὲρ

162 2943 309 3020 ἀναγκαίου
328 2944 486 3024 πράγματος
500 2942 683 3020 διαλεξομένη.

203 3035 310 3095 ΧΧΙΧ.
334 3033 390 3093 Καί
414 3033 504 3104 ἐπειδὴ
525 3032 697 3113 παρεγένετο,
718 3034 885 3109 μεταστῆναι
899 3058 946 3094 κε-

111 3143 138 3185 ³⁰
161 3122 281 3183 λούσασα
295 3121 353 3191 τοὺς
367 3121 452 3196 ένδον,
464 3122 510 3181 ἵνα
522 3122 589 3198 μόνη
604 3120 755 3203 διαλεχθείη
767 3122 833 3203 πρδς
852 3122 944 3201 μόνον·

163 3240 177 3264 ι
196 3201 266 3292 Ἆρ’,
280 3210 374 3291 έφησεν
382 3258 390 3284 ,
406 3200 429 3270 όν
443 3212 594 3291 Ταρκύνιε,
615 3210 682 3288 μετά
696 3212 850 3295 παρρησίας
864 3212 948 3283 ἔξεστί

163 3329 176 3353 ι
199 3323 255 3379 μοι,
272 3300 318 3361 καί
332 3300 474 3368 ἀκινδύνως
497 3301 601 3361 ἅπαντα
617 3303 700 3360 εἰπεῖν
714 3302 763 3362 όσα
780 3308 867 3385 φρονῶ
882 3302 943 3382 περὶ

164 3418 177 3442 ι
200 3395 253 3451 τῶν
267 3394 343 3471 κοινῇ
358 3390 560 3472 συμφερόντων,
582 3388 628 3450 καί
642 3390 757 3459 καθέξεις
769 3392 812 3459 οὓς
826 3392 858 3451 ἂν
871 3391 948 3452 ἀκού-

164 3507 178 3532 e
199 3503 248 3560 σης
268 3478 374 3560 λόγουςς
389 3478 518 3550 ἣσιωπάν
532 3478 639 3556 άμιινόν
657 3478 714 3539 έστί
727 3503 773 3556 μοι
785 3480 831 3538 καί
852 3479 890 3556 μὴ
902 3481 948 3561 φέ-

36 3586 40 3593 ’
113 3596 139 3637 ος
165 3596 178 3622 ι
203 3591 256 3647 ρειν
270 3572 305 3634 εἷς
328 3567 408 3639 μίσον
424 3568 520 3647 βουλάς
533 3567 713 3648 ἀπορρήτους;
733 3594 747 3619 ν
769 3566 949 3636 Κελεύσαντος

166 3656 197 3716 δὲ
212 3663 258 3716 τοῦ
272 3657 420 3737 Ταρκυνίου
439 3656 525 3735 λε’γειν
537 3659 588 3718 ότι
606 3655 741 3736 βούλεται,
761 3655 881 3736 καὶπερὶ
901 3662 948 3715 τοῦ

168 3745 286 3813 καθεξειν
312 3748 340 3805 ίν
365 3751 452 3827 ἑαυτῷ
485 3743 544 3813 τούς
577 3747 668 3823 λόγους
691 3744 792 3811 πίστεις
819 3742 949 3811 ἐπιθέντος

167 3834 204 3893 δι’
226 3835 322 3915 ὅρκων,
344 3835 388 3904 οθς
413 3834 501 3909 ἐκείνη
531 3843 687 3917 προηριῑτο,
714 3832 788 3894 οὐδὲν
822 3834 861 3894 ἔτ’
889 3834 949 3894 αίσ·

164 3928 302 4004 χυνθεῐσα,
319 3926 390 4003 λέγει
415 3926 481 4004 πρὸς
497 3923 589 3984 αὐτόν·
609 3952 623 3976 ι
639 3923 731 4004 Μέχρι
743 3924 820 3997 τίνος,
834 3912 857 3982 ὦ
873 3925 952 4007 'inps

114 4042 141 4082 g,
167 4041 180 4065 ι
202 4012 286 4085 κύνει,
299 4018 346 4084 τῆς
364 4014 500 4093 βασιλείας
516 4011 723 4095 ἀποστερόμενος
738 4011 876 4091 ἀνέχεσθαι
896 4015 951 4075 δια-

167 4130 180 4153 ι
201 4106 265 4180 νοῇ;
288 4103 398 4182 πότερον
421 4105 451 4162 ίκ
466 4106 597 4162 ταπεινῶν
613 4102 659 4161 καὶ
688 4100 799 4178 ἀσήμων
813 4100 951 4182 έρυςπρο-

166 4219 179 4244 ι
201 4189 300 4269 γόνων,
314 4192 359 4251 καί
374 4192 418 4250 διδι
431 4196 509 4251 τοῦτο
528 4193 576 4251 οὐκ
596 4190 675 4261 ἀξιοῖς
689 4193 734 4250 ἐπὶ
753 4193 856 4269 σεαυτῷ
878 4190 948 4269 μέγα

166 4304 179 4329 ⁸
202 4279 318 4359 φρονεῖν;
333 4276 403 4338 άλλθι
420 4280 518 4349 πάντες
531 4280 620 4338 ίσασιν
639 4277 689 4351 ότι,
704 4286 755 4344 τοῖς
769 4278 817 4355 μὲν
830 4278 950 4357 ἀρχαίοις

165 4394 179 4422 ι
203 4370 276 4447 θμιῗιν
295 4368 432 4448 προγόνοις
444 4365 578 4441 Ἕλλησιν
592 4360 651 4430 ούσι
666 4369 712 4428 καί
727 4367 772 4449 ἀφ’
787 4366 951 4448 Ἡρακλέους

116 4483 142 4522 τε
167 4484 180 4509 ι
201 4457 331 4537 γεγονόσι,
345 4461 393 4529 τῆς
409 4460 561 4534 εὐδαίμονος
575 4458 652 4539 ἄρξαι
667 4457 795 4538 Κορίνθου
808 4456 857 4527 την
872 4458 950 4517 αύτο·

168 4547 320 4627 ικράτορα
339 4546 452 4627 ὑπῆρξεν
477 4550 562 4627 ἀρχὴν
584 4548 627 4608 tut
648 4544 759 4619 πολλάς,
784 4548 821 4613 ὡς
844 4543 950 4623 ἀκούω,

169 4663 184 4691 ι
204 4636 307 4713 γενεάς·
324 4639 363 4717 τῷ
384 4635 412 4696 ii
432 4636 535 4715 πάππῳ
554 4659 601 4697 σου
615 4636 756 4717 Ταρκυνίῳ
782 4635 951 4716 μεταθεμίνῳ

170 4752 183 4778 ι
205 4724 255 4796 τὴν
266 4724 369 4797 οἴκησιν
391 4726 422 4785 ta
444 4728 587 4804 Τυρρηνῶν
612 4726 710 4797 ταύτης
734 4725 890 4804 βασιλεῦσαι
904 4729 951 4795 τῆς

170 4841 182 4867 ι
203 4816 305 4882 πολεωτ
319 4815 450 4895 ίξεγίνετο
469 4816 502 4874 δι’
515 4814 626 4893 ἀρετήν·
638 4806 667 4874 ού
680 4814 712 4874 σὺ
733 4813 905 4892 κληρονομεῖν
920 4813 950 4871 ού

116 4936 145 4977 ςη
169 4930 184 4957 ι
204 4900 284 4979 μόνον
293 4907 346 4962 τῶν
357 4904 523 4984 χρημάτων,
536 4904 660 4963 ἀλλὰκαὶ
671 4908 718 4976 τῆς
734 4901 869 4979 βασιλείας
879 4900 949 4981 θφεί·

170 5018 185 5045 ι
205 4993 275 5068 λιες,
303 4993 479 5074 πρεσθύτερος
504 4991 596 5060 υίωνδς
620 4991 667 5054 ὧν.
710 4986 749 5051 Ἢ
767 4989 889 5067 σώματος
903 4991 951 5049 οὐκ

170 5110 183 5133 ι
205 5080 297 5161 έτυχες
316 5084 408 5143 ίκανοῦ
431 5082 555 5163 πράττειν
578 5082 628 5141 όσα
650 5083 755 5160 βασιλεῖ
777 5083 895 5159 προσῆκε
915 5079 949 5138 δι’

171 5201 183 5222 ι
206 5170 343 5231 ἀσθένειάν
367 5195 396 5232 τε
425 5173 471 5232 καὶ
498 5172 648 5252 ἀμορφίαν;
678 5168 748 5227 ἀλλά
776 5171 818 5229 σοί
841 5190 871 5245 γε
904 5167 950 5227 καί

170 5286 184 5316 ι
207 5258 284 5342 ῥύμη
312 5261 459 5342 περίεστιν,
491 5261 534 5320 σία
562 5262 618 5327 τοῖς
642 5257 773 5339 κράτιστα
804 5255 949 5338 πεφυκόσι,

1724 414 1783 475 215

1002 553 1122 615 quaerat
1140 551 1215 603 homo
1230 551 1313 601 audax
1327 555 1354 602 et
1370 564 1485 616 arrogans
1502 555 1529 604 et
1544 551 1642 618 ingenio
1656 553 1785 616 tyrannico

1004 648 1138 713 praeditus)
1160 663 1223 700 uror
1236 648 1315 714 proba
1334 653 1360 700 ct
1374 648 1486 699 modesta
1507 653 1582 713 atque
1601 650 1678 714 patria
1699 663 1784 700 amans

1004 748 1107 813 contigit
1119 767 1126 798 ε
1136 747 1225 797 trunti
1235 760 1294 797 vern
1303 746 1451 810 iuniori,qui
1460 749 1514 797 erat
1525 747 1597 810 ionga
1605 749 1754 799 mansuetior
1760 753 1786 801 at

1004 842 1196 905 benemoratus,
1212 856 1275 894 uxor
1285 846 1340 894 erat
1350 842 1466 902 scelesta,
1483 856 1540 906 que
1552 847 1646 908 patrem
1656 842 1714 894 odio
1724 858 1785 908 prn-

1002 941 1164 1004 sequebatur,
1183 942 1209 991 et
1221 938 1349 1004 quodtibet
1368 938 1464 988 facinus
1477 930 1594 989 audebat
1629 939 1725 991 accidit
1739 953 1784 989 au·

1002 1041 1053 1088 tem
1067 1039 1097 1089 ut
1123 1040 1228 1103 uisuque
1244 1037 1348 1088 maritus
1369 1036 1465 1101 iugenio
1481 1037 1670 1101 obsequeretur,
1686 1037 1731 1089 scd
1754 1038 1786 1089 ab

1001 1152 1080 1190 uxore
1092 1138 1118 1189 in
1128 1138 1264 1189 contrarias
1272 1141 1354 1203 partes
1364 1138 1554 1190 traduceretur:
1570 1138 1699 1204 improbus
1708 1141 1783 1200 saun,

1000 1248 1058 1285 cum
1070 1236 1172 1299 caperet
1183 1247 1297 1285 socerum
1313 1247 1387 1299 regno
1397 1234 1535 1299 expellere.
1560 1237 1586 1286 et
1600 1234 1682 1285 omnia
1700 1238 1787 1288 contm

1000 1327 1083 1392 ipsura
1095 1327 1232 1390 mobretur,
1243 1326 1275 1377 ab
1287 1340 1364 1378 unare
1376 1327 1491 1390 precibus
1504 1330 1530 1377 et
1541 1327 1649 1378 lacrimis
1659 1332 1785 1380 aamten·

1001 1423 1035 1476 tia
1048 1422 1219 1474 deducebatur
1238 1441 1245 1472 ι
1264 1420 1327 1472 alter
1341 1435 1415 1483 nero,
1430 1421 1474 1484 qui
1486 1422 1629 1484 eratmitis,
1649 1433 1707 1474 curn
1725 1421 1786 1475 nibii

999 1519 1025 1568 in
1040 1532 1154 1579 socerum
1163 1517 1381 1581 committendum,
1398 1516 1444 1568 sed
1457 1517 1652 1582 exspectandum
1665 1524 1783 1593 οοιιεοιοῑς

999 1616 1078 1666 donec
1091 1614 1145 1678 ipsa
1156 1616 1245 1664 natura
1258 1627 1290 1664 es
1305 1613 1357 1664 vita
1372 1626 1431 1664 aum
1445 1612 1576 1673 educeret,
1596 1625 1677 1676 neque
1695 1613 1785 1671 suimet

1000 1709 1103 1760 iratrcm
1124 1710 1204 1759 scetus
1216 1713 1328 1773 patrare,
1338 1709 1371 1760 ab
1384 1721 1463 1760 uxore
1475 1708 1550 1773 impia
1564 1707 1591 1757 in
1604 1707 1728 1758 contraria
1736 1710 1789 1764 tras

1000 1803 1146 1867 ducebatur,
1166 1818 1224 1867 quas
1242 1803 1324 1868 ipsum
1349 1803 1476 1864 mouebat,
1500 1806 1526 1853 at
1547 1801 1744 1863 conviciabatur,
1759 1812 1786 1856 et

1000 1899 1123 1963 ignaviam
1132 1898 1304 1964 exprobrabat.
1337 1898 1387 1950 Sed
1400 1913 1459 1950 cum
1471 1898 1533 1950 nibil
1544 1897 1694 1964 proicerent
1702 1910 1787 1962 preces

1000 1990 1085 2039 uxoris
1102 1989 1235 2051 modestas,
1257 2004 1314 2056 quae
1335 1992 1430 2057 optima
1444 1993 1499 2042 viro
1523 1991 1628 2042 scelesto
1652 1989 1785 2050 suadebat,

1000 2099 1080 2150 neque
1091 2086 1275 2139 adhortationes
1296 2087 1379 2152 impia
1398 2086 1480 2148 iilius,
1502 2100 1560 2151 qun
1577 2085 1610 2136 ad
1623 2084 1719 2136 nefaria
1731 2085 1787 2136 iaci

1000 2192 1062 2229 nora
1080 2179 1162 2230 virum
1189 2194 1235 2231 sua
1256 2184 1345 2232 natura
1367 2180 1468 2232 minime
1492 2180 1585 2230 maium
1619 2179 1787 2245 provocabat;

1002 2271 1047 2322 sed
1058 2275 1164 2338 aterque
1175 2274 1207 2324 ad
1225 2287 1300 2325 auum
1313 2274 1437 2339 ingenium
1457 2274 1563 2324 terretur
1576 2278 1602 2323 et
1619 2272 1723 2324 moleste
1736 2272 1786 2323 ier·
1847 2310 1850 2316 ,

1002 2369 1040 2418 ret
1052 2365 1238 2419 dissentientem
1251 2368 1395 2434 coniugemz
1410 2368 1488 2419 altera
1500 2367 1600 2432 quidem
1611 2370 1702 2418 sortem
1716 2381 1787 2418 auara

1002 2459 1121 2522 dedebat,
1139 2461 1361 2527 conquereretur
1374 2461 1451 2513 nitera
1463 2475 1522 2511 uero
1534 2460 1564 2512 ad
1574 2460 1681 2526 quodvis
1692 2460 1788 2512 iacinus

1002 2558 1088 2619 parata
1106 2554 1285 2620 indignabatur,
1311 2560 1338 2607 et
1357 2555 1485 2620 quaerebat
1499 2555 1661 2619 modumque
1672 2569 1724 2607 sea
1736 2570 1787 2606 ma.

1002 2648 1050 2698 rito
1058 2648 1174 2701 liberaret
1187 2667 1194 2699 :
1212 2649 1313 2701 tandem
1323 2663 1389 2709 veru,
1401 2649 1490 2700 mulier
1497 2649 1613 2713 pessima,
1623 2650 1705 2700 menta
1714 2651 1789 2712 capta

1001 2746 1028 2795 et
1038 2748 1093 2796 rata
1104 2746 1159 2797 suis
1166 2747 1278 2798 moribus
1288 2748 1380 2798 sororis
1392 2746 1512 2797 maritum
1524 2745 1632 2796 mamma
1645 2744 1786 2816 convenire,

1002 2855 1061 2892 eum
1078 2843 1183 2895 accersit
1196 2841 1269 2907 quusi
1285 2842 1318 2893 de
1338 2855 1364 2894 re
1380 2843 1462 2905 aliqua
1478 2840 1550 2892 ratde
1571 2841 1709 2892 niocaesaria
1729 2853 1787 2891 cum

1002 2937 1161 2990 ealocutura.

1035 3042 1121 3091 xxix.
1139 3043 1203 3093 cum
1216 3046 1300 3093 autem
1321 3041 1362 3093 iiie
1376 3042 1497 3102 venisset,
1519 3040 1634 3092 omnibus
1655 3039 1699 3104 qui
1718 3038 1787 3090 intus

1002 3140 1074 3189 eraut
1085 3138 1200 3189 recedere
1218 3137 1309 3200 iussis,
1326 3141 1355 3189 ut
1373 3139 1426 3189 sota
1439 3152 1498 3189 cum
1516 3138 1570 3189 solo
1583 3138 1784 3202 celinqueretur:

1005 3253 1017 3277 ι
1030 3233 1130 3288 Licetne
1140 3238 1217 3318 mitri,
1228 3237 1318 3301 inquit,
1334 3236 1466 3301 Tarquini,
1481 3236 1559 3288 libere
1570 3237 1597 3287 et
1613 3235 1665 3286 sine
1677 3235 1787 3300 pennata

1006 3359 1019 3384 ι
1035 3339 1147 3405 proloqui
1157 3352 1313 3403 quincunque
1326 3339 1405 3390 sendo
1422 3339 1454 3391 de
1466 3338 1591 3391 communi
1603 3340 1717 3390 nostrum
1734 3337 1784 3390 uti·

1006 3459 1020 3487 ι
1034 3438 1121 3489 litato?
1136 3438 1304 3488 continebisue
1320 3451 1378 3500 quae
1393 3437 1518 3488 audieris?
1533 3451 1565 3488 an
1578 3441 1661 3490 iacere
1676 3436 1738 3488 mibi
1748 3441 1787 3488 cst

986 3574 990 3583 .
1006 3554 1020 3579 a
1034 3532 1112 3584 sudus
1134 3546 1215 3596 neque
1228 3532 1254 3582 in
1270 3531 1380 3583 medium
1397 3534 1508 3596 proteris
1528 3533 1630 3584 consilia
1650 3537 1759 3585 manna?
1772 3553 1785 3579 s

1005 3632 1071 3680 cnm
1086 3631 1170 3680 autem
1190 3629 1337 3693 Tarquinius
1352 3630 1467 3681 iussisset
1484 3643 1539 3680 cana
1564 3629 1646 3681 dicere
1666 3631 1786 3694 quidquid

1005 3724 1098 3785 veliet,
1123 3728 1149 3775 et
1173 3723 1298 3788 pollicitus
1331 3726 1398 3775 esset
1430 3724 1588 3777 iureiurando
1622 3725 1788 3789 quodcunque

1004 3818 1151 3887 praeirisset,
1169 3832 1196 3869 sc
1212 3832 1265 3869 rem
1281 3817 1378 3871 silentio
1398 3832 1602 3884 suppressuram,
1622 3820 1665 3870 itin
1682 3818 1717 3869 ita
1739 3819 1787 3871 dc·

1004 3915 1152 3971 suumomni
1161 3913 1256 3981 pudore
1270 3912 1450 3980 dopositocum
1459 3917 1499 3965 est
1513 3913 1622 3964 allocuta
1640 3931 1645 3963 r
1659 3933 1672 3958 ι
1691 3917 1787 3972 Quous-

1004 4038 1023 4068 ιε
1036 4034 1101 4085 ηυο,
1112 4018 1278 4084 Tarquiniis
1289 4032 1364 4082 regno
1373 4018 1472 4083 spatiari
1482 4018 1534 4083 pati
1545 4017 1610 4081 apud
1622 4021 1648 4069 te
1659 4016 1787 4071 statuisti?
1826 4044 1830 4051 =

1007 4121 1072 4170 «itu
1083 4130 1116 4166 ex
1135 4114 1270 4167 unionibus
1290 4114 1428 4165 humilibus
1447 4117 1472 4165 ct
1488 4113 1601 4165 obscuris
1621 4116 1692 4167 ortus
1703 4129 1746 4176 ss,
1761 4119 1787 4166 et

1007 4232 1021 4256 ι
1037 4213 1167 4278 propterea
1181 4211 1214 4262 de
1226 4213 1252 4262 tn
1264 4211 1316 4275 ipsc
1330 4209 1459 4274 magnifice
1473 4209 1564 4261 sentire
1577 4222 1628 4261 non
1641 4211 1698 4262 risi
1711 4209 1787 4276 Atqui

1007 4328 1021 4353 a
1036 4304 1152 4357 omuibus
1161 4305 1248 4354 notam
1262 4308 1302 4355 est
1313 4304 1408 4370 priscos
1420 4307 1517 4356 rastros
1528 4305 1646 4368 maiores,
1659 4305 1702 4371 qui
1715 4306 1786 4356 arant

1008 4422 1022 4448 ι
1038 4401 1118 4454 Greci
1127 4404 1154 4452 et
1164 4398 1195 4450 ab
1205 4400 1309 4451 Hercule
1320 4399 1433 4461 oriundi,
1446 4401 1537 4451 multas
1547 4404 1646 4459 aetates.
1662 4403 1690 4450 ut
1702 4398 1784 4459 audio,

1008 4519 1022 4547 ι
1038 4501 1065 4552 in
1076 4498 1261 4550 Corinthiorum
1283 4497 1345 4548 urbe
1354 4496 1515 4548 ceteberrima
1523 4509 1648 4547 summum
1656 4492 1786 4558 imperium

1007 4620 1022 4647 ι
1037 4596 1172 4649 habuisse:
1185 4593 1319 4658 Tarquinio
1334 4606 1394 4646 vero
1410 4608 1458 4645 aro
1469 4597 1527 4652 tuo,
1543 4592 1586 4657 qui
1597 4605 1629 4642 cx
1638 4589 1784 4640 Etruriase·

1007 4714 1020 4740 «
1035 4694 1080 4745 des
1093 4693 1143 4743 buc
1153 4689 1292 4752 transtulit,
1306 4686 1435 4746 accidisse,
1450 4689 1478 4736 ut
1488 4685 1563 4735 buius
1576 4681 1646 4733 urbis
1663 4686 1740 4747 regno
1753 4679 1787 4732 ob

1008 4809 1021 4834 ι
1036 4789 1156 4840 virtutem
1166 4799 1238 4837 suam
1251 4784 1387 4851 paucerum
1399 4781 1470 4832 euius
1479 4793 1527 4831 aon
1551 4776 1631 4828 solutu
1651 4775 1728 4839 bona,
1741 4775 1785 4828 sad

1008 4904 1021 4928 a
1037 4884 1113 4935 etium
1129 4895 1230 4947 reguum
1242 4880 1275 4930 ad
1286 4883 1312 4931 te
1322 4879 1377 4930 iure
1385 4876 1536 4929 hereditario
1548 4873 1668 4940 perduct,
1680 4885 1737 4922 cum
1750 4870 1786 4925 sis

1006 4997 1020 5020 s
1035 4981 1152 5043 nepotum
1166 4976 1220 5027 eius
1235 4974 1352 5039 grandior
1368 4976 1437 5023 natu.
1452 4975 1490 5021 An
1503 4971 1567 5021 torte
1584 4967 1617 5018 ob
1630 4966 1786 5019 imbecillita-

1006 5089 1021 5116 κ
1036 5072 1089 5121 tem
1104 5073 1130 5121 et
1150 5063 1335 5121 deicrmitntam
1351 5065 1396 5116 tibi
1412 5068 1451 5116 est
1464 5078 1554 5129 corpus
1568 5077 1656 5128 parum
1668 5063 1785 5123 idoneum

1005 5184 1019 5209 ι
1036 5165 1068 5216 nd
1076 5166 1159 5217 omnia
1168 5164 1232 5228 ragis
1245 5163 1329 5216 munta
1338 5160 1469 5214 obeunda?
1501 5161 1577 5225 Atqui
1589 5160 1680 5224 adsunt
1690 5159 1736 5210 tibi
1745 5157 1784 5211 ri·

1006 5278 1020 5306 ε
1035 5259 1406 5324 ιοοεεθεθειοεε,ηυείοεοεεο
1419 5254 1574 5314 εοΙευῑνίτίε,
1587 5254 1784 5320 quigeucreop·
