3980 5936
569 436 870 510 ANTIQUITATUM
891 437 1041 501 ROMAN.
1062 441 1137 502 ΙιΙΒ.
1160 443 1210 504 Xl.

94 569 159 644 ιλὴν
180 571 260 653 χάριν
280 569 395 640 εἰδότας,
418 572 444 630 τί
466 594 504 638 τις
528 570 621 638 αὖτοὺς
638 570 679 630 εία
693 568 743 641 τὴν
761 571 862 631 ἑαυτῶν

95 688 105 713 ι
118 660 181 740 ίχιιν
200 661 336 740 άσραλῶς.
379 658 444 719 Ἐάν
456 659 508 739 γὰρ
522 663 599 720 τοῦτο
614 659 739 736 μάθητε,
752 656 799 718 καί
812 658 862 731 την

94 776 103 801 ι
117 748 270 825 ἀπαλλαγὴν
287 752 335 807 τοῦ
351 748 471 825 πολίμου
491 753 538 808 τοῦ
562 747 628 828 πρδς
644 746 738 814 αὗτοδς
757 745 816 818 ἥτις
830 745 860 806 ί·

94 865 105 892 ι
119 861 173 898 σται
183 837 313 916 κρατίστη
325 835 486 914 μαθήσεσθε.
513 836 628 898 Ἐκιῖνοι
639 835 725 895 τοίνυν
736 834 863 897 άκοόσαν-

92 949 169 1003 ιτες,
195 925 238 985 δτι
258 925 416 984 σεσάλευται
434 925 481 985 καί
501 925 573 985 νοσεῖ
594 924 625 985 τδ
648 924 760 1004 πάτριον
783 925 861 1002 ἡμῶν

93 1011 259 1086 «πολίτευμα
283 1015 313 1072 ἰκ
335 1014 452 1090 πολλοῦ,
467 1011 514 1073 καὶ
535 1022 588 1082 τοῖς
611 1012 790 1094 προεστηκόσι
808 1016 861 1073 τῶν

93 1105 203 1162 «κοινῶν
214 1100 297 1162 cirri
311 1102 393 1179 δῆμος
408 1101 496 1171 ιθνους
511 1102 583 1163 ἰστίν
601 1102 661 1164 οὔτι
676 1106 701 1163 ol
716 1103 860 1182 cespitum,

91 1190 157 1250 «καί
179 1192 208 1250 οὖ
230 1190 320 1269 μάτην
342 1190 519 1260 ἀκούσαντας·
540 1192 572 1253 τδ
586 1191 639 1274 γὰρ
659 1189 755 1263 άληθίς
778 1189 860 1259 οὕτως

91 1305 102 1330 ιι
115 1279 182 1359 ίχιι,
201 1279 248 1349 τθις
259 1280 287 1340 δί
300 1278 388 1349 αίτίας
402 1279 589 1357 ἰπισταμίνοις
603 1275 664 1357 ὑμῖν
677 1280 751 1341 οόδίν
766 1280 859 1358 δίομαι

90 1368 211 1446 ιλίγειν·
230 1360 381 1442 δπίλαόον,
402 1367 427 1429 ιί
450 1392 489 1437 τις
513 1368 605 1438 ίξωθιν
632 1373 702 1446 ἡμᾶς
730 1369 860 1449 κατάσχοι

89 1485 100 1510 ιι
116 1456 227 1533 πόλεμος
242 1455 300 1535 ἅμα
314 1464 369 1524 τοῖς
386 1457 459 1525 ἰντδς
475 1458 579 1538 τείχους
593 1461 702 1533 κακοῖς,
718 1456 765 1517 καί
779 1455 860 1527 δοξειι

89 1572 100 1596 ιι
113 1548 166 1611 ταῖς
179 1547 275 1624 ἀρχαῖς
293 1543 405 1622 δύναμιν
421 1543 522 1624 ἰξάγειν
540 1545 589 1618 τὴν
602 1548 859 1627 προπολεμήσουσαν

88 1636 158 1703 ιτῆς
177 1637 242 1707 γῆς,
263 1632 322 1692 οότι
336 1630 394 1700 τοὺς
409 1632 519 1701 πολίτας
537 1636 583 1694 ἐπὶ
604 1635 649 1694 τὸν
670 1636 859 1716 στρατιωτικὸν

87 1746 99 1772 ιι
111 1720 186 1798 όρκον
210 1719 330 1788 ἅπαντας
350 1719 422 1792 ἥξειν
441 1723 472 1781 ἰκ
490 1722 637 1802 προθυμίας
661 1726 696 1792 ὡς
716 1723 857 1804 πρότιρον,

87 1810 231 1889 «ἀπεχθῶς
250 1810 429 1887 διακειμένους
445 1809 512 1891 πρδς
534 1810 583 1878 τὰς
597 1813 697 1894 αἰρχοίς·
717 1814 776 1874 οὔτε
800 1813 860 1883 τοὺς

86 1922 99 1947 ιι
114 1897 242 1974 ἡγτμόνας
256 1904 313 1964 ταῖς
328 1899 358 1956 ἰκ
375 1901 427 1956 τῶν
450 1896 539 1976 νόμων
554 1902 695 1981 τιμωρίαις
710 1901 858 1981 χρήσεσθαι

85 2012 97 2036 ιι
111 1987 178 2046 κατὰ
193 1988 245 2044 τῶν
268 1984 307 2064 μὴ
331 1986 572 2066 παραγενομένων,
595 1989 745 2058 δεδοικότας
769 1990 808 2068 μή
833 2015 859 2051 τι

84 2102 96 2126 ιι
111 2078 196 2147 μεῖζον
229 2074 393 2155 ἐργάσωνται
425 2079 522 2134 κακόν·
551 2075 613 2142 τούς
637 2101 665 2137 τι
689 2079 859 2140 όπακοιίσαν-

83 2188 95 2213 ιι
110 2184 155 2227 τας
179 2158 225 2219 καί
251 2158 285 2219 ei
311 2159 383 2221 δπλα
409 2161 540 2230 λαθόντας
574 2161 591 2235 ἢ
624 2166 794 2247 καταλείψειν
824 2165 858 2225 τά

29 2278 35 2287 ·
82 2275 95 2299 ιι
109 2257 224 2325 σημεῖα,
255 2246 272 2320 ἢ
300 2248 501 2329 παραμένοντας
526 2250 726 2323 ίθελοκακήσοιν
756 2256 783 2314 ἐν
804 2261 858 2322 τοῖς

82 2365 94 2390 ιι
111 2340 221 2416 ἀγῶσιν·
239 2328 275 2397 ῶν
289 2338 363 2398 οὐδίν
378 2337 428 2407 ἔξω
441 2344 487 2398 τοῦ
504 2338 602 2408 εἰκότος
620 2339 746 2412 ἤλπισαν.
770 2339 857 2404 Ὅταν

81 2457 94 2481 ιι
107 2429 155 2505 μὲν
168 2430 220 2512 γάρ
234 2433 381 2506 ὁμονοοῦσα
393 2428 468 2498 πολις
482 2430 600 2503 ἅπτηται
614 2433 749 2509 πολέμου,
765 2435 811 2494 καὶ
826 2432 857 2493 τό

80 2547 92 2570 ιι
108 2518 171 2577 αὐτὸ
187 2517 318 2599 συμρίρον
333 2517 419 2578 άπασι
433 2517 560 2599 φαίνηται
572 2528 625 2585 τοῖς
637 2543 667 2579 τι
685 2521 798 2601 άρχουσι
811 2521 857 2581 καί

79 2634 91 2659 ιι
108 2614 161 2673 τοῖς
180 2607 351 2687 άρχομίνοις,
373 2608 442 2681 ματδι
464 2613 612 2687 προθυμίας
627 2608 741 2677 δπαντις
761 2610 805 2669 ἰπὶ
823 2609 858 2669 τίι

78 2721 91 2747 ιι
108 2693 180 2753 δεινίι
192 2697 324 2774 χωροῦσι,
340 2693 387 2753 καὶ
399 2692 459 2753 οὔτε
475 2695 554 2753 πόνον
564 2694 623 2755 οὔτι
637 2696 754 2756 κίνδυνον
765 2698 858 2758 οὖδίνα

78 2811 90 2835 ιι
103 2784 234 2842 ὀκνοῦσιν.
276 2779 366 2843 Ὅταν
382 2782 410 2841 δί
427 2788 542 2843 νοσοῦσα
564 2786 591 2842 ἰν
613 2788 696 2865 αὑτῇ,
712 2787 774 2865 πρὶν
789 2785 807 2860 ἢ
822 2786 857 2846 τά

77 2900 89 2923 ιι
105 2870 177 2931 ἔνδον
198 2869 418 2943 καταστήσασθαι
442 2879 496 2935 τοῖα
519 2871 663 2953 ὑπαιθρίοις
681 2873 762 2953 ὁμόσε
781 2880 858 2956 χωρῇ

77 2988 90 3013 ιι
103 2960 254 3038 πολεμίοις,
269 2960 316 3020 καί
335 2965 460 3041 παραστῇ
480 2965 519 3041 τῷ
532 2961 579 3040 μίν
598 2963 695 3035 πλήθει
718 2965 855 3044 λογισμός,

76 3077 90 3101 ιι
104 3049 146 3109 ότι
160 3051 210 3128 οὐχ
232 3047 297 3131 θπίρ
310 3048 413 3110 οἰκείων
430 3052 534 3126 ἀγαθῶν
554 3056 770 3123 κακοπαθοῦσιν,
785 3053 856 3114 ἀλλὰ

76 3166 89 3190 ιι
104 3135 148 3196 ἵνα
169 3135 337 3218 βιόοιιότιρον
352 3141 439 3197 αὐτῶν
454 3137 540 3218 ἕτεροι
556 3139 673 3221 ἄρχωσι,
690 3148 744 3207 τοῖς
756 3140 779 3200 δ’
791 3145 856 3220 ἡγι-

75 3253 89 3279 ιι
107 3224 206 3303 μόσιν,
226 3224 267 3285 δτι
290 3227 416 3304 πολίμιον
430 3224 535 3305 ίχοναιν
553 3229 604 3307 οὐχ
620 3219 700 3301 ἦττον
715 3234 762 3289 τοῦ
777 3232 855 3291 άντι·

74 3344 87 3367 ιι
101 3314 191 3374 πάλου
214 3314 244 3374 τό
269 3316 383 3387 οἰκεῖον,
397 3318 472 3374 νοσεῖ
494 3315 591 3374 τθθλα
611 3315 657 3376 καί
680 3325 754 3378 πᾶσα
777 3317 856 3391 ίκανιλ

73 3432 86 3457 ιι
102 3403 215 3479 δύναμις
233 3401 267 3461 τδι
285 3408 395 3464 τοιαῦτα
412 3403 602 3484 στρατεύματα
621 3406 856 3483 καταγωνίσασθαι

72 3520 87 3545 ιι
100 3491 149 3552 καὶ
165 3496 281 3574 φθεῖραι.

114 3584 196 3644 Vlll.
219 3580 338 3641 «Ταῦτά
364 3583 448 3653 ἰστιν,
472 3569 613 3660 ῶβουλὴ,
635 3579 670 3639 τά
685 3581 808 3642 Σαόίνων
827 3606 856 3642 τι

72 3702 85 3726 ιι
101 3671 152 3732 καί
166 3674 289 3733 Αἰκανῶν
303 3670 492 3749 ἰνθυμήματα,
508 3659 546 3737 οἷς
559 3669 761 3738 πτπιστιυκότις
775 3670 856 3749 ἰμόι·

71 3791 85 3815 ιι
102 3759 237 3822 θλάκασιν
256 3761 334 3837 ἡμῶν
352 3760 388 3826 ιίς
407 3756 456 3831 τὴν
473 3761 534 3837 γῆν.
578 3756 645 3819 Ἐάν
661 3757 709 3835 pis
726 3747 771 3819 οὗν
787 3762 855 3841 άγαιι

70 3878 84 3901 ιι
99 3847 332 3930 νακτήσαντιςτῷ
354 3852 571 3927 κατορρονεῖσθαι
592 3844 657 3927 πρδς
671 3847 758 3906 αὐτῶν
774 3849 857 3928 ἰπαρ-

69 3964 83 3987 ιι
101 3940 220 4014 θέντων,
235 3938 271 4004 ῶς
289 3934 384 4017 ίχομιν
404 3935 503 4017 ὀργῆς,
525 3933 638 4012 δύναμιν
653 3933 790 4016 ἰξαγαγεῖν
811 3936 855 3996 iuri

68 4056 82 4078 ιι
100 4026 201 4095 αὐτοὺς
226 4026 426 4108 ψηφισώμεθα,
453 4025 558 4083 δίδοικα
584 4022 621 4101 μὴ
645 4029 729 4081 ταῦτα
753 4024 817 4101 ἡμῖν
838 4023 856 4084 θ

68 4143 82 4167 ιι
98 4113 255 4194 προόλαόον
272 4114 366 4174 ἰκτῖνοι
377 4112 485 4194 συμόῇ,
507 4113 608 4188 μᾶλλον
625 4111 649 4171 δ’
665 4101 695 4170 εῖί
710 4100 769 4171 οῖδα
783 4137 851 4191 συμ-

67 4234 81 4255 ιι
97 4203 250 4282 ὄησόμινα.
295 4201 360 4263 'Edu
378 4203 406 4261 δί
426 4200 461 4261 cd
475 4205 570 4280 πρῶτα
586 4199 632 4261 καί
656 4199 855 4280 ἀναγκαιότατα

67 4321 80 4343 ιι
98 4290 351 4369 καταστησώμεθα·
364 4297 448 4351 ταῦτα
466 4291 488 4349 δ’
501 4291 571 4350 ἐστίν
586 4289 604 4363 ἥ
620 4289 643 4349 τ’
663 4290 792 4369 εὐκοσμία
808 4298 855 4353 τοῦ

66 4410 80 4431 ιι
98 4381 221 4452 πλήθους
235 4380 281 4438 καί
297 4379 327 4438 τό
340 4388 408 4438 πᾶσι
427 4377 512 4437 ταύτά
528 4378 694 4460 σνμρίροντα
707 4379 854 4459 ραίνιαθαι·

66 4496 80 4521 ιι
97 4468 274 4536 ἐξελάσαντες
288 4466 336 4545 μίν
356 4471 386 4528 ἰκ
399 4472 447 4541 τῆς
460 4467 563 4535 πόλεως
588 4467 636 4537 τὴν
652 4471 696 4526 νῦν
707 4469 854 4550 ίπιχωριά·

66 4584 81 4607 ιι
99 4560 202 4625 ζουσαν
221 4555 296 4635 θόριν
312 4555 358 4613 καί
372 4554 540 4627 πλεονεξίαν,
557 4556 699 4621 ἀποδόντες
712 4556 740 4615 δὲ
756 4557 787 4615 τό
803 4559 853 4637 dp-

65 4674 79 4695 ιι
98 4647 183 4723 χαῖον
197 4652 292 4726 σχῆμα
315 4644 502 4726 τῇπολιτιίορ,
519 4646 665 4717 πτήξαντες
686 4648 709 4705 ol
723 4652 769 4705 νῦν
792 4652 841 4727 θρα

65 4760 80 4783 ιι
98 4736 160 4799 σαῖς
173 4736 219 4792 καὶ
237 4732 272 4793 τδι
294 4732 363 4793 ὅπλα
381 4733 503 4814 ῥίψαντες
523 4738 553 4794 ἰκ
569 4740 622 4794 τῶν
637 4739 733 4815 χιιρῶν
748 4735 854 4808 ἥξουσιν

64 4850 79 4873 ιι
96 4824 137 4888 ὡς
153 4825 226 4899 ἡμᾶς
243 4824 291 4881 οὐκ
305 4826 341 4890 εἰς
358 4823 483 4901 μακράν,
507 4824 554 4889 τάς
572 4845 600 4881 τι
625 4822 726 4903 βλάόας
747 4822 852 4892 ἰξακοό·

63 4939 80 4963 ιι
97 4932 181 4987 μινοι
192 4909 238 4969 καί
251 4913 311 4992 πιρί
324 4911 474 4988 διαλλαγῶν
486 4911 686 4989 διαλιγάμενοι,
699 4910 810 4990 ὑπάρξαι
824 4935 854 4972 τε

62 5029 78 5053 ιι
97 5004 172 5074 ἡμῖν
186 4997 201 5059 δ
215 5000 311 5067 πάντας
331 4998 363 5059 ἂν
379 4996 498 5067 ιόξαιντο
515 5000 612 5059 οίνοθν
632 4998 756 5079 ίχοντις,
772 5000 855 5082 χωρίς

59 5118 76 5143 ιι
93 5090 193 5148 ὅπλων
208 5089 468 5167 διαπιπολιμηκίναι
481 5087 526 5149 τὸν
540 5087 606 5169 πρδς
616 5087 710 5156 αὐτοὺς
725 5088 852 5168 πολιμον.

60 5208 75 5231 ιι
94 5181 201 5240 Ταῦτα
217 5178 249 5251 δὴ
265 5176 457 5257 λογισαμίνους
472 5183 544 5257 ἡμᾶς
556 5177 646 5258 οίομαι
660 5180 729 5251 δεῖν,
743 5179 791 5252 τὴν
805 5181 853 5257 μίν

59 5300 75 5323 ιι
93 5268 172 5351 ίιπίρ
183 5273 229 5329 τοῦ
241 5269 359 5345 πολίμου
372 5268 489 5347 βουλὴν,
503 5267 594 5343 ἰπιιδὴ
608 5271 773 5350 ταραχωδῶς
786 5275 851 5350 ἡμῖν

1634 448 1696 509 cti

916 599 930 624 ιι
943 594 1058 646 magnam
1085 584 1190 649 gratiam
1225 583 1410 645 bibebant,si
1450 585 1509 649 quis
1531 585 1599 652 ipsos
1622 601 1696 648 suum

915 690 928 715 ιι
942 684 1030 735 agrum
1049 677 1106 725 tuto
1125 673 1253 738 possidere
1272 673 1426 740 potiebatur.
1458 675 1569 727 sienim
1589 677 1639 729 hoc
1651 693 1694 731 ω·

916 763 1100 827 agnoveritis,
1134 765 1210 817 faule
1234 765 1311 817 etiam
1336 766 1496 832 intelligetis,
1519 782 1627 833 quanam
1657 784 1697 822 ra·

916 855 1012 907 ctione
1030 857 1078 907 boc
1089 857 1155 909 bello
1171 859 1265 923 optime
1286 858 1388 910 liberari
1405 860 1515 924 possitis.
1550 861 1589 911 lili
1611 860 1696 926 igitur,

915 962 1019 1013 «quum
1044 949 1183 1014 audierint,
1210 952 1361 1017 jampridem
1380 958 1491 1004 nostram
1515 954 1696 1020 rempublicam

915 1041 1063 1093 olluctibus
1080 1055 1109 1093 ac
1135 1044 1330 1107 tempestatibus
1352 1044 1443 1109 agitari
1469 1048 1497 1096 ct
1523 1045 1653 1107 laborare,
1670 1050 1697 1097 et

914 1151 927 1176 ι
942 1133 1040 1198 piebem
1060 1136 1256 1201 patriciosquen
1278 1135 1424 1200 reipublice
1440 1137 1590 1201 praesidibus
1614 1138 1696 1190 nmmo

914 1226 1020 1278 «abeno
1046 1242 1117 1288 csso,
1133 1229 1208 1293 idque
1230 1243 1279 1280 non
1295 1229 1359 1281 laiso
1373 1230 1500 1282 audierint
1518 1230 1615 1295 (revera
1628 1232 1696 1283 enim

915 1340 926 1363 ι
941 1321 975 1371 ita
989 1333 1016 1372 sc
1034 1321 1125 1382 babet,
1140 1334 1221 1387 neque
1238 1335 1343 1374 caussas
1362 1322 1428 1387 apud
1451 1336 1509 1383 vos,
1538 1323 1582 1387 qui
1608 1336 1696 1374 earum

913 1433 926 1457 ι
940 1415 1001 1464 estis
1027 1412 1112 1477 gnari,
1127 1428 1141 1464 α
1154 1428 1195 1465 me
1213 1413 1265 1465 dici
1282 1416 1323 1465 est
1345 1413 1431 1479 opus)
1454 1414 1649 1477 existimarunt,
1672 1416 1695 1467 si

915 1525 928 1549 ιι
946 1505 1015 1569 quod
1036 1510 1169 1557 externum
1184 1506 1277 1557 bellum
1299 1506 1371 1557 vobis
1385 1509 1476 1571 preter
1490 1507 1555 1558 mala
1579 1499 1695 1559 intestino

914 1597 1083 1657 «inferretur,
1103 1600 1129 1648 ct
1152 1599 1313 1661 magistratus
1327 1598 1420 1649 vetlem
1444 1599 1529 1663 copias
1546 1599 1696 1652 euinceread

913 1708 926 1731 ιι
939 1688 993 1754 cgri
1021 1690 1258 1753 propugnationem,
1288 1704 1333 1742 eos
1354 1705 1434 1756 neque
1455 1692 1587 1743 babituros
1608 1708 1695 1747 ornnes

912 1783 1006 1834 «uses
1023 1783 1055 1832 ad
1071 1784 1183 1835 militare
1211 1787 1395 1835 sacramentum
1416 1789 1541 1850 promtus,
1563 1788 1692 1852 uiantes,
1733 1849 1737 1859 ‚

911 1894 924 1919 ι
941 1874 1009 1938 quod
1023 1875 1185 1938 magistratus
1204 1876 1261 1927 odio
1273 1883 1472 1942 prosequentum
1486 1893 1532 1930 nec
1545 1880 1623 1932 duces
1637 1895 1694 1947 ροι-

910 1985 923 2012 ιι
940 1968 980 2017 uis
996 1968 1050 2032 lege
1067 1969 1170 2019 statutis
1187 1968 1212 2019 in
1236 1973 1399 2021 contumaces
1422 1974 1527 2035 usurosj,
1543 1972 1635 2025 veritos
1656 1987 1688 2025 ne

912 2079 925 2105 ιι
937 2058 1005 2124 quod
1019 2060 1119 2123 gravius
1140 2060 1232 2111 malum
1249 2061 1360 2113 iaciant:
1376 2076 1420 2113 ena
1437 2077 1512 2124 vero,
1530 2063 1575 2129 qui
1594 2064 1693 2117 obtem·

914 2171 927 2195 ιι
942 2152 1053 2217 perarint
1070 2158 1097 2203 et
1110 2168 1180 2205 anne
1200 2155 1325 2225 ceperint,
1340 2162 1385 2207 aut
1403 2156 1474 2220 signu
1488 2157 1630 2209 deserturos
1640 2163 1693 2220 aut,
1748 2220 1751 2223 ¹

915 2262 928 2287 ιι
942 2244 1147 2309 aiperrnaneont,
1162 2259 1214 2296 rem
1228 2247 1253 2296 in
1268 2247 1362 2310 pretiis
1383 2247 1506 2310 ignaviter
1519 2249 1605 2301 dedite
1617 2265 1694 2315 opero

913 2337 1064 2396 «gesturos.
1098 2338 1210 2395 Quorum
1236 2335 1297 2386 nibil
1321 2342 1467 2401 sperarunt,
1495 2338 1564 2403 quod
1585 2353 1633 2391 non
1660 2342 1695 2393 sit

914 2442 928 2473 ιι
941 2426 1084 2478 imisimiie.
1118 2427 1224 2486 Quoties
1236 2427 1303 2479 enim
1312 2429 1402 2479 civitas
1413 2443 1517 2481 concors
1529 2430 1622 2483 beilum
1635 2447 1692 2485 sus·

914 2539 927 2564 ι
940 2519 1015 2584 cipit,
1027 2522 1054 2570 ot
1065 2519 1132 2570 idem
1143 2521 1269 2581 omnibns,
1280 2527 1332 2572 tam
1346 2522 1408 2582 iilis,
1423 2505 1466 2587 uui
1480 2525 1694 2590 imponantqunnn

914 2625 928 2650 ιι
941 2606 1001 2669 illia,
1013 2607 1058 2672 qui
1076 2612 1182 2672 parent,
1197 2608 1259 2659 utile
1271 2609 1381 2673 ridetur,
1396 2625 1483 2662 ornnes
1498 2612 1614 2666 alacriter
1627 2618 1694 2670 mals

914 2715 928 2740 ι
940 2696 1066 2759 subeunt,
1083 2710 1129 2748 nec
1153 2697 1233 2749 ullum
1256 2698 1382 2761 laborem,
1405 2706 1448 2751 aut
1462 2703 1601 2766 periculum
1617 2707 1687 2758 retu·

913 2805 927 2833 ι
941 2788 1020 2853 glum
1066 2790 1171 2846 Quoties
1183 2803 1244 2841 voro
1257 2791 1375 2842 intestino
1390 2793 1456 2842 rnnlo
1471 2793 1595 2857 laborans,
1607 2797 1694 2860 prius-

913 2895 928 2921 ιι
943 2888 1071 2941 gnarures
1084 2876 1233 2929 domesticas
1242 2883 1387 2943 componat,
1410 2880 1474 2932 belia
1488 2886 1593 2936 externa
1606 2900 1694 2940 susco-

915 2986 929 3014 «
942 2966 987 3033 pit,
997 2970 1024 3019 et
1036 2968 1191 3019 multitudini
1208 2969 1233 3021 in
1249 2974 1357 3021 mentem
1373 2972 1451 3033 seuit,
1473 2986 1501 3025 ae
1520 2989 1568 3025 non
1583 2988 1628 3040 pru
1641 2980 1694 3031 auis

913 3074 927 3101 ι
942 3055 1014 3108 bonis
1027 3058 1095 3107 mata
1105 3070 1251 3122 passurum,
1267 3059 1311 3110 sed
1321 3059 1466 3111 utiliorum
1484 3063 1615 3128 imperium
1627 3065 1654 3117 in
1667 3079 1694 3119 sc

914 3163 927 3187 ιι
942 3145 1021 3210 megs
1039 3146 1181 3207 continuet,
1200 3146 1249 3211 ipsi
1262 3161 1323 3199 sero
1334 3148 1413 3199 duces
1428 3149 1550 3213 cogitant,
1576 3166 1636 3203 suas
1647 3167 1690 3205 co·

912 3252 926 3278 ιι
940 3233 995 3298 pins
1006 3247 1055 3284 nou
1077 3234 1177 3297 minus,
1191 3249 1268 3298 quam
1289 3235 1409 3296 hostiles,
1425 3237 1473 3288 sibi
1488 3238 1601 3293 inimicas
1622 3242 1693 3304 iore,

913 3324 1034 3375 ιιοιοθοτα
1055 3336 1156 3388 quoqne
1179 3323 1307 3385 laborant,
1334 3329 1361 3375 et
1381 3327 1477 3389 quevis
1500 3341 1589 3380 manus
1609 3329 1694 3384 istius·

912 3432 925 3458 ιι
941 3412 1010 3464 modi
1025 3414 1152 3465 exercitus
1164 3414 1238 3466 iscilc
1248 3414 1410 3467 debellarent
1424 3417 1509 3485 delere
1521 3421 1613 3483 potest.

941 3619 1008 3668 vin.
1024 3638 1035 3659 ιι
1050 3620 1111 3669 ilrec
1130 3622 1197 3677 sunt,
1215 3621 1303 3671 Patres
1326 3620 1477 3683 conscripti.
1498 3622 1650 3676 Sabinorum
1666 3628 1694 3675 et

914 3732 926 3755 ι
938 3713 1074 3774 AEqumum
1094 3712 1272 3774 cogitationes,
1295 3712 1388 3777 quibus
1404 3715 1463 3765 treti
1481 3715 1611 3780 inagnum
1631 3730 1692 3768 nos·

913 3815 1009 3862 etrum
1033 3810 1196 3874 irruptionem
1224 3811 1344 3862 iecerunt.
1371 3813 1396 3862 si
1416 3811 1493 3876 igitur
1513 3826 1559 3864 nos
1582 3813 1614 3863 nb
1631 3814 1693 3879 lpais

911 3928 925 3956 ιι
938 3910 1010 3961 elutis
1023 3907 1149 3960 contemni
1166 3908 1264 3973 indigne
1286 3909 1409 3970 terentes,
1430 3910 1465 3961 itn
1478 3909 1537 3962 irati
1551 3914 1580 3961 ut
1590 3925 1689 3973 sumus,

911 4026 924 4050 ιι
939 4007 1025 4072 copies
1041 4010 1128 4057 contra
1149 4019 1192 4058 eos
1214 4006 1321 4058 educere
1343 4005 1546 4070 decreverimus,
1559 4020 1648 4059 vereor
1660 4022 1693 4060 ne

910 4123 923 4149 ι
936 4105 1008 4155 nobis
1019 4104 1152 4163 accidunt,
1166 4117 1224 4167 qun
1240 4103 1276 4154 illi
1288 4102 1470 4169 praeviderunt,
1486 4104 1537 4156 inno
1549 4119 1609 4157 vero
1624 4109 1694 4159 certo

911 4223 924 4247 ιι
938 4203 1003 4263 ιοίο,
1022 4205 1077 4255 brec
1095 4207 1225 4255 eventura.
1259 4201 1307 4253 scd
1329 4202 1351 4252 si
1372 4215 1415 4263 ea,
1430 4216 1488 4266 quas
1502 4207 1560 4255 sunt
1572 4205 1651 4270 prims
1666 4211 1693 4258 et

910 4316 923 4341 ιι
940 4297 1047 4349 mxime
1057 4298 1208 4359 necessaria,
1225 4298 1430 4351 constituerimus
1452 4299 1523 4364 (buc
1535 4304 1620 4353 autern
1633 4306 1692 4354 sunt

911 4397 964 4446 «et
975 4394 1141 4446 multitudinis
1162 4396 1226 4446 boon
1241 4394 1385 4461 disciplina,
1400 4398 1428 4448 et
1449 4400 1478 4447 ut
1496 4397 1614 4450 omnibus
1626 4399 1691 4450 idem

910 4513 923 4538 ι
938 4491 1078 4543 conducere
1098 4491 1228 4554 videntur)
1247 4494 1347 4558 expulsu
1366 4508 1395 4546 er
1419 4495 1481 4547 urbe
1501 4496 1692 4548 contumeliosi

909 4612 921 4634 ιι
935 4590 1013 4656 picris
1038 4588 1146 4640 habendi
1172 4589 1327 4655 cupiditate,
1345 4604 1403 4655 ηοω
1417 4592 1469 4657 jam
1484 4592 1526 4644 bic
1544 4607 1603 4645 auus
1619 4594 1692 4646 aedes

910 4709 922 4733 ι
935 4688 999 4748 lixit,
1010 4691 1036 4738 et
1049 4686 1179 4751 republica
1192 4686 1218 4736 in
1229 4689 1360 4752 pristinum
1378 4692 1473 4740 statum
1490 4692 1627 4753 restituta,
1641 4692 1691 4755 ilii,

909 4807 922 4831 ιι
935 4788 978 4852 qui
990 4800 1056 4838 nnnc
1066 4788 1125 4836 sunt
1134 4786 1256 4847 audaces,
1267 4787 1420 4838 musternnti
1432 4790 1508 4853 atque
1518 4790 1595 4840 armis
1607 4789 1690 4852 objec-

909 4902 921 4927 ι
939 4885 973 4935 tis
988 4897 1021 4935 cx
1036 4884 1149 4935 manibus
1169 4882 1241 4935 breri
1259 4883 1292 4936 ad
1314 4899 1359 4935 nos
1375 4886 1491 4947 venient,
1514 4891 1544 4938 ut
1565 4888 1691 4940 etdnmna

910 5002 922 5027 ι
935 4983 1096 5049 propulsent,
1110 4989 1135 5034 et
1146 4984 1178 5035 de
1189 4998 1251 5050 paee
1268 4989 1352 5050 αραινί,
1365 4990 1443 5052 atquc
1458 4988 1493 5039 ita
1507 4989 1580 5042 nobis
1594 4992 1691 5043 rontin-

909 5103 922 5127 ιι
934 5084 984 5147 get,
1000 5081 1068 5146 qnod
1087 5095 1174 5133 omnes
1185 5084 1272 5134 monte
1285 5081 1386 5148 prediti
1400 5087 1567 5149 optarent,ut
1580 5100 1623 5139 cos
1637 5089 1691 5141 sine

910 5199 922 5223 ι
937 5178 1185 5231 armisdebellemus.
1218 5179 1296 5231 itobls
1311 5180 1387 5247 igitur
1407 5182 1462 5234 inec
1475 5185 1691 5240 considerantibus

910 5298 923 5324 ι
939 5278 1055 5343 (qnando
1068 5292 1110 5331 res
1119 5278 1264 5331 domesticu
1277 5279 1338 5331 ndeo
1350 5282 1409 5331 sunt
1419 5282 1542 5345 turbatas)
1554 5284 1612 5336 belli
1628 5298 1690 5335 con·

1552 5371 1594 5420 tt.
