<?xml version="1.0" encoding="UTF-8"?>
<!DOCTYPE html PUBLIC "-//W3C//DTD XHTML 1.0 Transitional//EN"
    "http://www.w3.org/TR/xhtml1/DTD/xhtml1-transitional.dtd">
<html xmlns="http://www.w3.org/1999/xhtml" xml:lang="en" lang="en">
 <head>
  <title>
</title>
<meta http-equiv="Content-Type" content="text/html;charset=utf-8" />
  <meta name='ocr-system' content='tesseract 3.04.00' />
  <meta name='ocr-capabilities' content='ocr_page ocr_carea ocr_par ocr_line ocrx_word'/>
</head>
<body>
  <div class='ocr_page' id='page_1' title='image "./dionysiihalicar01prougoog_0077.png"; bbox 0 0 4034 5922; ppageno 0'>
   <div class='ocr_carea' id='block_1_1' title="bbox 33 9 259 91">
    <p class='ocr_par' dir='ltr' id='par_1_1' title="bbox 33 9 259 91">
     <span class='ocr_line' id='line_1_1' title="bbox 33 9 259 91; baseline 0 -18"><span class='ocrx_word' id='word_1_1' title='bbox 33 26 121 91; x_wconf 75' lang='lat' dir='ltr'>cpi¹</span> <span class='ocrx_word' id='word_1_2' title='bbox 145 9 259 73; x_wconf 46' lang='lat' dir='ltr'>usal&amp;</span> 
     </span>
    </p>
   </div>
   <div class='ocr_carea' id='block_1_2' title="bbox 208 1357 233 1394">
    <p class='ocr_par' dir='ltr' id='par_1_2' title="bbox 208 1357 233 1394">
     <span class='ocr_line' id='line_1_2' title="bbox 208 1357 233 1394; baseline 0 0"><span class='ocrx_word' id='word_1_3' title='bbox 208 1357 233 1394; x_wconf 86' lang='lat'>10</span> 
     </span>
    </p>
   </div>
   <div class='ocr_carea' id='block_1_3' title="bbox 207 1791 231 1828">
    <p class='ocr_par' dir='ltr' id='par_1_3' title="bbox 207 1791 231 1828">
     <span class='ocr_line' id='line_1_3' title="bbox 207 1791 231 1828; baseline 0 0"><span class='ocrx_word' id='word_1_4' title='bbox 207 1791 231 1828; x_wconf 76' lang='lat' dir='ltr'>lb</span> 
     </span>
    </p>
   </div>
   <div class='ocr_carea' id='block_1_4' title="bbox 206 2225 233 2262">
    <p class='ocr_par' dir='ltr' id='par_1_4' title="bbox 206 2225 233 2262">
     <span class='ocr_line' id='line_1_4' title="bbox 206 2225 233 2262; baseline 0 0"><span class='ocrx_word' id='word_1_5' title='bbox 206 2225 233 2262; x_wconf 75' lang='lat'>20</span> 
     </span>
    </p>
   </div>
   <div class='ocr_carea' id='block_1_5' title="bbox 207 2657 233 2696">
    <p class='ocr_par' dir='ltr' id='par_1_5' title="bbox 207 2657 233 2696">
     <span class='ocr_line' id='line_1_5' title="bbox 207 2657 233 2696; baseline 0 0"><span class='ocrx_word' id='word_1_6' title='bbox 207 2657 233 2696; x_wconf 66' lang='lat'>25</span> 
     </span>
    </p>
   </div>
   <div class='ocr_carea' id='block_1_6' title="bbox 281 9 359 61">
    <p class='ocr_par' dir='ltr' id='par_1_6' title="bbox 281 9 359 61">
     <span class='ocr_line' id='line_1_6' title="bbox 281 9 359 61; baseline 0 0"><span class='ocrx_word' id='word_1_7' title='bbox 281 9 359 61; x_wconf 66' lang='lat' dir='ltr'>eru&gt;</span> 
     </span>
    </p>
   </div>
   <div class='ocr_carea' id='block_1_7' title="bbox 261 406 302 467">
    <p class='ocr_par' dir='ltr' id='par_1_7' title="bbox 261 406 302 467">
     <span class='ocr_line' id='line_1_7' title="bbox 261 406 302 467; baseline -0.073 0"><span class='ocrx_word' id='word_1_8' title='bbox 261 406 302 467; x_wconf 74' lang='grc'>64</span> 
     </span>
    </p>
   </div>
   <div class='ocr_carea' id='block_1_8' title="bbox 258 530 1032 3502">
    <p class='ocr_par' dir='ltr' id='par_1_8' title="bbox 258 530 1032 1665">
     <span class='ocr_line' id='line_1_8' title="bbox 259 530 1028 615; baseline 0 -20"><span class='ocrx_word' id='word_1_9' title='bbox 259 558 333 595; x_wconf 89' lang='grc' dir='ltr'>νεται</span> <span class='ocrx_word' id='word_1_10' title='bbox 353 538 389 614; x_wconf 76' lang='grc' dir='ltr'>τῷ</span> <span class='ocrx_word' id='word_1_11' title='bbox 414 530 542 612; x_wconf 82' lang='grc' dir='ltr'>Νεμίτορι</span> <span class='ocrx_word' id='word_1_12' title='bbox 574 538 619 606; x_wconf 81' lang='grc' dir='ltr'>τῆς</span> <span class='ocrx_word' id='word_1_13' title='bbox 641 532 763 613; x_wconf 78' lang='grc' dir='ltr'>Ἀμολίου</span> <span class='ocrx_word' id='word_1_14' title='bbox 787 536 902 615; x_wconf 84' lang='grc' dir='ltr'>γνώμης.</span> <span class='ocrx_word' id='word_1_15' title='bbox 946 537 1028 599; x_wconf 72' lang='lat' dir='ltr'>‘Odi</span> 
     </span>
     <span class='ocr_line' id='line_1_9' title="bbox 261 620 1031 702; baseline 0.003 -20"><span class='ocrx_word' id='word_1_16' title='bbox 261 633 316 691; x_wconf 87' lang='grc' dir='ltr'>τοῖς</span> <span class='ocrx_word' id='word_1_17' title='bbox 330 621 409 681; x_wconf 84' lang='grc' dir='ltr'>παισί</span> <span class='ocrx_word' id='word_1_18' title='bbox 422 620 542 691; x_wconf 79' lang='grc' dir='ltr'>δηλώσας</span> <span class='ocrx_word' id='word_1_19' title='bbox 555 622 599 678; x_wconf 77' lang='grc' dir='ltr'>τὸν</span> <span class='ocrx_word' id='word_1_20' title='bbox 618 623 794 702; x_wconf 68' lang='grc' dir='ltr'>κατειληφότα</span> <span class='ocrx_word' id='word_1_21' title='bbox 809 625 923 683; x_wconf 90' lang='grc' dir='ltr'>κίνδυνον</span> <span class='ocrx_word' id='word_1_22' title='bbox 939 624 1031 693; x_wconf 79' lang='grc' dir='ltr'>αὐτοὺς</span> 
     </span>
     <span class='ocr_line' id='line_1_10' title="bbox 261 707 1031 790; baseline 0.001 -21"><span class='ocrx_word' id='word_1_23' title='bbox 261 711 307 769; x_wconf 84' lang='grc' dir='ltr'>καί</span> <span class='ocrx_word' id='word_1_24' title='bbox 322 707 586 789; x_wconf 68' lang='grc' dir='ltr'>παρακελευσάμενος</span> <span class='ocrx_word' id='word_1_25' title='bbox 602 708 698 786; x_wconf 77' lang='grc' dir='ltr'>ἄνδρας</span> <span class='ocrx_word' id='word_1_26' title='bbox 713 710 823 787; x_wconf 78' lang='grc' dir='ltr'>ἀγαθούς</span> <span class='ocrx_word' id='word_1_27' title='bbox 841 712 961 790; x_wconf 89' lang='grc' dir='ltr'>γενέσθαι</span> <span class='ocrx_word' id='word_1_28' title='bbox 979 736 1031 770; x_wconf 90' lang='grc' dir='ltr'>πα-</span> 
     </span>
     <span class='ocr_line' id='line_1_11' title="bbox 263 796 1030 877; baseline 0.001 -20"><span class='ocrx_word' id='word_1_29' title='bbox 263 803 324 877; x_wconf 82' lang='grc' dir='ltr'>ρ’ἠν,</span> <span class='ocrx_word' id='word_1_30' title='bbox 348 797 417 874; x_wconf 84' lang='grc' dir='ltr'>άγων</span> <span class='ocrx_word' id='word_1_31' title='bbox 432 796 611 872; x_wconf 77' lang='grc' dir='ltr'>ὡπλισμένους</span> <span class='ocrx_word' id='word_1_32' title='bbox 626 798 669 856; x_wconf 77' lang='grc' dir='ltr'>ἐπὶ</span> <span class='ocrx_word' id='word_1_33' title='bbox 683 796 716 855; x_wconf 83' lang='grc' dir='ltr'>τά</span> <span class='ocrx_word' id='word_1_34' title='bbox 732 797 850 875; x_wconf 89' lang='grc' dir='ltr'>βασίλεια</span> <span class='ocrx_word' id='word_1_35' title='bbox 873 807 924 860; x_wconf 90' lang='grc' dir='ltr'>τῶν</span> <span class='ocrx_word' id='word_1_36' title='bbox 948 800 971 859; x_wconf 89' lang='grc' dir='ltr'>τ’</span> <span class='ocrx_word' id='word_1_37' title='bbox 983 803 1030 858; x_wconf 79' lang='lat' dir='ltr'>‹ti-</span> 
     </span>
     <span class='ocr_line' id='line_1_12' title="bbox 262 883 1031 966; baseline 0 -21"><span class='ocrx_word' id='word_1_38' title='bbox 262 888 316 945; x_wconf 92' lang='grc' dir='ltr'>λων</span> <span class='ocrx_word' id='word_1_39' title='bbox 329 886 460 955; x_wconf 91' lang='grc' dir='ltr'>πελατῶν,</span> <span class='ocrx_word' id='word_1_40' title='bbox 474 883 519 940; x_wconf 83' lang='grc' dir='ltr'>καὶ</span> <span class='ocrx_word' id='word_1_41' title='bbox 529 884 638 959; x_wconf 89' lang='grc' dir='ltr'>έταίρων</span> <span class='ocrx_word' id='word_1_42' title='bbox 648 883 694 942; x_wconf 82' lang='grc' dir='ltr'>καί</span> <span class='ocrx_word' id='word_1_43' title='bbox 707 885 845 962; x_wconf 76' lang='grc' dir='ltr'>θεραπείας</span> <span class='ocrx_word' id='word_1_44' title='bbox 853 891 948 959; x_wconf 77' lang='grc' dir='ltr'>πιστῆς</span> <span class='ocrx_word' id='word_1_45' title='bbox 963 887 1031 966; x_wconf 79' lang='grc' dir='ltr'>χεῖρ’</span> 
     </span>
     <span class='ocr_line' id='line_1_13' title="bbox 261 960 1030 1054; baseline 0.001 -22"><span class='ocrx_word' id='word_1_46' title='bbox 261 972 419 1050; x_wconf 86' lang='grc' dir='ltr'>ούκόλίγην.</span> <span class='ocrx_word' id='word_1_47' title='bbox 462 960 548 1031; x_wconf 81' lang='grc' dir='ltr'>Ἧκον</span> <span class='ocrx_word' id='word_1_48' title='bbox 570 971 596 1031; x_wconf 84' lang='grc' dir='ltr'>δέ</span> <span class='ocrx_word' id='word_1_49' title='bbox 611 972 657 1031; x_wconf 84' lang='grc' dir='ltr'>καὶ</span> <span class='ocrx_word' id='word_1_50' title='bbox 682 976 706 1032; x_wconf 84' lang='grc' dir='ltr'>οἱ</span> <span class='ocrx_word' id='word_1_51' title='bbox 720 975 750 1031; x_wconf 84' lang='grc' dir='ltr'>έκ</span> <span class='ocrx_word' id='word_1_52' title='bbox 765 979 817 1032; x_wconf 90' lang='grc' dir='ltr'>τῶν</span> <span class='ocrx_word' id='word_1_53' title='bbox 833 978 919 1054; x_wconf 87' lang='grc' dir='ltr'>άγρῶν</span> <span class='ocrx_word' id='word_1_54' title='bbox 940 978 1030 1035; x_wconf 88' lang='grc' dir='ltr'>συνελ-</span> 
     </span>
     <span class='ocr_line' id='line_1_14' title="bbox 263 1058 1031 1143; baseline 0 -21"><span class='ocrx_word' id='word_1_55' title='bbox 263 1064 350 1129; x_wconf 88' lang='grc' dir='ltr'>θόντες</span> <span class='ocrx_word' id='word_1_56' title='bbox 362 1064 398 1126; x_wconf 80' lang='grc' dir='ltr'>είς</span> <span class='ocrx_word' id='word_1_57' title='bbox 414 1059 462 1130; x_wconf 70' lang='grc' dir='ltr'>τὴν</span> <span class='ocrx_word' id='word_1_58' title='bbox 477 1058 553 1116; x_wconf 90' lang='grc' dir='ltr'>πάλιν</span> <span class='ocrx_word' id='word_1_59' title='bbox 574 1061 724 1127; x_wconf 73' lang='grc' dir='ltr'>ἐκλιπόντες</span> <span class='ocrx_word' id='word_1_60' title='bbox 738 1061 786 1132; x_wconf 65' lang='grc' dir='ltr'>τὴν</span> <span class='ocrx_word' id='word_1_61' title='bbox 808 1062 915 1143; x_wconf 83' lang='grc' dir='ltr'>άγορδεν,</span> <span class='ocrx_word' id='word_1_62' title='bbox 929 1066 1031 1143; x_wconf 76' lang='grc' dir='ltr'>ἔχοντες</span> 
     </span>
     <span class='ocr_line' id='line_1_15' title="bbox 261 1145 1029 1230; baseline 0.004 -22"><span class='ocrx_word' id='word_1_63' title='bbox 261 1145 535 1226; x_wconf 80' lang='grc' dir='ltr'>ύπθταῑςπεριόολαῖς</span> <span class='ocrx_word' id='word_1_64' title='bbox 551 1147 673 1230; x_wconf 74' lang='grc' dir='ltr'>[ἑαυτῶν]</span> <span class='ocrx_word' id='word_1_65' title='bbox 691 1149 751 1227; x_wconf 79' lang='grc' dir='ltr'>ξίφη</span> <span class='ocrx_word' id='word_1_66' title='bbox 766 1151 955 1230; x_wconf 89' lang='grc' dir='ltr'>κεκρυμμένα,</span> <span class='ocrx_word' id='word_1_67' title='bbox 971 1162 1029 1213; x_wconf 78' lang='lat' dir='ltr'>eri-</span> 
     </span>
     <span class='ocr_line' id='line_1_16' title="bbox 262 1234 1031 1319; baseline 0.009 -25"><span class='ocrx_word' id='word_1_68' title='bbox 262 1260 309 1317; x_wconf 88' lang='grc' dir='ltr'>φος</span> <span class='ocrx_word' id='word_1_69' title='bbox 339 1235 476 1313; x_wconf 87' lang='grc' dir='ltr'>καρτερόν.</span> <span class='ocrx_word' id='word_1_70' title='bbox 519 1234 680 1311; x_wconf 83' lang='grc' dir='ltr'>Βιασάμενοι</span> <span class='ocrx_word' id='word_1_71' title='bbox 707 1237 734 1296; x_wconf 80' lang='grc' dir='ltr'>δέ</span> <span class='ocrx_word' id='word_1_72' title='bbox 755 1238 803 1310; x_wconf 70' lang='lat' dir='ltr'>rip</span> <span class='ocrx_word' id='word_1_73' title='bbox 825 1240 925 1299; x_wconf 82' lang='grc' dir='ltr'>εἴσοδον</span> <span class='ocrx_word' id='word_1_74' title='bbox 949 1240 1031 1319; x_wconf 76' lang='grc' dir='ltr'>άθρύφ</span> 
     </span>
     <span class='ocr_line' id='line_1_17' title="bbox 261 1321 1030 1408; baseline 0.007 -29"><span class='ocrx_word' id='word_1_75' title='bbox 261 1327 331 1404; x_wconf 73' lang='grc' dir='ltr'>ὁρμῇ</span> <span class='ocrx_word' id='word_1_76' title='bbox 361 1321 456 1386; x_wconf 87' lang='grc' dir='ltr'>πάντες</span> <span class='ocrx_word' id='word_1_77' title='bbox 483 1322 512 1379; x_wconf 86' lang='grc' dir='ltr'>οὗ</span> <span class='ocrx_word' id='word_1_78' title='bbox 542 1324 649 1389; x_wconf 84' lang='grc' dir='ltr'>πολλοῖς</span> <span class='ocrx_word' id='word_1_79' title='bbox 674 1325 792 1392; x_wconf 78' lang='grc' dir='ltr'>ὁπλίταις</span> <span class='ocrx_word' id='word_1_80' title='bbox 817 1327 1030 1408; x_wconf 87' lang='grc' dir='ltr'>φρουρουμένην,</span> 
     </span>
     <span class='ocr_line' id='line_1_18' title="bbox 261 1408 1032 1491; baseline 0.004 -22"><span class='ocrx_word' id='word_1_81' title='bbox 261 1408 472 1491; x_wconf 71' lang='grc' dir='ltr'>ἀποσφάττουσιν</span> <span class='ocrx_word' id='word_1_82' title='bbox 498 1410 610 1475; x_wconf 82' lang='grc' dir='ltr'>εἰπετῶς</span> <span class='ocrx_word' id='word_1_83' title='bbox 630 1410 768 1486; x_wconf 83' lang='grc' dir='ltr'>Ἀμολιον,</span> <span class='ocrx_word' id='word_1_84' title='bbox 791 1415 836 1471; x_wconf 80' lang='grc' dir='ltr'>καὶ</span> <span class='ocrx_word' id='word_1_85' title='bbox 864 1415 932 1488; x_wconf 84' lang='grc' dir='ltr'>μετδ</span> <span class='ocrx_word' id='word_1_86' title='bbox 954 1420 1032 1473; x_wconf 82' lang='grc' dir='ltr'>τοῦτο</span> 
     </span>
     <span class='ocr_line' id='line_1_19' title="bbox 259 1493 1031 1578; baseline 0.008 -24"><span class='ocrx_word' id='word_1_87' title='bbox 259 1496 307 1567; x_wconf 83' lang='grc' dir='ltr'>τὴν</span> <span class='ocrx_word' id='word_1_88' title='bbox 328 1498 412 1577; x_wconf 86' lang='grc' dir='ltr'>ἄκραν</span> <span class='ocrx_word' id='word_1_89' title='bbox 431 1495 688 1572; x_wconf 80' lang='grc' dir='ltr'>καταλαμόάνονται.</span> <span class='ocrx_word' id='word_1_90' title='bbox 728 1502 820 1559; x_wconf 77' lang='grc' dir='ltr'>Ταῦτα</span> <span class='ocrx_word' id='word_1_91' title='bbox 844 1502 892 1578; x_wconf 83' lang='grc' dir='ltr'>μέν</span> <span class='ocrx_word' id='word_1_92' title='bbox 905 1493 949 1561; x_wconf 82' lang='grc' dir='ltr'>οθν</span> <span class='ocrx_word' id='word_1_93' title='bbox 976 1509 1031 1569; x_wconf 86' lang='grc' dir='ltr'>τοῖς</span> 
     </span>
     <span class='ocr_line' id='line_1_20' title="bbox 258 1582 641 1665; baseline -0.003 -22"><span class='ocrx_word' id='word_1_94' title='bbox 258 1585 319 1665; x_wconf 78' lang='grc' dir='ltr'>περὶ</span> <span class='ocrx_word' id='word_1_95' title='bbox 336 1582 380 1641; x_wconf 86' lang='grc' dir='ltr'>τθν</span> <span class='ocrx_word' id='word_1_96' title='bbox 397 1582 502 1643; x_wconf 70' lang='lat' dir='ltr'>didiae</span> <span class='ocrx_word' id='word_1_97' title='bbox 526 1582 641 1665; x_wconf 81' lang='grc' dir='ltr'>εἴρηται.</span> 
     </span>
    </p>

    <p class='ocr_par' dir='ltr' id='par_1_9' title="bbox 258 1668 1031 3502">
     <span class='ocr_line' id='line_1_21' title="bbox 298 1668 1023 1755; baseline 0.001 -23"><span class='ocrx_word' id='word_1_98' title='bbox 298 1672 453 1733; x_wconf 83' lang='lat' dir='ltr'>LXXle.</span> <span class='ocrx_word' id='word_1_99' title='bbox 473 1668 580 1750; x_wconf 66' lang='lat' dir='ltr'>“Erepsi</span> <span class='ocrx_word' id='word_1_100' title='bbox 601 1671 623 1729; x_wconf 77' lang='grc' dir='ltr'>δ’</span> <span class='ocrx_word' id='word_1_101' title='bbox 649 1672 722 1731; x_wconf 83' lang='grc' dir='ltr'>οὐδέν</span> <span class='ocrx_word' id='word_1_102' title='bbox 750 1678 802 1732; x_wconf 87' lang='grc' dir='ltr'>τῶν</span> <span class='ocrx_word' id='word_1_103' title='bbox 820 1675 1023 1755; x_wconf 76' lang='grc' dir='ltr'>μυθωδεστέρων</span> 
     </span>
     <span class='ocr_line' id='line_1_22' title="bbox 259 1755 1031 1843; baseline 0.006 -25"><span class='ocrx_word' id='word_1_104' title='bbox 259 1760 387 1829; x_wconf 78' lang='grc' dir='ltr'>ἀξιοῦντες</span> <span class='ocrx_word' id='word_1_105' title='bbox 413 1763 530 1839; x_wconf 80' lang='grc' dir='ltr'>ἱστορικῇ</span> <span class='ocrx_word' id='word_1_106' title='bbox 555 1764 644 1842; x_wconf 81' lang='grc' dir='ltr'>γραφῇ</span> <span class='ocrx_word' id='word_1_107' title='bbox 666 1764 824 1843; x_wconf 78' lang='grc' dir='ltr'>προσήκειν,</span> <span class='ocrx_word' id='word_1_108' title='bbox 838 1764 885 1834; x_wconf 75' lang='grc' dir='ltr'>τήν</span> <span class='ocrx_word' id='word_1_109' title='bbox 913 1767 936 1822; x_wconf 90' lang='grc' dir='ltr'>τ’</span> <span class='ocrx_word' id='word_1_110' title='bbox 964 1755 1031 1823; x_wconf 80' lang='grc' dir='ltr'>ἀπό·</span> 
     </span>
     <span class='ocr_line' id='line_1_23' title="bbox 260 1844 1025 1929; baseline 0.004 -24"><span class='ocrx_word' id='word_1_111' title='bbox 260 1852 330 1905; x_wconf 89' lang='grc' dir='ltr'>θεσιν</span> <span class='ocrx_word' id='word_1_112' title='bbox 364 1844 411 1916; x_wconf 68' lang='grc' dir='ltr'>τὴν</span> <span class='ocrx_word' id='word_1_113' title='bbox 439 1847 491 1904; x_wconf 88' lang='grc' dir='ltr'>τῶν</span> <span class='ocrx_word' id='word_1_114' title='bbox 518 1851 637 1929; x_wconf 89' lang='grc' dir='ltr'>βρεφῶν,</span> <span class='ocrx_word' id='word_1_115' title='bbox 664 1850 714 1928; x_wconf 74' lang='grc' dir='ltr'>σύγ</span> <span class='ocrx_word' id='word_1_116' title='bbox 743 1853 778 1914; x_wconf 74' lang='lat' dir='ltr'>ab&lt;</span> <span class='ocrx_word' id='word_1_117' title='bbox 807 1850 944 1922; x_wconf 70' lang='grc' dir='ltr'>ἐκελεύσθη</span> <span class='ocrx_word' id='word_1_118' title='bbox 971 1860 1025 1917; x_wconf 87' lang='grc' dir='ltr'>τοῖς</span> 
     </span>
     <span class='ocr_line' id='line_1_24' title="bbox 259 1928 1027 2019; baseline 0.005 -26"><span class='ocrx_word' id='word_1_119' title='bbox 259 1933 400 2014; x_wconf 76' lang='grc' dir='ltr'>ὑπηρέταις</span> <span class='ocrx_word' id='word_1_120' title='bbox 419 1933 578 2011; x_wconf 72' lang='grc' dir='ltr'>γενομένην,</span> <span class='ocrx_word' id='word_1_121' title='bbox 594 1935 719 1995; x_wconf 88' lang='grc' dir='ltr'>άπίθανον</span> <span class='ocrx_word' id='word_1_122' title='bbox 738 1928 804 1996; x_wconf 78' lang='grc' dir='ltr'>εἶναί</span> <span class='ocrx_word' id='word_1_123' title='bbox 826 1961 906 2019; x_wconf 87' lang='grc' dir='ltr'>φασι,</span> <span class='ocrx_word' id='word_1_124' title='bbox 921 1939 966 1997; x_wconf 87' lang='grc' dir='ltr'>καί</span> <span class='ocrx_word' id='word_1_125' title='bbox 980 1943 1027 2011; x_wconf 81' lang='grc' dir='ltr'>τῆς</span> 
     </span>
     <span class='ocr_line' id='line_1_25' title="bbox 259 2020 1029 2104; baseline 0.009 -24"><span class='ocrx_word' id='word_1_126' title='bbox 259 2021 384 2092; x_wconf 85' lang='grc' dir='ltr'>λυκαίνης</span> <span class='ocrx_word' id='word_1_127' title='bbox 401 2020 431 2080; x_wconf 81' lang='grc' dir='ltr'>τὸ</span> <span class='ocrx_word' id='word_1_128' title='bbox 458 2020 580 2095; x_wconf 86' lang='grc' dir='ltr'>τεθασδν,</span> <span class='ocrx_word' id='word_1_129' title='bbox 609 2022 704 2094; x_wconf 80' lang='grc' dir='ltr'>ἣτοθς</span> <span class='ocrx_word' id='word_1_130' title='bbox 728 2023 843 2100; x_wconf 77' lang='grc' dir='ltr'>μαστούς</span> <span class='ocrx_word' id='word_1_131' title='bbox 864 2029 953 2104; x_wconf 71' lang='grc' dir='ltr'>ἐπεῖχε</span> <span class='ocrx_word' id='word_1_132' title='bbox 975 2029 1029 2088; x_wconf 83' lang='grc' dir='ltr'>τοῖς</span> 
     </span>
     <span class='ocr_line' id='line_1_26' title="bbox 259 2109 1030 2192; baseline 0.003 -24"><span class='ocrx_word' id='word_1_133' title='bbox 259 2109 385 2181; x_wconf 85' lang='grc' dir='ltr'>παιδίοις,</span> <span class='ocrx_word' id='word_1_134' title='bbox 409 2111 444 2175; x_wconf 69' lang='lat' dir='ltr'>b,</span> <span class='ocrx_word' id='word_1_135' title='bbox 462 2109 625 2188; x_wconf 72' lang='grc' dir='ltr'>δραματικῆς</span> <span class='ocrx_word' id='word_1_136' title='bbox 649 2111 744 2186; x_wconf 85' lang='grc' dir='ltr'>μεστὸν</span> <span class='ocrx_word' id='word_1_137' title='bbox 758 2113 870 2178; x_wconf 90' lang='grc' dir='ltr'>άτοπίας</span> <span class='ocrx_word' id='word_1_138' title='bbox 893 2112 1030 2192; x_wconf 86' lang='grc' dir='ltr'>διασύρου-</span> 
     </span>
     <span class='ocr_line' id='line_1_27' title="bbox 260 2195 1024 2277; baseline 0.001 -22"><span class='ocrx_word' id='word_1_139' title='bbox 260 2218 315 2255; x_wconf 85' lang='grc' dir='ltr'>σιν·</span> <span class='ocrx_word' id='word_1_140' title='bbox 346 2195 617 2272; x_wconf 76' lang='grc' dir='ltr'>ἀντιδιαλλαττόμενοι</span> <span class='ocrx_word' id='word_1_141' title='bbox 644 2197 672 2256; x_wconf 82' lang='grc' dir='ltr'>δέ</span> <span class='ocrx_word' id='word_1_142' title='bbox 699 2198 762 2277; x_wconf 86' lang='grc' dir='ltr'>πρδς</span> <span class='ocrx_word' id='word_1_143' title='bbox 796 2205 880 2258; x_wconf 79' lang='grc' dir='ltr'>ταῦτα</span> <span class='ocrx_word' id='word_1_144' title='bbox 905 2199 1024 2277; x_wconf 87' lang='grc' dir='ltr'>λέγουσιν</span> 
     </span>
     <span class='ocr_line' id='line_1_28' title="bbox 260 2283 1029 2365; baseline 0.004 -22"><span class='ocrx_word' id='word_1_145' title='bbox 260 2287 295 2351; x_wconf 80' lang='grc' dir='ltr'>ὡς</span> <span class='ocrx_word' id='word_1_146' title='bbox 320 2287 334 2343; x_wconf 87' lang='grc' dir='ltr'>θ</span> <span class='ocrx_word' id='word_1_147' title='bbox 360 2283 502 2364; x_wconf 85' lang='grc' dir='ltr'>Νεμέτωρ,</span> <span class='ocrx_word' id='word_1_148' title='bbox 529 2283 619 2356; x_wconf 80' lang='grc' dir='ltr'>ἐπειδὴ</span> <span class='ocrx_word' id='word_1_149' title='bbox 643 2283 692 2356; x_wconf 81' lang='grc' dir='ltr'>τὴν</span> <span class='ocrx_word' id='word_1_150' title='bbox 718 2287 841 2345; x_wconf 84' lang='grc' dir='ltr'>Σιλούιον</span> <span class='ocrx_word' id='word_1_151' title='bbox 858 2287 934 2365; x_wconf 82' lang='grc' dir='ltr'>έγνω</span> <span class='ocrx_word' id='word_1_152' title='bbox 951 2288 1029 2347; x_wconf 84' lang='grc' dir='ltr'>κύου-</span> 
     </span>
     <span class='ocr_line' id='line_1_29' title="bbox 259 2371 1030 2450; baseline 0.003 -20"><span class='ocrx_word' id='word_1_153' title='bbox 259 2396 318 2446; x_wconf 90' lang='grc' dir='ltr'>σαν,</span> <span class='ocrx_word' id='word_1_154' title='bbox 334 2371 410 2450; x_wconf 79' lang='grc' dir='ltr'>ἕτερα</span> <span class='ocrx_word' id='word_1_155' title='bbox 428 2371 695 2448; x_wconf 87' lang='grc' dir='ltr'>παρασκευασάμενος</span> <span class='ocrx_word' id='word_1_156' title='bbox 720 2373 813 2431; x_wconf 84' lang='grc' dir='ltr'>παιδία</span> <span class='ocrx_word' id='word_1_157' title='bbox 841 2374 933 2449; x_wconf 81' lang='grc' dir='ltr'>νεογνά</span> <span class='ocrx_word' id='word_1_158' title='bbox 955 2375 1030 2443; x_wconf 88' lang='grc' dir='ltr'>διηλ-</span> 
     </span>
     <span class='ocr_line' id='line_1_30' title="bbox 258 2455 1028 2537; baseline 0.003 -21"><span class='ocrx_word' id='word_1_159' title='bbox 258 2457 355 2525; x_wconf 78' lang='grc' dir='ltr'>λάξατα</span> <span class='ocrx_word' id='word_1_160' title='bbox 380 2455 507 2528; x_wconf 84' lang='grc' dir='ltr'>τεκούσης</span> <span class='ocrx_word' id='word_1_161' title='bbox 535 2459 615 2528; x_wconf 70' lang='grc' dir='ltr'>αὐτῆς</span> <span class='ocrx_word' id='word_1_162' title='bbox 636 2458 669 2515; x_wconf 83' lang='grc' dir='ltr'>τά</span> <span class='ocrx_word' id='word_1_163' title='bbox 689 2457 787 2537; x_wconf 84' lang='grc' dir='ltr'>βρέφη·</span> <span class='ocrx_word' id='word_1_164' title='bbox 808 2457 907 2517; x_wconf 82' lang='grc' dir='ltr'>καὶτὰ</span> <span class='ocrx_word' id='word_1_165' title='bbox 930 2460 977 2535; x_wconf 83' lang='grc' dir='ltr'>μὲν</span> <span class='ocrx_word' id='word_1_166' title='bbox 997 2462 1028 2518; x_wconf 88' lang='grc' dir='ltr'>ό-</span> 
     </span>
     <span class='ocr_line' id='line_1_31' title="bbox 264 2545 1021 2627; baseline 0 -23"><span class='ocrx_word' id='word_1_167' title='bbox 264 2547 334 2604; x_wconf 85' lang='grc' dir='ltr'>θνεῖοι</span> <span class='ocrx_word' id='word_1_168' title='bbox 350 2545 445 2603; x_wconf 85' lang='grc' dir='ltr'>δέδωκε</span> <span class='ocrx_word' id='word_1_169' title='bbox 459 2551 511 2611; x_wconf 86' lang='grc' dir='ltr'>τοῖς</span> <span class='ocrx_word' id='word_1_170' title='bbox 524 2545 681 2624; x_wconf 73' lang='grc' dir='ltr'>φυλάττουσι</span> <span class='ocrx_word' id='word_1_171' title='bbox 701 2547 747 2612; x_wconf 82' lang='grc' dir='ltr'>τὰς</span> <span class='ocrx_word' id='word_1_172' title='bbox 760 2548 853 2611; x_wconf 82' lang='grc' dir='ltr'>ὠδῖνας</span> <span class='ocrx_word' id='word_1_173' title='bbox 869 2548 1021 2627; x_wconf 80' lang='grc' dir='ltr'>ἀποφέρειν,</span> 
     </span>
     <span class='ocr_line' id='line_1_32' title="bbox 261 2631 1028 2712; baseline 0.005 -23"><span class='ocrx_word' id='word_1_174' title='bbox 261 2632 366 2690; x_wconf 78' lang='grc' dir='ltr'>εἴτεδεά</span> <span class='ocrx_word' id='word_1_175' title='bbox 377 2631 524 2710; x_wconf 82' lang='grc' dir='ltr'>χρημάτων</span> <span class='ocrx_word' id='word_1_176' title='bbox 536 2631 566 2689; x_wconf 77' lang='grc' dir='ltr'>τὸ</span> <span class='ocrx_word' id='word_1_177' title='bbox 580 2631 672 2691; x_wconf 78' lang='grc' dir='ltr'>πιστὸν</span> <span class='ocrx_word' id='word_1_178' title='bbox 683 2637 729 2703; x_wconf 73' lang='grc' dir='ltr'>τῆς</span> <span class='ocrx_word' id='word_1_179' title='bbox 743 2634 833 2712; x_wconf 81' lang='grc' dir='ltr'>χρείας</span> <span class='ocrx_word' id='word_1_180' title='bbox 848 2636 933 2691; x_wconf 82' lang='grc' dir='ltr'>αὐτῶν</span> <span class='ocrx_word' id='word_1_181' title='bbox 950 2635 1028 2712; x_wconf 87' lang='grc' dir='ltr'>πριά-</span> 
     </span>
     <span class='ocr_line' id='line_1_33' title="bbox 263 2720 1029 2803; baseline 0.003 -23"><span class='ocrx_word' id='word_1_182' title='bbox 263 2744 349 2797; x_wconf 88' lang='grc' dir='ltr'>μενος,</span> <span class='ocrx_word' id='word_1_183' title='bbox 360 2721 412 2778; x_wconf 88' lang='grc' dir='ltr'>είτε</span> <span class='ocrx_word' id='word_1_184' title='bbox 424 2720 466 2778; x_wconf 73' lang='grc' dir='ltr'>διά</span> <span class='ocrx_word' id='word_1_185' title='bbox 478 2722 607 2799; x_wconf 91' lang='grc' dir='ltr'>γυναικῶν</span> <span class='ocrx_word' id='word_1_186' title='bbox 626 2720 674 2791; x_wconf 68' lang='grc' dir='ltr'>τὴν</span> <span class='ocrx_word' id='word_1_187' title='bbox 694 2722 849 2800; x_wconf 73' lang='grc' dir='ltr'>ὑπαλλαγὴν</span> <span class='ocrx_word' id='word_1_188' title='bbox 869 2724 1029 2803; x_wconf 71' lang='grc' dir='ltr'>μηχανησά-</span> 
     </span>
     <span class='ocr_line' id='line_1_34' title="bbox 262 2804 1031 2890; baseline 0.003 -25"><span class='ocrx_word' id='word_1_189' title='bbox 262 2830 354 2883; x_wconf 84' lang='grc' dir='ltr'>μενος,</span> <span class='ocrx_word' id='word_1_190' title='bbox 380 2807 425 2864; x_wconf 85' lang='grc' dir='ltr'>καὶ</span> <span class='ocrx_word' id='word_1_191' title='bbox 446 2804 512 2864; x_wconf 80' lang='grc' dir='ltr'>αύτά</span> <span class='ocrx_word' id='word_1_192' title='bbox 532 2806 621 2865; x_wconf 73' lang='grc' dir='ltr'>λαθὼν</span> <span class='ocrx_word' id='word_1_193' title='bbox 634 2807 752 2883; x_wconf 77' lang='grc' dir='ltr'>Ἀμόλιος</span> <span class='ocrx_word' id='word_1_194' title='bbox 776 2809 829 2889; x_wconf 82' lang='grc' dir='ltr'>δτῳ</span> <span class='ocrx_word' id='word_1_195' title='bbox 852 2810 884 2880; x_wconf 80' lang='grc' dir='ltr'>δή</span> <span class='ocrx_word' id='word_1_196' title='bbox 899 2832 949 2868; x_wconf 90' lang='grc' dir='ltr'>τινι</span> <span class='ocrx_word' id='word_1_197' title='bbox 972 2811 1031 2890; x_wconf 88' lang='grc' dir='ltr'>τρύ-</span> 
     </span>
     <span class='ocr_line' id='line_1_35' title="bbox 262 2894 1031 2975; baseline 0.004 -22"><span class='ocrx_word' id='word_1_198' title='bbox 262 2919 306 2974; x_wconf 85' lang='grc' dir='ltr'>πῳ</span> <span class='ocrx_word' id='word_1_199' title='bbox 326 2898 438 2971; x_wconf 85' lang='grc' dir='ltr'>άναιρεῑ.</span> <span class='ocrx_word' id='word_1_200' title='bbox 481 2894 525 2954; x_wconf 82' lang='grc' dir='ltr'>Τά</span> <span class='ocrx_word' id='word_1_201' title='bbox 535 2895 558 2952; x_wconf 88' lang='grc' dir='ltr'>δ’</span> <span class='ocrx_word' id='word_1_202' title='bbox 575 2897 605 2954; x_wconf 80' lang='grc' dir='ltr'>ἐκ</span> <span class='ocrx_word' id='word_1_203' title='bbox 617 2898 663 2967; x_wconf 80' lang='grc' dir='ltr'>τῆς</span> <span class='ocrx_word' id='word_1_204' title='bbox 676 2896 799 2962; x_wconf 86' lang='grc' dir='ltr'>Σιλουίας</span> <span class='ocrx_word' id='word_1_205' title='bbox 823 2897 961 2974; x_wconf 87' lang='grc' dir='ltr'>γενόμενα,</span> <span class='ocrx_word' id='word_1_206' title='bbox 971 2898 1031 2975; x_wconf 87' lang='grc' dir='ltr'>περί</span> 
     </span>
     <span class='ocr_line' id='line_1_36' title="bbox 261 2981 1030 3063; baseline 0.003 -22"><span class='ocrx_word' id='word_1_207' title='bbox 261 2983 358 3050; x_wconf 85' lang='grc' dir='ltr'>παντὸς</span> <span class='ocrx_word' id='word_1_208' title='bbox 378 2981 532 3058; x_wconf 86' lang='grc' dir='ltr'>ποιούμενος</span> <span class='ocrx_word' id='word_1_209' title='bbox 551 2985 566 3040; x_wconf 86' lang='grc' dir='ltr'>θ</span> <span class='ocrx_word' id='word_1_210' title='bbox 586 2985 764 3063; x_wconf 82' lang='grc' dir='ltr'>μητροπάτωρ</span> <span class='ocrx_word' id='word_1_211' title='bbox 780 2985 967 3057; x_wconf 81' lang='grc' dir='ltr'>διασώζεσθαι,</span> <span class='ocrx_word' id='word_1_212' title='bbox 990 2986 1030 3043; x_wconf 83' lang='grc' dir='ltr'>δί·</span> 
     </span>
     <span class='ocr_line' id='line_1_37' title="bbox 262 3069 1031 3149; baseline 0.004 -22"><span class='ocrx_word' id='word_1_213' title='bbox 262 3070 327 3128; x_wconf 82' lang='grc' dir='ltr'>δωσι</span> <span class='ocrx_word' id='word_1_214' title='bbox 356 3073 394 3148; x_wconf 79' lang='grc' dir='ltr'>τῷ</span> <span class='ocrx_word' id='word_1_215' title='bbox 420 3069 577 3149; x_wconf 80' lang='grc' dir='ltr'>Φαιστύλῳ.</span> <span class='ocrx_word' id='word_1_216' title='bbox 620 3070 674 3130; x_wconf 85' lang='grc' dir='ltr'>Τὸν</span> <span class='ocrx_word' id='word_1_217' title='bbox 708 3069 735 3127; x_wconf 80' lang='grc' dir='ltr'>δὲ</span> <span class='ocrx_word' id='word_1_218' title='bbox 764 3072 916 3131; x_wconf 84' lang='grc' dir='ltr'>Φαιστύλον</span> <span class='ocrx_word' id='word_1_219' title='bbox 940 3076 1031 3130; x_wconf 75' lang='grc' dir='ltr'>τοῦτον</span> 
     </span>
     <span class='ocr_line' id='line_1_38' title="bbox 260 3146 1028 3236; baseline 0.004 -21"><span class='ocrx_word' id='word_1_220' title='bbox 260 3156 374 3236; x_wconf 81' lang='grc' dir='ltr'>Ἀρκάδα</span> <span class='ocrx_word' id='word_1_221' title='bbox 395 3156 443 3232; x_wconf 82' lang='grc' dir='ltr'>μίν</span> <span class='ocrx_word' id='word_1_222' title='bbox 466 3146 533 3215; x_wconf 77' lang='grc' dir='ltr'>εἶναί</span> <span class='ocrx_word' id='word_1_223' title='bbox 551 3179 615 3236; x_wconf 90' lang='grc' dir='ltr'>φασι</span> <span class='ocrx_word' id='word_1_224' title='bbox 634 3156 663 3215; x_wconf 84' lang='grc' dir='ltr'>τὸ</span> <span class='ocrx_word' id='word_1_225' title='bbox 683 3157 755 3235; x_wconf 88' lang='grc' dir='ltr'>γένος</span> <span class='ocrx_word' id='word_1_226' title='bbox 770 3158 823 3216; x_wconf 80' lang='grc' dir='ltr'>άπὸ</span> <span class='ocrx_word' id='word_1_227' title='bbox 837 3163 889 3217; x_wconf 89' lang='grc' dir='ltr'>τῶν</span> <span class='ocrx_word' id='word_1_228' title='bbox 903 3157 949 3217; x_wconf 74' lang='lat' dir='ltr'>aiv</span> <span class='ocrx_word' id='word_1_229' title='bbox 969 3162 1028 3219; x_wconf 84' lang='grc' dir='ltr'>Εὐ-</span> 
     </span>
     <span class='ocr_line' id='line_1_39' title="bbox 262 3245 1030 3326; baseline 0 -22"><span class='ocrx_word' id='word_1_230' title='bbox 262 3248 361 3326; x_wconf 86' lang='grc' dir='ltr'>άνδρῳ,</span> <span class='ocrx_word' id='word_1_231' title='bbox 378 3252 509 3305; x_wconf 83' lang='grc' dir='ltr'>κατοικεῖν</span> <span class='ocrx_word' id='word_1_232' title='bbox 529 3245 560 3303; x_wconf 77' lang='grc' dir='ltr'>δὲ</span> <span class='ocrx_word' id='word_1_233' title='bbox 577 3245 637 3324; x_wconf 82' lang='grc' dir='ltr'>περὶ</span> <span class='ocrx_word' id='word_1_234' title='bbox 652 3245 681 3305; x_wconf 88' lang='grc' dir='ltr'>τθ</span> <span class='ocrx_word' id='word_1_235' title='bbox 702 3247 865 3307; x_wconf 90' lang='grc' dir='ltr'>Παλλάντιον</span> <span class='ocrx_word' id='word_1_236' title='bbox 879 3248 1030 3324; x_wconf 78' lang='grc' dir='ltr'>ἐπιμελειαν</span> 
     </span>
     <span class='ocr_line' id='line_1_40' title="bbox 261 3331 1031 3413; baseline 0.005 -24"><span class='ocrx_word' id='word_1_237' title='bbox 261 3332 355 3409; x_wconf 74' lang='grc' dir='ltr'>ἔχοντα</span> <span class='ocrx_word' id='word_1_238' title='bbox 375 3335 427 3393; x_wconf 90' lang='grc' dir='ltr'>τῶν</span> <span class='ocrx_word' id='word_1_239' title='bbox 447 3331 566 3411; x_wconf 81' lang='grc' dir='ltr'>Ἀμολίου</span> <span class='ocrx_word' id='word_1_240' title='bbox 591 3333 744 3410; x_wconf 74' lang='grc' dir='ltr'>κτημάτων·</span> <span class='ocrx_word' id='word_1_241' title='bbox 758 3336 918 3413; x_wconf 72' lang='grc' dir='ltr'>χαρίσασθαι</span> <span class='ocrx_word' id='word_1_242' title='bbox 937 3338 965 3394; x_wconf 76' lang='lat' dir='ltr'>dt</span> <span class='ocrx_word' id='word_1_243' title='bbox 980 3339 1031 3396; x_wconf 82' lang='lat' dir='ltr'>Ns·</span> 
     </span>
     <span class='ocr_line' id='line_1_41' title="bbox 261 3420 1031 3502; baseline 0.008 -25"><span class='ocrx_word' id='word_1_244' title='bbox 261 3421 351 3501; x_wconf 89' lang='grc' dir='ltr'>μέτορι</span> <span class='ocrx_word' id='word_1_245' title='bbox 368 3420 415 3490; x_wconf 72' lang='grc' dir='ltr'>τὴν</span> <span class='ocrx_word' id='word_1_246' title='bbox 441 3422 570 3502; x_wconf 75' lang='grc' dir='ltr'>ἐκτροφὴν</span> <span class='ocrx_word' id='word_1_247' title='bbox 595 3425 647 3479; x_wconf 89' lang='grc' dir='ltr'>τῶν</span> <span class='ocrx_word' id='word_1_248' title='bbox 676 3422 795 3496; x_wconf 84' lang='grc' dir='ltr'>παίδοιν,</span> <span class='ocrx_word' id='word_1_249' title='bbox 818 3423 922 3502; x_wconf 81' lang='grc' dir='ltr'>άδελφῷ</span> <span class='ocrx_word' id='word_1_250' title='bbox 946 3423 1031 3483; x_wconf 86' lang='grc' dir='ltr'>πειθά-</span> 
     </span>
    </p>
   </div>
   <div class='ocr_carea' id='block_1_9' title="bbox 222 3508 1030 3590">
    <p class='ocr_par' dir='ltr' id='par_1_10' title="bbox 222 3508 1030 3590">
     <span class='ocr_line' id='line_1_42' title="bbox 222 3508 1030 3590; baseline 0.001 -23"><span class='ocrx_word' id='word_1_251' title='bbox 222 3558 226 3567; x_wconf 80' lang='lat'>.</span> <span class='ocrx_word' id='word_1_252' title='bbox 262 3531 338 3583; x_wconf 87' lang='grc' dir='ltr'>μενον</span> <span class='ocrx_word' id='word_1_253' title='bbox 353 3509 436 3584; x_wconf 89' lang='grc' dir='ltr'>όνομα</span> <span class='ocrx_word' id='word_1_254' title='bbox 452 3508 609 3589; x_wconf 83' lang='grc' dir='ltr'>Φαυστίνῳ,</span> <span class='ocrx_word' id='word_1_255' title='bbox 624 3508 671 3575; x_wconf 86' lang='grc' dir='ltr'>τίες</span> <span class='ocrx_word' id='word_1_256' title='bbox 686 3509 744 3586; x_wconf 80' lang='grc' dir='ltr'>περὶ</span> <span class='ocrx_word' id='word_1_257' title='bbox 763 3511 807 3569; x_wconf 79' lang='grc' dir='ltr'>τὸν</span> <span class='ocrx_word' id='word_1_258' title='bbox 820 3512 958 3570; x_wconf 81' lang='grc' dir='ltr'>Αὐεντῖνον</span> <span class='ocrx_word' id='word_1_259' title='bbox 969 3534 1030 3590; x_wconf 88' lang='grc' dir='ltr'>τρε-</span> 
     </span>
    </p>
   </div>
   <div class='ocr_carea' id='block_1_10' title="bbox 207 3969 234 4005">
    <p class='ocr_par' dir='ltr' id='par_1_11' title="bbox 207 3969 234 4005">
     <span class='ocr_line' id='line_1_43' title="bbox 207 3969 234 4005; baseline -0.074 0"><span class='ocrx_word' id='word_1_260' title='bbox 207 3969 234 4005; x_wconf 85' lang='lat' dir='ltr'>to</span> 
     </span>
    </p>
   </div>
   <div class='ocr_carea' id='block_1_11' title="bbox 256 3595 1032 4379">
    <p class='ocr_par' dir='ltr' id='par_1_12' title="bbox 256 3595 1032 4379">
     <span class='ocr_line' id='line_1_44' title="bbox 262 3595 1030 3675; baseline 0.007 -23"><span class='ocrx_word' id='word_1_261' title='bbox 262 3595 377 3674; x_wconf 83' lang='grc' dir='ltr'>φομένας</span> <span class='ocrx_word' id='word_1_262' title='bbox 397 3600 443 3654; x_wconf 76' lang='grc' dir='ltr'>τού</span> <span class='ocrx_word' id='word_1_263' title='bbox 477 3596 623 3674; x_wconf 88' lang='grc' dir='ltr'>Νεμέτορος</span> <span class='ocrx_word' id='word_1_264' title='bbox 639 3597 734 3672; x_wconf 89' lang='grc' dir='ltr'>άγέλας</span> <span class='ocrx_word' id='word_1_265' title='bbox 759 3597 968 3675; x_wconf 69' lang='grc' dir='ltr'>ἐπιτροπεύοντι·</span> <span class='ocrx_word' id='word_1_266' title='bbox 982 3598 1030 3670; x_wconf 76' lang='grc' dir='ltr'>τήν</span> 
     </span>
     <span class='ocr_line' id='line_1_45' title="bbox 259 3682 1029 3765; baseline 0.003 -24"><span class='ocrx_word' id='word_1_267' title='bbox 259 3706 288 3741; x_wconf 84' lang='grc' dir='ltr'>τε</span> <span class='ocrx_word' id='word_1_268' title='bbox 307 3682 518 3760; x_wconf 84' lang='grc' dir='ltr'>τιθηνησαμένην</span> <span class='ocrx_word' id='word_1_269' title='bbox 539 3683 573 3741; x_wconf 79' lang='grc' dir='ltr'>τά</span> <span class='ocrx_word' id='word_1_270' title='bbox 598 3684 691 3742; x_wconf 87' lang='grc' dir='ltr'>παιδία</span> <span class='ocrx_word' id='word_1_271' title='bbox 712 3683 757 3742; x_wconf 82' lang='grc' dir='ltr'>καί</span> <span class='ocrx_word' id='word_1_272' title='bbox 779 3683 892 3756; x_wconf 80' lang='grc' dir='ltr'>μαστοὺς</span> <span class='ocrx_word' id='word_1_273' title='bbox 907 3688 1029 3765; x_wconf 78' lang='grc' dir='ltr'>ἐπισχοῦ-</span> 
     </span>
     <span class='ocr_line' id='line_1_46' title="bbox 261 3760 1029 3854; baseline 0.001 -24"><span class='ocrx_word' id='word_1_274' title='bbox 261 3794 309 3830; x_wconf 91' lang='grc' dir='ltr'>οαν</span> <span class='ocrx_word' id='word_1_275' title='bbox 331 3773 361 3829; x_wconf 84' lang='grc' dir='ltr'>ού</span> <span class='ocrx_word' id='word_1_276' title='bbox 374 3772 497 3830; x_wconf 89' lang='grc' dir='ltr'>λύκαιναν</span> <span class='ocrx_word' id='word_1_277' title='bbox 524 3760 590 3829; x_wconf 79' lang='grc' dir='ltr'>ε’ίναί</span> <span class='ocrx_word' id='word_1_278' title='bbox 609 3793 697 3850; x_wconf 91' lang='grc' dir='ltr'>φασιν,</span> <span class='ocrx_word' id='word_1_279' title='bbox 718 3772 776 3829; x_wconf 80' lang='grc' dir='ltr'>ἀλλ’</span> <span class='ocrx_word' id='word_1_280' title='bbox 793 3772 884 3851; x_wconf 84' lang='grc' dir='ltr'>ὥσπερ</span> <span class='ocrx_word' id='word_1_281' title='bbox 903 3774 1029 3854; x_wconf 81' lang='grc' dir='ltr'>είκθςγυ-</span> 
     </span>
     <span class='ocr_line' id='line_1_47' title="bbox 260 3860 1028 3942; baseline -0.003 -22"><span class='ocrx_word' id='word_1_282' title='bbox 260 3870 339 3920; x_wconf 84' lang='grc' dir='ltr'>ναῑκα</span> <span class='ocrx_word' id='word_1_283' title='bbox 352 3863 389 3942; x_wconf 78' lang='grc' dir='ltr'>τῷ</span> <span class='ocrx_word' id='word_1_284' title='bbox 404 3860 549 3939; x_wconf 83' lang='grc' dir='ltr'>Φαιστύλῳ</span> <span class='ocrx_word' id='word_1_285' title='bbox 559 3866 740 3935; x_wconf 77' lang='grc' dir='ltr'>συνοικοῦσαν,</span> <span class='ocrx_word' id='word_1_286' title='bbox 758 3860 919 3941; x_wconf 88' lang='grc' dir='ltr'>Λαυρεντίαν</span> <span class='ocrx_word' id='word_1_287' title='bbox 934 3860 1028 3938; x_wconf 83' lang='grc' dir='ltr'>ὄνομα,</span> 
     </span>
     <span class='ocr_line' id='line_1_48' title="bbox 256 3941 1030 4029; baseline -0.001 -21"><span class='ocrx_word' id='word_1_288' title='bbox 256 3941 279 4024; x_wconf 71' lang='grc' dir='ltr'>ᾖ</span> <span class='ocrx_word' id='word_1_289' title='bbox 302 3952 493 4029; x_wconf 78' lang='grc' dir='ltr'>δημοσιευούσῃ</span> <span class='ocrx_word' id='word_1_290' title='bbox 510 3947 573 4008; x_wconf 83' lang='grc' dir='ltr'>ποτδ</span> <span class='ocrx_word' id='word_1_291' title='bbox 590 3947 638 4019; x_wconf 73' lang='grc' dir='ltr'>τὴν</span> <span class='ocrx_word' id='word_1_292' title='bbox 653 3954 699 4007; x_wconf 79' lang='grc' dir='ltr'>τού</span> <span class='ocrx_word' id='word_1_293' title='bbox 714 3948 835 4026; x_wconf 84' lang='grc' dir='ltr'>σώματος</span> <span class='ocrx_word' id='word_1_294' title='bbox 850 3948 920 4028; x_wconf 81' lang='grc' dir='ltr'>ὥραν</span> <span class='ocrx_word' id='word_1_295' title='bbox 932 3951 957 4006; x_wconf 88' lang='grc' dir='ltr'>οί</span> <span class='ocrx_word' id='word_1_296' title='bbox 970 3949 1030 4028; x_wconf 81' lang='grc' dir='ltr'>περὶ</span> 
     </span>
     <span class='ocr_line' id='line_1_49' title="bbox 262 4035 1031 4116; baseline -0.003 -22"><span class='ocrx_word' id='word_1_297' title='bbox 262 4038 292 4095; x_wconf 81' lang='grc' dir='ltr'>τὸ</span> <span class='ocrx_word' id='word_1_298' title='bbox 316 4038 483 4097; x_wconf 88' lang='grc' dir='ltr'>Παλλάντιον</span> <span class='ocrx_word' id='word_1_299' title='bbox 509 4035 684 4116; x_wconf 81' lang='grc' dir='ltr'>δεατρίόοντες</span> <span class='ocrx_word' id='word_1_300' title='bbox 715 4038 853 4107; x_wconf 80' lang='grc' dir='ltr'>ἐπίκλησιν</span> <span class='ocrx_word' id='word_1_301' title='bbox 874 4037 961 4094; x_wconf 83' lang='grc' dir='ltr'>ἔθεντο</span> <span class='ocrx_word' id='word_1_302' title='bbox 982 4037 1031 4107; x_wconf 75' lang='grc' dir='ltr'>τὴν</span> 
     </span>
     <span class='ocr_line' id='line_1_50' title="bbox 261 4122 1031 4203; baseline 0 -19"><span class='ocrx_word' id='word_1_303' title='bbox 261 4128 403 4184; x_wconf 77' lang='grc' dir='ltr'>Λοῦππον·</span> <span class='ocrx_word' id='word_1_304' title='bbox 427 4125 482 4182; x_wconf 85' lang='grc' dir='ltr'>έστι</span> <span class='ocrx_word' id='word_1_305' title='bbox 496 4126 523 4182; x_wconf 73' lang='lat' dir='ltr'>dl</span> <span class='ocrx_word' id='word_1_306' title='bbox 548 4130 624 4184; x_wconf 83' lang='grc' dir='ltr'>τοῦτο</span> <span class='ocrx_word' id='word_1_307' title='bbox 638 4122 793 4197; x_wconf 80' lang='grc' dir='ltr'>Ἑλληνικόν</span> <span class='ocrx_word' id='word_1_308' title='bbox 812 4147 837 4182; x_wconf 92' lang='grc' dir='ltr'>τι</span> <span class='ocrx_word' id='word_1_309' title='bbox 862 4124 907 4182; x_wconf 87' lang='grc' dir='ltr'>καὶ</span> <span class='ocrx_word' id='word_1_310' title='bbox 921 4124 1031 4203; x_wconf 77' lang='grc' dir='ltr'>ἀρχαῖον</span> 
     </span>
     <span class='ocr_line' id='line_1_51' title="bbox 262 4210 1032 4293; baseline 0 -23"><span class='ocrx_word' id='word_1_311' title='bbox 262 4213 305 4271; x_wconf 79' lang='grc' dir='ltr'>ἐπὶ</span> <span class='ocrx_word' id='word_1_312' title='bbox 325 4214 382 4275; x_wconf 84' lang='grc' dir='ltr'>ταῖς</span> <span class='ocrx_word' id='word_1_313' title='bbox 397 4212 596 4290; x_wconf 86' lang='grc' dir='ltr'>μισθαρνούσαις</span> <span class='ocrx_word' id='word_1_314' title='bbox 614 4212 648 4270; x_wconf 75' lang='grc' dir='ltr'>τά</span> <span class='ocrx_word' id='word_1_315' title='bbox 672 4211 811 4293; x_wconf 76' lang='grc' dir='ltr'>ἀφροδίσια</span> <span class='ocrx_word' id='word_1_316' title='bbox 834 4210 983 4287; x_wconf 87' lang='grc' dir='ltr'>τιθέμενον,</span> <span class='ocrx_word' id='word_1_317' title='bbox 1003 4211 1032 4270; x_wconf 78' lang='grc' dir='ltr'>οἳ</span> 
     </span>
     <span class='ocr_line' id='line_1_52' title="bbox 260 4298 1030 4379; baseline 0.005 -24"><span class='ocrx_word' id='word_1_318' title='bbox 260 4306 304 4358; x_wconf 77' lang='grc' dir='ltr'>νῦν</span> <span class='ocrx_word' id='word_1_319' title='bbox 325 4299 518 4379; x_wconf 72' lang='grc' dir='ltr'>εὐπρεπεστέρα</span> <span class='ocrx_word' id='word_1_320' title='bbox 541 4298 634 4370; x_wconf 70' lang='grc' dir='ltr'>κλήσει</span> <span class='ocrx_word' id='word_1_321' title='bbox 656 4301 759 4378; x_wconf 79' lang='grc' dir='ltr'>ἑταῖραι</span> <span class='ocrx_word' id='word_1_322' title='bbox 782 4300 1030 4377; x_wconf 83' lang='grc' dir='ltr'>προσαγορεύονται.</span> 
     </span>
    </p>
   </div>
   <div class='ocr_carea' id='block_1_12' title="bbox 221 4384 1033 4464">
    <p class='ocr_par' dir='ltr' id='par_1_13' title="bbox 221 4384 1033 4464">
     <span class='ocr_line' id='line_1_53' title="bbox 221 4384 1033 4464; baseline 0.005 -23"><span class='ocrx_word' id='word_1_323' title='bbox 221 4406 232 4441; x_wconf 78' lang='lat' dir='ltr'>s</span> <span class='ocrx_word' id='word_1_324' title='bbox 264 4386 431 4464; x_wconf 77' lang='grc' dir='ltr'>Ἀγνοοῦντας</span> <span class='ocrx_word' id='word_1_325' title='bbox 450 4384 476 4443; x_wconf 83' lang='grc' dir='ltr'>δέ</span> <span class='ocrx_word' id='word_1_326' title='bbox 491 4407 565 4453; x_wconf 88' lang='grc' dir='ltr'>τινας</span> <span class='ocrx_word' id='word_1_327' title='bbox 589 4385 652 4445; x_wconf 79' lang='grc' dir='ltr'>αὐτὸ</span> <span class='ocrx_word' id='word_1_328' title='bbox 668 4386 772 4444; x_wconf 89' lang='grc' dir='ltr'>πλάσαι</span> <span class='ocrx_word' id='word_1_329' title='bbox 786 4386 830 4443; x_wconf 82' lang='grc' dir='ltr'>τὸν</span> <span class='ocrx_word' id='word_1_330' title='bbox 854 4385 914 4463; x_wconf 86' lang='grc' dir='ltr'>περί</span> <span class='ocrx_word' id='word_1_331' title='bbox 928 4391 975 4458; x_wconf 71' lang='grc' dir='ltr'>τῆς</span> <span class='ocrx_word' id='word_1_332' title='bbox 987 4389 1033 4445; x_wconf 93' lang='grc' dir='ltr'>λυ-</span> 
     </span>
    </p>
   </div>
   <div class='ocr_carea' id='block_1_13' title="bbox 259 4472 1034 5259">
    <p class='ocr_par' dir='ltr' id='par_1_14' title="bbox 259 4472 1034 5259">
     <span class='ocr_line' id='line_1_54' title="bbox 260 4472 1032 4553; baseline 0 -19"><span class='ocrx_word' id='word_1_333' title='bbox 260 4475 350 4548; x_wconf 89' lang='grc' dir='ltr'>καίνης</span> <span class='ocrx_word' id='word_1_334' title='bbox 367 4478 465 4552; x_wconf 76' lang='grc' dir='ltr'>μῦθον,</span> <span class='ocrx_word' id='word_1_335' title='bbox 483 4472 573 4545; x_wconf 74' lang='grc' dir='ltr'>ἐπειδὴ</span> <span class='ocrx_word' id='word_1_336' title='bbox 590 4474 657 4532; x_wconf 88' lang='grc' dir='ltr'>κατδε</span> <span class='ocrx_word' id='word_1_337' title='bbox 673 4474 722 4545; x_wconf 73' lang='grc' dir='ltr'>τὴν</span> <span class='ocrx_word' id='word_1_338' title='bbox 734 4477 860 4553; x_wconf 86' lang='grc' dir='ltr'>γλῶτταν,</span> <span class='ocrx_word' id='word_1_339' title='bbox 877 4474 910 4546; x_wconf 78' lang='grc' dir='ltr'>ἣν</span> <span class='ocrx_word' id='word_1_340' title='bbox 926 4474 955 4533; x_wconf 83' lang='grc' dir='ltr'>τὸ</span> <span class='ocrx_word' id='word_1_341' title='bbox 975 4479 1032 4534; x_wconf 83' lang='grc' dir='ltr'>Λα·</span> 
     </span>
     <span class='ocr_line' id='line_1_55' title="bbox 259 4559 1030 4644; baseline 0 -23"><span class='ocrx_word' id='word_1_342' title='bbox 259 4564 334 4622; x_wconf 90' lang='grc' dir='ltr'>τίνων</span> <span class='ocrx_word' id='word_1_343' title='bbox 358 4564 429 4629; x_wconf 79' lang='grc' dir='ltr'>ἔθνος</span> <span class='ocrx_word' id='word_1_344' title='bbox 454 4559 608 4644; x_wconf 84' lang='grc' dir='ltr'>φθέγγεται,</span> <span class='ocrx_word' id='word_1_345' title='bbox 633 4562 740 4620; x_wconf 78' lang='grc' dir='ltr'>λοῦπττα</span> <span class='ocrx_word' id='word_1_346' title='bbox 759 4564 878 4620; x_wconf 86' lang='grc' dir='ltr'>καλεῖται</span> <span class='ocrx_word' id='word_1_347' title='bbox 903 4567 979 4623; x_wconf 79' lang='grc' dir='ltr'>τοῦτο</span> <span class='ocrx_word' id='word_1_348' title='bbox 1000 4565 1030 4621; x_wconf 86' lang='grc' dir='ltr'>τὸ</span> 
     </span>
     <span class='ocr_line' id='line_1_56' title="bbox 260 4649 1032 4731; baseline -0.004 -22"><span class='ocrx_word' id='word_1_349' title='bbox 260 4653 359 4731; x_wconf 88' lang='grc' dir='ltr'>θηρίον.</span> <span class='ocrx_word' id='word_1_350' title='bbox 402 4650 501 4711; x_wconf 86' lang='grc' dir='ltr'>Ἦνίκα</span> <span class='ocrx_word' id='word_1_351' title='bbox 514 4649 541 4708; x_wconf 77' lang='grc' dir='ltr'>δέ</span> <span class='ocrx_word' id='word_1_352' title='bbox 555 4654 602 4721; x_wconf 76' lang='grc' dir='ltr'>τῆς</span> <span class='ocrx_word' id='word_1_353' title='bbox 616 4650 642 4707; x_wconf 83' lang='grc' dir='ltr'>έν</span> <span class='ocrx_word' id='word_1_354' title='bbox 655 4653 693 4727; x_wconf 80' lang='grc' dir='ltr'>τῷ</span> <span class='ocrx_word' id='word_1_355' title='bbox 707 4652 820 4728; x_wconf 89' lang='grc' dir='ltr'>γάλακτι</span> <span class='ocrx_word' id='word_1_356' title='bbox 834 4653 930 4730; x_wconf 85' lang='grc' dir='ltr'>τροφῆς</span> <span class='ocrx_word' id='word_1_357' title='bbox 945 4651 1032 4720; x_wconf 87' lang='grc' dir='ltr'>άπηλ·</span> 
     </span>
     <span class='ocr_line' id='line_1_57' title="bbox 261 4736 1032 4818; baseline 0 -22"><span class='ocrx_word' id='word_1_358' title='bbox 261 4740 330 4816; x_wconf 91' lang='grc' dir='ltr'>λοίγη</span> <span class='ocrx_word' id='word_1_359' title='bbox 351 4738 384 4797; x_wconf 78' lang='grc' dir='ltr'>τά</span> <span class='ocrx_word' id='word_1_360' title='bbox 407 4739 517 4818; x_wconf 87' lang='grc' dir='ltr'>παιδία,</span> <span class='ocrx_word' id='word_1_361' title='bbox 538 4740 643 4810; x_wconf 80' lang='grc' dir='ltr'>δοθῆναι</span> <span class='ocrx_word' id='word_1_362' title='bbox 668 4736 732 4816; x_wconf 86' lang='grc' dir='ltr'>τερδς</span> <span class='ocrx_word' id='word_1_363' title='bbox 755 4743 807 4797; x_wconf 88' lang='grc' dir='ltr'>τῶν</span> <span class='ocrx_word' id='word_1_364' title='bbox 829 4736 973 4817; x_wconf 87' lang='grc' dir='ltr'>τρεφόντων</span> <span class='ocrx_word' id='word_1_365' title='bbox 996 4741 1032 4805; x_wconf 85' lang='grc' dir='ltr'>είς</span> 
     </span>
     <span class='ocr_line' id='line_1_58' title="bbox 263 4824 1030 4907; baseline -0.007 -19"><span class='ocrx_word' id='word_1_366' title='bbox 263 4828 391 4902; x_wconf 78' lang='grc' dir='ltr'>Γαύίους,</span> <span class='ocrx_word' id='word_1_367' title='bbox 415 4829 493 4888; x_wconf 90' lang='grc' dir='ltr'>πόλιν</span> <span class='ocrx_word' id='word_1_368' title='bbox 519 4827 549 4887; x_wconf 86' lang='grc' dir='ltr'>οὖ</span> <span class='ocrx_word' id='word_1_369' title='bbox 579 4826 684 4907; x_wconf 83' lang='grc' dir='ltr'>μακράν</span> <span class='ocrx_word' id='word_1_370' title='bbox 707 4824 760 4886; x_wconf 89' lang='grc' dir='ltr'>άπθ</span> <span class='ocrx_word' id='word_1_371' title='bbox 788 4831 834 4885; x_wconf 76' lang='grc' dir='ltr'>τού</span> <span class='ocrx_word' id='word_1_372' title='bbox 862 4826 1030 4887; x_wconf 85' lang='grc' dir='ltr'>Παλλαντίου</span> 
     </span>
     <span class='ocr_line' id='line_1_59' title="bbox 261 4912 1033 4990; baseline 0 -19"><span class='ocrx_word' id='word_1_373' title='bbox 261 4913 399 4989; x_wconf 88' lang='grc' dir='ltr'>κειμένην,</span> <span class='ocrx_word' id='word_1_374' title='bbox 428 4918 462 4981; x_wconf 86' lang='grc' dir='ltr'>ύις</span> <span class='ocrx_word' id='word_1_375' title='bbox 490 4915 610 4976; x_wconf 78' lang='grc' dir='ltr'>Ἑλλάδα</span> <span class='ocrx_word' id='word_1_376' title='bbox 633 4912 756 4973; x_wconf 85' lang='grc' dir='ltr'>παιδείαν</span> <span class='ocrx_word' id='word_1_377' title='bbox 780 4913 929 4990; x_wconf 81' lang='grc' dir='ltr'>ἐκμάθοιεν·</span> <span class='ocrx_word' id='word_1_378' title='bbox 957 4915 1033 4973; x_wconf 88' lang='grc' dir='ltr'>κοίκεῖ</span> 
     </span>
     <span class='ocr_line' id='line_1_60' title="bbox 263 5002 1031 5083; baseline -0.003 -23"><span class='ocrx_word' id='word_1_379' title='bbox 263 5002 327 5080; x_wconf 88' lang='grc' dir='ltr'>παρ’</span> <span class='ocrx_word' id='word_1_380' title='bbox 352 5002 476 5080; x_wconf 86' lang='grc' dir='ltr'>άνδράοεν</span> <span class='ocrx_word' id='word_1_381' title='bbox 498 5004 628 5071; x_wconf 73' lang='grc' dir='ltr'>ἰδιοξένοις</span> <span class='ocrx_word' id='word_1_382' title='bbox 645 5008 691 5062; x_wconf 82' lang='grc' dir='ltr'>τοῦ</span> <span class='ocrx_word' id='word_1_383' title='bbox 710 5002 865 5064; x_wconf 85' lang='grc' dir='ltr'>Φαιστύλου</span> <span class='ocrx_word' id='word_1_384' title='bbox 890 5005 1031 5083; x_wconf 81' lang='grc' dir='ltr'>τραφῆναι,</span> 
     </span>
     <span class='ocr_line' id='line_1_61' title="bbox 263 5087 1034 5170; baseline -0.001 -24"><span class='ocrx_word' id='word_1_385' title='bbox 263 5087 409 5167; x_wconf 89' lang='grc' dir='ltr'>γράμματα</span> <span class='ocrx_word' id='word_1_386' title='bbox 427 5089 471 5147; x_wconf 79' lang='grc' dir='ltr'>καί</span> <span class='ocrx_word' id='word_1_387' title='bbox 484 5090 610 5166; x_wconf 71' lang='grc' dir='ltr'>μουσικὴν</span> <span class='ocrx_word' id='word_1_388' title='bbox 636 5092 680 5149; x_wconf 81' lang='grc' dir='ltr'>καί</span> <span class='ocrx_word' id='word_1_389' title='bbox 699 5094 793 5170; x_wconf 78' lang='grc' dir='ltr'>χρῆσιν</span> <span class='ocrx_word' id='word_1_390' title='bbox 811 5091 898 5148; x_wconf 81' lang='grc' dir='ltr'>ὅπλων</span> <span class='ocrx_word' id='word_1_391' title='bbox 912 5089 1034 5162; x_wconf 81' lang='grc' dir='ltr'>Ἕλληνι·</span> 
     </span>
     <span class='ocr_line' id='line_1_62' title="bbox 263 5176 1032 5259; baseline -0.001 -23"><span class='ocrx_word' id='word_1_392' title='bbox 263 5181 316 5236; x_wconf 86' lang='grc' dir='ltr'>κῶν</span> <span class='ocrx_word' id='word_1_393' title='bbox 341 5176 572 5254; x_wconf 79' lang='grc' dir='ltr'>έκδιδασκομένους</span> <span class='ocrx_word' id='word_1_394' title='bbox 592 5179 685 5259; x_wconf 72' lang='grc' dir='ltr'>μέχρις</span> <span class='ocrx_word' id='word_1_395' title='bbox 703 5178 781 5250; x_wconf 76' lang='grc' dir='ltr'>ἥόηε.</span> <span class='ocrx_word' id='word_1_396' title='bbox 825 5177 902 5239; x_wconf 79' lang='grc' dir='ltr'>Ἐπεὶ</span> <span class='ocrx_word' id='word_1_397' title='bbox 925 5177 947 5235; x_wconf 84' lang='grc' dir='ltr'>δ’</span> <span class='ocrx_word' id='word_1_398' title='bbox 970 5178 1032 5258; x_wconf 85' lang='grc' dir='ltr'>άφί·</span> 
     </span>
    </p>
   </div>
   <div class='ocr_carea' id='block_1_14' title="bbox 780 404 1356 496">
    <p class='ocr_par' dir='ltr' id='par_1_15' title="bbox 780 404 1356 496">
     <span class='ocr_line' id='line_1_63' title="bbox 780 404 1356 496; baseline 0.014 -32"><span class='ocrx_word' id='word_1_399' title='bbox 780 404 945 466; x_wconf 86' lang='lat' dir='ltr'>DlONYSlI</span> <span class='ocrx_word' id='word_1_400' title='bbox 966 407 1356 496; x_wconf 67' lang='lat' dir='ltr'>risulcttthssteNsts</span> 
     </span>
    </p>
   </div>
   <div class='ocr_carea' id='block_1_15' title="bbox 1084 551 1859 604">
    <p class='ocr_par' dir='ltr' id='par_1_16' title="bbox 1084 551 1859 604">
     <span class='ocr_line' id='line_1_64' title="bbox 1084 551 1859 604; baseline 0.005 -4"><span class='ocrx_word' id='word_1_401' title='bbox 1084 551 1207 601; x_wconf 77' lang='lat' dir='ltr'>Numitori</span> <span class='ocrx_word' id='word_1_402' title='bbox 1226 552 1316 602; x_wconf 81' lang='lat' dir='ltr'>Amulii</span> <span class='ocrx_word' id='word_1_403' title='bbox 1335 552 1463 601; x_wconf 86' lang='lat' dir='ltr'>consilium</span> <span class='ocrx_word' id='word_1_404' title='bbox 1476 551 1574 603; x_wconf 83' lang='lat' dir='ltr'>indicat.</span> <span class='ocrx_word' id='word_1_405' title='bbox 1607 553 1651 604; x_wconf 88' lang='lat' dir='ltr'>ltie</span> <span class='ocrx_word' id='word_1_406' title='bbox 1671 566 1729 603; x_wconf 85' lang='lat' dir='ltr'>vero</span> <span class='ocrx_word' id='word_1_407' title='bbox 1742 566 1799 602; x_wconf 90' lang='lat' dir='ltr'>cum</span> <span class='ocrx_word' id='word_1_408' title='bbox 1820 555 1859 604; x_wconf 84' lang='lat' dir='ltr'>tu·</span> 
     </span>
    </p>
   </div>
   <div class='ocr_carea' id='block_1_16' title="bbox 1082 659 1856 1972">
    <p class='ocr_par' dir='ltr' id='par_1_17' title="bbox 1082 659 1856 1657">
     <span class='ocr_line' id='line_1_65' title="bbox 1084 659 1854 727; baseline 0.004 -19"><span class='ocrx_word' id='word_1_409' title='bbox 1084 659 1187 710; x_wconf 85' lang='lat' dir='ltr'>renibus</span> <span class='ocrx_word' id='word_1_410' title='bbox 1198 661 1335 724; x_wconf 86' lang='lat' dir='ltr'>perieulum</span> <span class='ocrx_word' id='word_1_411' title='bbox 1355 661 1499 725; x_wconf 87' lang='lat' dir='ltr'>impendens</span> <span class='ocrx_word' id='word_1_412' title='bbox 1514 662 1676 725; x_wconf 72' lang='lat' dir='ltr'>declarasset,</span> <span class='ocrx_word' id='word_1_413' title='bbox 1694 676 1785 727; x_wconf 86' lang='lat' dir='ltr'>eosque</span> <span class='ocrx_word' id='word_1_414' title='bbox 1796 663 1854 712; x_wconf 88' lang='lat' dir='ltr'>bor·</span> 
     </span>
     <span class='ocr_line' id='line_1_66' title="bbox 1085 761 1853 827; baseline 0.005 -18"><span class='ocrx_word' id='word_1_415' title='bbox 1085 763 1151 811; x_wconf 87' lang='lat' dir='ltr'>tatus</span> <span class='ocrx_word' id='word_1_416' title='bbox 1166 766 1233 813; x_wconf 89' lang='lat' dir='ltr'>esset</span> <span class='ocrx_word' id='word_1_417' title='bbox 1253 765 1281 812; x_wconf 92' lang='lat' dir='ltr'>ut</span> <span class='ocrx_word' id='word_1_418' title='bbox 1294 776 1321 812; x_wconf 88' lang='lat' dir='ltr'>sc</span> <span class='ocrx_word' id='word_1_419' title='bbox 1338 762 1436 814; x_wconf 81' lang='lat' dir='ltr'>sortiter</span> <span class='ocrx_word' id='word_1_420' title='bbox 1448 768 1567 827; x_wconf 75' lang='lat' dir='ltr'>gererent,</span> <span class='ocrx_word' id='word_1_421' title='bbox 1581 778 1637 816; x_wconf 87' lang='lat' dir='ltr'>cum</span> <span class='ocrx_word' id='word_1_422' title='bbox 1658 764 1760 814; x_wconf 89' lang='lat' dir='ltr'>eliorum</span> <span class='ocrx_word' id='word_1_423' title='bbox 1779 761 1853 815; x_wconf 87' lang='lat' dir='ltr'>elien·</span> 
     </span>
     <span class='ocr_line' id='line_1_67' title="bbox 1083 864 1856 917; baseline 0.006 -5"><span class='ocrx_word' id='word_1_424' title='bbox 1083 864 1136 913; x_wconf 89' lang='lat' dir='ltr'>tum</span> <span class='ocrx_word' id='word_1_425' title='bbox 1151 866 1176 913; x_wconf 91' lang='lat' dir='ltr'>et</span> <span class='ocrx_word' id='word_1_426' title='bbox 1186 864 1322 913; x_wconf 74' lang='lat' dir='ltr'>amicorum</span> <span class='ocrx_word' id='word_1_427' title='bbox 1336 869 1486 914; x_wconf 87' lang='lat' dir='ltr'>srmatorum</span> <span class='ocrx_word' id='word_1_428' title='bbox 1505 869 1558 915; x_wconf 91' lang='lat' dir='ltr'>tum</span> <span class='ocrx_word' id='word_1_429' title='bbox 1569 866 1641 916; x_wconf 88' lang='lat' dir='ltr'>etiam</span> <span class='ocrx_word' id='word_1_430' title='bbox 1660 865 1856 917; x_wconf 80' lang='lat' dir='ltr'>fidelissimorum</span> 
     </span>
     <span class='ocr_line' id='line_1_68' title="bbox 1083 934 1854 1034; baseline 0.008 -19"><span class='ocrx_word' id='word_1_431' title='bbox 1083 934 1229 1019; x_wconf 76' lang='lat' dir='ltr'>famulorum</span> <span class='ocrx_word' id='word_1_432' title='bbox 1244 982 1291 1018; x_wconf 90' lang='lat' dir='ltr'>non</span> <span class='ocrx_word' id='word_1_433' title='bbox 1303 969 1392 1034; x_wconf 78' lang='lat' dir='ltr'>esigua</span> <span class='ocrx_word' id='word_1_434' title='bbox 1402 983 1476 1019; x_wconf 84' lang='lat' dir='ltr'>menn</span> <span class='ocrx_word' id='word_1_435' title='bbox 1489 971 1608 1033; x_wconf 89' lang='lat' dir='ltr'>stipatus,</span> <span class='ocrx_word' id='word_1_436' title='bbox 1623 969 1655 1019; x_wconf 90' lang='lat' dir='ltr'>ad</span> <span class='ocrx_word' id='word_1_437' title='bbox 1673 970 1764 1034; x_wconf 80' lang='lat' dir='ltr'>regiam</span> <span class='ocrx_word' id='word_1_438' title='bbox 1778 971 1854 1022; x_wconf 84' lang='lat' dir='ltr'>venit.</span> 
     </span>
     <span class='ocr_line' id='line_1_69' title="bbox 1084 1070 1856 1137; baseline 0.006 -18"><span class='ocrx_word' id='word_1_439' title='bbox 1084 1070 1262 1122; x_wconf 72' lang='lat' dir='ltr'>litteratoriam</span> <span class='ocrx_word' id='word_1_440' title='bbox 1282 1071 1433 1123; x_wconf 83' lang='lat' dir='ltr'>validissima</span> <span class='ocrx_word' id='word_1_441' title='bbox 1450 1075 1581 1137; x_wconf 76' lang='lat' dir='ltr'>agrestium</span> <span class='ocrx_word' id='word_1_442' title='bbox 1598 1088 1691 1135; x_wconf 88' lang='lat' dir='ltr'>manus,</span> <span class='ocrx_word' id='word_1_443' title='bbox 1703 1074 1746 1137; x_wconf 90' lang='lat' dir='ltr'>qui</span> <span class='ocrx_word' id='word_1_444' title='bbox 1769 1074 1794 1124; x_wconf 89' lang='lat' dir='ltr'>iu</span> <span class='ocrx_word' id='word_1_445' title='bbox 1813 1088 1856 1126; x_wconf 90' lang='lat' dir='ltr'>ur·</span> 
     </span>
     <span class='ocr_line' id='line_1_70' title="bbox 1083 1146 1856 1240; baseline 0.005 -15"><span class='ocrx_word' id='word_1_446' title='bbox 1083 1174 1140 1225; x_wconf 81' lang='grc' dir='ltr'>Ινοειε</span> <span class='ocrx_word' id='word_1_447' title='bbox 1162 1180 1335 1238; x_wconf 77' lang='lat' dir='ltr'>convenerant,</span> <span class='ocrx_word' id='word_1_448' title='bbox 1361 1178 1413 1227; x_wconf 90' lang='lat' dir='ltr'>loro</span> <span class='ocrx_word' id='word_1_449' title='bbox 1431 1178 1536 1237; x_wconf 88' lang='lat' dir='ltr'>relicto,</span> <span class='ocrx_word' id='word_1_450' title='bbox 1562 1146 1653 1240; x_wconf 60' lang='lat' dir='ltr'>eladius</span> <span class='ocrx_word' id='word_1_451' title='bbox 1678 1178 1726 1228; x_wconf 91' lang='lat' dir='ltr'>sub</span> <span class='ocrx_word' id='word_1_452' title='bbox 1746 1179 1856 1229; x_wconf 83' lang='lat' dir='ltr'>restibus</span> 
     </span>
     <span class='ocr_line' id='line_1_71' title="bbox 1083 1282 1854 1349; baseline 0.001 -17"><span class='ocrx_word' id='word_1_453' title='bbox 1083 1282 1275 1341; x_wconf 73' lang='lat' dir='ltr'>abscondentes,</span> <span class='ocrx_word' id='word_1_454' title='bbox 1296 1298 1429 1349; x_wconf 84' lang='lat' dir='ltr'>omnesque</span> <span class='ocrx_word' id='word_1_455' title='bbox 1441 1285 1592 1347; x_wconf 73' lang='lat' dir='ltr'>conglobati,</span> <span class='ocrx_word' id='word_1_456' title='bbox 1609 1284 1679 1334; x_wconf 87' lang='lat' dir='ltr'>aditu</span> <span class='ocrx_word' id='word_1_457' title='bbox 1699 1283 1774 1349; x_wconf 78' lang='lat' dir='ltr'>quis</span> <span class='ocrx_word' id='word_1_458' title='bbox 1792 1297 1854 1347; x_wconf 89' lang='lat' dir='ltr'>pau·</span> 
     </span>
     <span class='ocr_line' id='line_1_72' title="bbox 1082 1384 1854 1452; baseline 0.001 -18"><span class='ocrx_word' id='word_1_459' title='bbox 1082 1386 1119 1435; x_wconf 87' lang='lat' dir='ltr'>cis</span> <span class='ocrx_word' id='word_1_460' title='bbox 1143 1385 1264 1436; x_wconf 88' lang='lat' dir='ltr'>militibus</span> <span class='ocrx_word' id='word_1_461' title='bbox 1282 1386 1426 1437; x_wconf 76' lang='lat' dir='ltr'>serrabatur</span> <span class='ocrx_word' id='word_1_462' title='bbox 1447 1388 1558 1452; x_wconf 82' lang='lat' dir='ltr'>pervim</span> <span class='ocrx_word' id='word_1_463' title='bbox 1581 1391 1716 1451; x_wconf 89' lang='lat' dir='ltr'>occupato,</span> <span class='ocrx_word' id='word_1_464' title='bbox 1730 1384 1854 1437; x_wconf 70' lang='lat' dir='ltr'>Amulium</span> 
     </span>
     <span class='ocr_line' id='line_1_73' title="bbox 1083 1486 1855 1552; baseline 0 -17"><span class='ocrx_word' id='word_1_465' title='bbox 1083 1486 1134 1536; x_wconf 89' lang='lat' dir='ltr'>siue</span> <span class='ocrx_word' id='word_1_466' title='bbox 1143 1486 1192 1536; x_wconf 88' lang='lat' dir='ltr'>ullo</span> <span class='ocrx_word' id='word_1_467' title='bbox 1204 1487 1301 1550; x_wconf 76' lang='lat' dir='ltr'>negotio</span> <span class='ocrx_word' id='word_1_468' title='bbox 1312 1486 1470 1549; x_wconf 77' lang='lat' dir='ltr'>obtruncant,</span> <span class='ocrx_word' id='word_1_469' title='bbox 1480 1491 1553 1552; x_wconf 82' lang='lat' dir='ltr'>etque</span> <span class='ocrx_word' id='word_1_470' title='bbox 1563 1501 1644 1538; x_wconf 85' lang='lat' dir='ltr'>arcem</span> <span class='ocrx_word' id='word_1_471' title='bbox 1654 1491 1784 1551; x_wconf 80' lang='lat' dir='ltr'>occupent.</span> <span class='ocrx_word' id='word_1_472' title='bbox 1795 1486 1855 1535; x_wconf 75' lang='lat' dir='ltr'>llere</span> 
     </span>
     <span class='ocr_line' id='line_1_74' title="bbox 1083 1595 1427 1657; baseline 0.009 -14"><span class='ocrx_word' id='word_1_473' title='bbox 1083 1598 1142 1644; x_wconf 92' lang='lat' dir='ltr'>sunt</span> <span class='ocrx_word' id='word_1_474' title='bbox 1155 1607 1211 1657; x_wconf 83' lang='lat' dir='ltr'>quse</span> <span class='ocrx_word' id='word_1_475' title='bbox 1231 1595 1319 1644; x_wconf 86' lang='lat' dir='ltr'>Fabius</span> <span class='ocrx_word' id='word_1_476' title='bbox 1332 1596 1427 1646; x_wconf 85' lang='lat' dir='ltr'>scribit.</span> 
     </span>
    </p>

    <p class='ocr_par' dir='ltr' id='par_1_18' title="bbox 1083 1694 1855 1972">
     <span class='ocr_line' id='line_1_75' title="bbox 1115 1694 1850 1759; baseline 0.001 -14"><span class='ocrx_word' id='word_1_477' title='bbox 1115 1698 1243 1746; x_wconf 81' lang='lat' dir='ltr'>LXXXIV.</span> <span class='ocrx_word' id='word_1_478' title='bbox 1275 1696 1321 1746; x_wconf 79' lang='lat' dir='ltr'>Atii</span> <span class='ocrx_word' id='word_1_479' title='bbox 1348 1709 1420 1757; x_wconf 81' lang='lat' dir='ltr'>uero,</span> <span class='ocrx_word' id='word_1_480' title='bbox 1447 1696 1491 1759; x_wconf 83' lang='lat' dir='ltr'>qui</span> <span class='ocrx_word' id='word_1_481' title='bbox 1519 1694 1578 1745; x_wconf 89' lang='lat' dir='ltr'>ntbil</span> <span class='ocrx_word' id='word_1_482' title='bbox 1612 1694 1716 1746; x_wconf 80' lang='lat' dir='ltr'>fabulosi</span> <span class='ocrx_word' id='word_1_483' title='bbox 1739 1694 1850 1747; x_wconf 81' lang='lat' dir='ltr'>liistorite</span> 
     </span>
     <span class='ocr_line' id='line_1_76' title="bbox 1083 1802 1855 1867; baseline 0.008 -18"><span class='ocrx_word' id='word_1_484' title='bbox 1083 1802 1213 1852; x_wconf 78' lang='lat' dir='ltr'>eonvenite</span> <span class='ocrx_word' id='word_1_485' title='bbox 1236 1805 1349 1862; x_wconf 88' lang='lat' dir='ltr'>censent,</span> <span class='ocrx_word' id='word_1_486' title='bbox 1380 1805 1469 1867; x_wconf 76' lang='lat' dir='ltr'>negant</span> <span class='ocrx_word' id='word_1_487' title='bbox 1497 1802 1627 1853; x_wconf 81' lang='lat' dir='ltr'>uerisimile</span> <span class='ocrx_word' id='word_1_488' title='bbox 1650 1815 1718 1865; x_wconf 87' lang='lat' dir='ltr'>esse,</span> <span class='ocrx_word' id='word_1_489' title='bbox 1749 1803 1855 1855; x_wconf 82' lang='lat' dir='ltr'>inientes</span> 
     </span>
     <span class='ocr_line' id='line_1_77' title="bbox 1084 1906 1854 1972; baseline 0.003 -13"><span class='ocrx_word' id='word_1_490' title='bbox 1084 1909 1139 1959; x_wconf 91' lang='lat' dir='ltr'>illos</span> <span class='ocrx_word' id='word_1_491' title='bbox 1164 1907 1320 1958; x_wconf 85' lang='lat' dir='ltr'>aministris</span> <span class='ocrx_word' id='word_1_492' title='bbox 1350 1906 1422 1958; x_wconf 86' lang='lat' dir='ltr'>aliter</span> <span class='ocrx_word' id='word_1_493' title='bbox 1449 1922 1523 1971; x_wconf 90' lang='lat' dir='ltr'>quam</span> <span class='ocrx_word' id='word_1_494' title='bbox 1547 1908 1606 1972; x_wconf 91' lang='lat' dir='ltr'>ipsis</span> <span class='ocrx_word' id='word_1_495' title='bbox 1634 1908 1778 1959; x_wconf 85' lang='lat' dir='ltr'>mandatum</span> <span class='ocrx_word' id='word_1_496' title='bbox 1801 1915 1854 1962; x_wconf 81' lang='lat' dir='ltr'>eret</span> 
     </span>
    </p>
   </div>
   <div class='ocr_carea' id='block_1_17' title="bbox 1083 2015 1854 2081">
    <p class='ocr_par' dir='ltr' id='par_1_19' title="bbox 1083 2015 1854 2081">
     <span class='ocr_line' id='line_1_78' title="bbox 1083 2015 1854 2081; baseline 0.001 -14"><span class='ocrx_word' id='word_1_497' title='bbox 1083 2018 1206 2081; x_wconf 86' lang='lat' dir='ltr'>expositos</span> <span class='ocrx_word' id='word_1_498' title='bbox 1229 2029 1297 2078; x_wconf 87' lang='lat' dir='ltr'>esse,</span> <span class='ocrx_word' id='word_1_499' title='bbox 1322 2015 1429 2081; x_wconf 75' lang='lat' dir='ltr'>etlapsa</span> <span class='ocrx_word' id='word_1_500' title='bbox 1448 2016 1673 2078; x_wconf 84' lang='lat' dir='ltr'>mansuetudinem,</span> <span class='ocrx_word' id='word_1_501' title='bbox 1695 2031 1752 2080; x_wconf 75' lang='lat' dir='ltr'>quta</span> <span class='ocrx_word' id='word_1_502' title='bbox 1777 2018 1854 2069; x_wconf 85' lang='lat' dir='ltr'>ubera</span> 
     </span>
    </p>
   </div>
   <div class='ocr_carea' id='block_1_18' title="bbox 1081 2122 1853 2282">
    <p class='ocr_par' dir='ltr' id='par_1_20' title="bbox 1081 2122 1853 2282">
     <span class='ocr_line' id='line_1_79' title="bbox 1081 2122 1853 2188; baseline 0.003 -15"><span class='ocrx_word' id='word_1_503' title='bbox 1081 2122 1215 2173; x_wconf 85' lang='lat' dir='ltr'>tutantibus</span> <span class='ocrx_word' id='word_1_504' title='bbox 1233 2122 1379 2186; x_wconf 74' lang='lat' dir='ltr'>prebuerat,</span> <span class='ocrx_word' id='word_1_505' title='bbox 1390 2126 1419 2172; x_wconf 92' lang='lat' dir='ltr'>ut</span> <span class='ocrx_word' id='word_1_506' title='bbox 1437 2136 1487 2172; x_wconf 87' lang='lat' dir='ltr'>rem</span> <span class='ocrx_word' id='word_1_507' title='bbox 1510 2122 1668 2172; x_wconf 70' lang='lat' dir='ltr'>absurditates</span> <span class='ocrx_word' id='word_1_508' title='bbox 1688 2122 1784 2187; x_wconf 74' lang='lat' dir='ltr'>tragicas</span> <span class='ocrx_word' id='word_1_509' title='bbox 1800 2124 1853 2188; x_wconf 88' lang='lat' dir='ltr'>ple·</span> 
     </span>
     <span class='ocr_line' id='line_1_80' title="bbox 1081 2217 1852 2282; baseline 0.003 -14"><span class='ocrx_word' id='word_1_510' title='bbox 1081 2233 1139 2270; x_wconf 87' lang='lat' dir='ltr'>uam</span> <span class='ocrx_word' id='word_1_511' title='bbox 1155 2220 1321 2275; x_wconf 69' lang='lat' dir='ltr'>cavillantur:</span> <span class='ocrx_word' id='word_1_512' title='bbox 1346 2220 1480 2282; x_wconf 85' lang='lat' dir='ltr'>harumque</span> <span class='ocrx_word' id='word_1_513' title='bbox 1498 2231 1582 2269; x_wconf 86' lang='lat' dir='ltr'>rerum</span> <span class='ocrx_word' id='word_1_514' title='bbox 1599 2217 1738 2269; x_wconf 76' lang='lat' dir='ltr'>narratione</span> <span class='ocrx_word' id='word_1_515' title='bbox 1759 2222 1852 2270; x_wconf 78' lang='lat' dir='ltr'>mutate</span> 
     </span>
    </p>
   </div>
   <div class='ocr_carea' id='block_1_19' title="bbox 1080 2323 1904 3655">
    <p class='ocr_par' dir='ltr' id='par_1_21' title="bbox 1080 2323 1904 3655">
     <span class='ocr_line' id='line_1_81' title="bbox 1082 2323 1852 2388; baseline 0.003 -14"><span class='ocrx_word' id='word_1_516' title='bbox 1082 2324 1161 2388; x_wconf 87' lang='lat' dir='ltr'>alunt,</span> <span class='ocrx_word' id='word_1_517' title='bbox 1184 2326 1344 2385; x_wconf 85' lang='lat' dir='ltr'>Numitorem,</span> <span class='ocrx_word' id='word_1_518' title='bbox 1366 2324 1408 2376; x_wconf 90' lang='lat' dir='ltr'>ubi</span> <span class='ocrx_word' id='word_1_519' title='bbox 1428 2324 1582 2386; x_wconf 80' lang='lat' dir='ltr'>oognorisset</span> <span class='ocrx_word' id='word_1_520' title='bbox 1602 2323 1701 2374; x_wconf 80' lang='lat' dir='ltr'>Silvism</span> <span class='ocrx_word' id='word_1_521' title='bbox 1726 2324 1852 2388; x_wconf 78' lang='lat' dir='ltr'>gravidetur</span> 
     </span>
     <span class='ocr_line' id='line_1_82' title="bbox 1081 2414 1854 2494; baseline -0.001 -13"><span class='ocrx_word' id='word_1_522' title='bbox 1081 2443 1151 2491; x_wconf 82' lang='lat' dir='ltr'>esse,</span> <span class='ocrx_word' id='word_1_523' title='bbox 1172 2430 1233 2481; x_wconf 89' lang='lat' dir='ltr'>alios</span> <span class='ocrx_word' id='word_1_524' title='bbox 1254 2443 1343 2494; x_wconf 90' lang='lat' dir='ltr'>pueros</span> <span class='ocrx_word' id='word_1_525' title='bbox 1364 2442 1450 2480; x_wconf 87' lang='lat' dir='ltr'>reeens</span> <span class='ocrx_word' id='word_1_526' title='bbox 1465 2432 1536 2479; x_wconf 86' lang='lat' dir='ltr'>natos</span> <span class='ocrx_word' id='word_1_527' title='bbox 1559 2442 1666 2494; x_wconf 76' lang='lat' dir='ltr'>parasse,</span> <span class='ocrx_word' id='word_1_528' title='bbox 1688 2432 1715 2479; x_wconf 87' lang='lat' dir='ltr'>et</span> <span class='ocrx_word' id='word_1_529' title='bbox 1731 2414 1766 2480; x_wconf 85' lang='lat' dir='ltr'>in¹</span> <span class='ocrx_word' id='word_1_530' title='bbox 1780 2434 1854 2493; x_wconf 87' lang='lat' dir='ltr'>psrtu</span> 
     </span>
     <span class='ocr_line' id='line_1_83' title="bbox 1082 2533 1852 2598; baseline 0.001 -14"><span class='ocrx_word' id='word_1_531' title='bbox 1082 2534 1186 2584; x_wconf 87' lang='lat' dir='ltr'>tutantes</span> <span class='ocrx_word' id='word_1_532' title='bbox 1214 2537 1382 2598; x_wconf 77' lang='lat' dir='ltr'>pemrutasse3</span> <span class='ocrx_word' id='word_1_533' title='bbox 1415 2534 1605 2598; x_wconf 81' lang='lat' dir='ltr'>custodibusque</span> <span class='ocrx_word' id='word_1_534' title='bbox 1629 2533 1720 2585; x_wconf 73' lang='lat' dir='ltr'>alienos</span> <span class='ocrx_word' id='word_1_535' title='bbox 1747 2533 1852 2585; x_wconf 81' lang='lat' dir='ltr'>intentes</span> 
     </span>
     <span class='ocr_line' id='line_1_84' title="bbox 1082 2639 1853 2708; baseline -0.001 -17"><span class='ocrx_word' id='word_1_536' title='bbox 1082 2642 1242 2708; x_wconf 85' lang='lat' dir='ltr'>asportandos</span> <span class='ocrx_word' id='word_1_537' title='bbox 1255 2642 1352 2693; x_wconf 80' lang='lat' dir='ltr'>dedisse</span> <span class='ocrx_word' id='word_1_538' title='bbox 1366 2641 1433 2705; x_wconf 83' lang='lat' dir='ltr'>(sive</span> <span class='ocrx_word' id='word_1_539' title='bbox 1450 2639 1547 2692; x_wconf 89' lang='lat' dir='ltr'>illorum</span> <span class='ocrx_word' id='word_1_540' title='bbox 1566 2654 1647 2704; x_wconf 79' lang='lat' dir='ltr'>operae</span> <span class='ocrx_word' id='word_1_541' title='bbox 1661 2640 1733 2690; x_wconf 82' lang='lat' dir='ltr'>tidem</span> <span class='ocrx_word' id='word_1_542' title='bbox 1750 2641 1853 2705; x_wconf 86' lang='lat' dir='ltr'>peounis</span> 
     </span>
     <span class='ocr_line' id='line_1_85' title="bbox 1082 2745 1852 2811; baseline -0.005 -12"><span class='ocrx_word' id='word_1_543' title='bbox 1082 2749 1178 2811; x_wconf 84' lang='lat' dir='ltr'>emerit,</span> <span class='ocrx_word' id='word_1_544' title='bbox 1195 2749 1247 2799; x_wconf 83' lang='lat' dir='ltr'>sire</span> <span class='ocrx_word' id='word_1_545' title='bbox 1272 2761 1316 2811; x_wconf 87' lang='lat' dir='ltr'>per</span> <span class='ocrx_word' id='word_1_546' title='bbox 1331 2747 1447 2798; x_wconf 87' lang='lat' dir='ltr'>mutieres</span> <span class='ocrx_word' id='word_1_547' title='bbox 1463 2760 1517 2797; x_wconf 88' lang='lat' dir='ltr'>eam</span> <span class='ocrx_word' id='word_1_548' title='bbox 1540 2747 1742 2811; x_wconf 85' lang='lat' dir='ltr'>permutationem</span> <span class='ocrx_word' id='word_1_549' title='bbox 1756 2745 1852 2795; x_wconf 89' lang='lat' dir='ltr'>macbi·</span> 
     </span>
     <span class='ocr_line' id='line_1_86' title="bbox 1080 2850 1852 2915; baseline -0.004 -11"><span class='ocrx_word' id='word_1_550' title='bbox 1080 2858 1152 2904; x_wconf 84' lang='lat' dir='ltr'>nutus</span> <span class='ocrx_word' id='word_1_551' title='bbox 1163 2854 1250 2915; x_wconf 86' lang='lat' dir='ltr'>tuerit)</span> <span class='ocrx_word' id='word_1_552' title='bbox 1261 2865 1352 2915; x_wconf 87' lang='lat' dir='ltr'>eosque</span> <span class='ocrx_word' id='word_1_553' title='bbox 1363 2852 1394 2902; x_wconf 86' lang='lat' dir='ltr'>sd</span> <span class='ocrx_word' id='word_1_554' title='bbox 1402 2851 1525 2901; x_wconf 74' lang='lat' dir='ltr'>Amulium</span> <span class='ocrx_word' id='word_1_555' title='bbox 1533 2850 1638 2913; x_wconf 86' lang='lat' dir='ltr'>delatos,</span> <span class='ocrx_word' id='word_1_556' title='bbox 1648 2851 1722 2901; x_wconf 91' lang='lat' dir='ltr'>buius</span> <span class='ocrx_word' id='word_1_557' title='bbox 1733 2850 1852 2901; x_wconf 85' lang='lat' dir='ltr'>arbitratu</span> 
     </span>
     <span class='ocr_line' id='line_1_87' title="bbox 1081 2956 1853 3020; baseline -0.006 -10"><span class='ocrx_word' id='word_1_558' title='bbox 1081 2962 1180 3010; x_wconf 82' lang='lat' dir='ltr'>naestos</span> <span class='ocrx_word' id='word_1_559' title='bbox 1191 2977 1198 3008; x_wconf 81' lang='lat' dir='ltr'>r</span> <span class='ocrx_word' id='word_1_560' title='bbox 1208 2961 1280 3009; x_wconf 81' lang='lat' dir='ltr'>natos</span> <span class='ocrx_word' id='word_1_561' title='bbox 1292 2972 1350 3017; x_wconf 76' lang='lat' dir='ltr'>reto</span> <span class='ocrx_word' id='word_1_562' title='bbox 1360 2971 1391 3009; x_wconf 80' lang='lat' dir='ltr'>ex</span> <span class='ocrx_word' id='word_1_563' title='bbox 1401 2957 1484 3019; x_wconf 81' lang='lat' dir='ltr'>Silvia,</span> <span class='ocrx_word' id='word_1_564' title='bbox 1497 2971 1512 3006; x_wconf 91' lang='lat' dir='ltr'>a</span> <span class='ocrx_word' id='word_1_565' title='bbox 1525 2960 1634 3007; x_wconf 87' lang='lat' dir='ltr'>materno</span> <span class='ocrx_word' id='word_1_566' title='bbox 1648 2970 1704 3018; x_wconf 83' lang='lat' dir='ltr'>ero,</span> <span class='ocrx_word' id='word_1_567' title='bbox 1716 2956 1758 3020; x_wconf 86' lang='lat' dir='ltr'>qui</span> <span class='ocrx_word' id='word_1_568' title='bbox 1767 2967 1853 3005; x_wconf 87' lang='lat' dir='ltr'>eoram</span> 
     </span>
     <span class='ocr_line' id='line_1_88' title="bbox 1082 3062 1855 3123; baseline -0.008 -8"><span class='ocrx_word' id='word_1_569' title='bbox 1082 3065 1186 3115; x_wconf 88' lang='lat' dir='ltr'>salutem</span> <span class='ocrx_word' id='word_1_570' title='bbox 1218 3064 1368 3114; x_wconf 81' lang='lat' dir='ltr'>carissimam</span> <span class='ocrx_word' id='word_1_571' title='bbox 1400 3062 1523 3123; x_wconf 78' lang='lat' dir='ltr'>babebat,</span> <span class='ocrx_word' id='word_1_572' title='bbox 1550 3062 1666 3113; x_wconf 75' lang='lat' dir='ltr'>Faustulo</span> <span class='ocrx_word' id='word_1_573' title='bbox 1699 3062 1855 3112; x_wconf 79' lang='lat' dir='ltr'>oomnrlssoc.</span> 
     </span>
     <span class='ocr_line' id='line_1_89' title="bbox 1083 3166 1904 3223; baseline -0.006 -2"><span class='ocrx_word' id='word_1_574' title='bbox 1083 3173 1154 3222; x_wconf 84' lang='lat' dir='ltr'>Hune</span> <span class='ocrx_word' id='word_1_575' title='bbox 1175 3175 1259 3220; x_wconf 86' lang='lat' dir='ltr'>autem</span> <span class='ocrx_word' id='word_1_576' title='bbox 1274 3169 1415 3220; x_wconf 86' lang='lat' dir='ltr'>Faustulum</span> <span class='ocrx_word' id='word_1_577' title='bbox 1439 3168 1471 3219; x_wconf 86' lang='lat' dir='ltr'>ab</span> <span class='ocrx_word' id='word_1_578' title='bbox 1485 3168 1619 3219; x_wconf 75' lang='lat' dir='ltr'>troadibus</span> <span class='ocrx_word' id='word_1_579' title='bbox 1636 3166 1741 3219; x_wconf 80' lang='lat' dir='ltr'>Evandri</span> <span class='ocrx_word' id='word_1_580' title='bbox 1761 3168 1860 3218; x_wconf 80' lang='lat' dir='ltr'>domitt-</span> <span class='ocrx_word' id='word_1_581' title='bbox 1897 3206 1904 3223; x_wconf 89' lang='lat'>,</span> 
     </span>
     <span class='ocr_line' id='line_1_90' title="bbox 1084 3270 1854 3339; baseline -0.005 -13"><span class='ocrx_word' id='word_1_582' title='bbox 1084 3276 1132 3326; x_wconf 91' lang='lat' dir='ltr'>bus</span> <span class='ocrx_word' id='word_1_583' title='bbox 1144 3288 1220 3339; x_wconf 82' lang='lat' dir='ltr'>genus</span> <span class='ocrx_word' id='word_1_584' title='bbox 1234 3273 1344 3332; x_wconf 82' lang='lat' dir='ltr'>duxisse,</span> <span class='ocrx_word' id='word_1_585' title='bbox 1364 3277 1390 3323; x_wconf 90' lang='lat' dir='ltr'>et</span> <span class='ocrx_word' id='word_1_586' title='bbox 1402 3272 1540 3323; x_wconf 83' lang='lat' dir='ltr'>Palutbrum</span> <span class='ocrx_word' id='word_1_587' title='bbox 1561 3272 1646 3321; x_wconf 80' lang='lat' dir='ltr'>collem</span> <span class='ocrx_word' id='word_1_588' title='bbox 1660 3270 1802 3332; x_wconf 87' lang='lat' dir='ltr'>incoluisse,</span> <span class='ocrx_word' id='word_1_589' title='bbox 1814 3273 1854 3322; x_wconf 87' lang='lat' dir='ltr'>at·</span> 
     </span>
     <span class='ocr_line' id='line_1_91' title="bbox 1082 3377 1885 3448; baseline -0.007 -17"><span class='ocrx_word' id='word_1_590' title='bbox 1082 3395 1131 3444; x_wconf 86' lang='lat' dir='ltr'>que</span> <span class='ocrx_word' id='word_1_591' title='bbox 1151 3382 1210 3444; x_wconf 74' lang='lat' dir='ltr'>regit</span> <span class='ocrx_word' id='word_1_592' title='bbox 1230 3380 1323 3444; x_wconf 87' lang='lat' dir='ltr'>peeoris</span> <span class='ocrx_word' id='word_1_593' title='bbox 1340 3392 1425 3429; x_wconf 86' lang='lat' dir='ltr'>curam</span> <span class='ocrx_word' id='word_1_594' title='bbox 1440 3378 1557 3429; x_wconf 88' lang='lat' dir='ltr'>babuisse</span> <span class='ocrx_word' id='word_1_595' title='bbox 1576 3377 1677 3443; x_wconf 68' lang='lat' dir='ltr'>[munt.</span> <span class='ocrx_word' id='word_1_596' title='bbox 1710 3379 1737 3427; x_wconf 89' lang='lat' dir='ltr'>ln</span> <span class='ocrx_word' id='word_1_597' title='bbox 1751 3377 1854 3440; x_wconf 76' lang='lat' dir='ltr'>gratiam</span> <span class='ocrx_word' id='word_1_598' title='bbox 1879 3440 1885 3448; x_wconf 35' lang='grc' dir='ltr'>Ι</span> 
     </span>
     <span class='ocr_line' id='line_1_92' title="bbox 1082 3482 1853 3548; baseline -0.006 -11"><span class='ocrx_word' id='word_1_599' title='bbox 1082 3490 1165 3536; x_wconf 80' lang='lat' dir='ltr'>autern</span> <span class='ocrx_word' id='word_1_600' title='bbox 1179 3485 1312 3536; x_wconf 84' lang='lat' dir='ltr'>Numitoris</span> <span class='ocrx_word' id='word_1_601' title='bbox 1330 3484 1376 3534; x_wconf 90' lang='lat' dir='ltr'>bos</span> <span class='ocrx_word' id='word_1_602' title='bbox 1394 3497 1484 3548; x_wconf 88' lang='lat' dir='ltr'>pueros</span> <span class='ocrx_word' id='word_1_603' title='bbox 1500 3484 1650 3545; x_wconf 83' lang='lat' dir='ltr'>educavisse,</span> <span class='ocrx_word' id='word_1_604' title='bbox 1672 3498 1746 3534; x_wconf 90' lang='lat' dir='ltr'>suasu</span> <span class='ocrx_word' id='word_1_605' title='bbox 1759 3482 1853 3543; x_wconf 74' lang='lat' dir='ltr'>fratris,</span> 
     </span>
     <span class='ocr_line' id='line_1_93' title="bbox 1083 3589 1854 3655; baseline -0.005 -13"><span class='ocrx_word' id='word_1_606' title='bbox 1083 3592 1124 3642; x_wconf 89' lang='lat' dir='ltr'>cui</span> <span class='ocrx_word' id='word_1_607' title='bbox 1135 3605 1223 3641; x_wconf 90' lang='lat' dir='ltr'>nomen</span> <span class='ocrx_word' id='word_1_608' title='bbox 1234 3589 1364 3651; x_wconf 77' lang='lat' dir='ltr'>Faustino,</span> <span class='ocrx_word' id='word_1_609' title='bbox 1378 3590 1421 3653; x_wconf 84' lang='lat' dir='ltr'>qui</span> <span class='ocrx_word' id='word_1_610' title='bbox 1432 3589 1566 3642; x_wconf 81' lang='lat' dir='ltr'>Numitoris</span> <span class='ocrx_word' id='word_1_611' title='bbox 1583 3589 1679 3655; x_wconf 88' lang='lat' dir='ltr'>pecoris</span> <span class='ocrx_word' id='word_1_612' title='bbox 1698 3589 1724 3639; x_wconf 89' lang='lat' dir='ltr'>ia</span> <span class='ocrx_word' id='word_1_613' title='bbox 1736 3589 1854 3640; x_wconf 76' lang='lat' dir='ltr'>treutiuo</span> 
     </span>
    </p>
   </div>
   <div class='ocr_carea' id='block_1_20' title="bbox 1082 3693 1880 4646">
    <p class='ocr_par' dir='ltr' id='par_1_22' title="bbox 1082 3693 1880 4646">
     <span class='ocr_line' id='line_1_94' title="bbox 1083 3693 1855 3761; baseline -0.001 -15"><span class='ocrx_word' id='word_1_614' title='bbox 1083 3697 1144 3748; x_wconf 85' lang='lat' dir='ltr'>colle</span> <span class='ocrx_word' id='word_1_615' title='bbox 1152 3696 1274 3761; x_wconf 75' lang='lat' dir='ltr'>pascentis</span> <span class='ocrx_word' id='word_1_616' title='bbox 1283 3697 1401 3757; x_wconf 68' lang='lat' dir='ltr'>magister</span> <span class='ocrx_word' id='word_1_617' title='bbox 1409 3698 1472 3745; x_wconf 84' lang='lat' dir='ltr'>erat.</span> <span class='ocrx_word' id='word_1_618' title='bbox 1503 3698 1565 3753; x_wconf 72' lang='lat' dir='ltr'>Quae</span> <span class='ocrx_word' id='word_1_619' title='bbox 1579 3699 1663 3744; x_wconf 87' lang='lat' dir='ltr'>autem</span> <span class='ocrx_word' id='word_1_620' title='bbox 1678 3694 1783 3745; x_wconf 83' lang='lat' dir='ltr'>intentes</span> <span class='ocrx_word' id='word_1_621' title='bbox 1795 3693 1855 3745; x_wconf 90' lang='lat' dir='ltr'>aluit</span> 
     </span>
     <span class='ocr_line' id='line_1_95' title="bbox 1083 3789 1855 3856; baseline -0.008 -11"><span class='ocrx_word' id='word_1_622' title='bbox 1083 3798 1110 3845; x_wconf 87' lang='lat' dir='ltr'>et</span> <span class='ocrx_word' id='word_1_623' title='bbox 1122 3806 1243 3844; x_wconf 87' lang='lat' dir='ltr'>mammas</span> <span class='ocrx_word' id='word_1_624' title='bbox 1256 3792 1370 3856; x_wconf 78' lang='lat' dir='ltr'>prebuit,</span> <span class='ocrx_word' id='word_1_625' title='bbox 1385 3791 1531 3854; x_wconf 83' lang='lat' dir='ltr'>nonlupam</span> <span class='ocrx_word' id='word_1_626' title='bbox 1551 3789 1626 3840; x_wconf 86' lang='lat' dir='ltr'>tuisse</span> <span class='ocrx_word' id='word_1_627' title='bbox 1645 3792 1737 3851; x_wconf 87' lang='lat' dir='ltr'>terunt,</span> <span class='ocrx_word' id='word_1_628' title='bbox 1751 3790 1794 3840; x_wconf 88' lang='lat' dir='ltr'>sed</span> <span class='ocrx_word' id='word_1_629' title='bbox 1810 3793 1855 3851; x_wconf 86' lang='lat' dir='ltr'>(ut</span> 
     </span>
     <span class='ocr_line' id='line_1_96' title="bbox 1082 3885 1855 3951; baseline -0.006 -10"><span class='ocrx_word' id='word_1_630' title='bbox 1082 3894 1272 3941; x_wconf 81' lang='lat' dir='ltr'>cousentaneum</span> <span class='ocrx_word' id='word_1_631' title='bbox 1287 3888 1340 3951; x_wconf 86' lang='lat' dir='ltr'>est)</span> <span class='ocrx_word' id='word_1_632' title='bbox 1351 3887 1474 3949; x_wconf 82' lang='lat' dir='ltr'>laminam,</span> <span class='ocrx_word' id='word_1_633' title='bbox 1487 3887 1595 3937; x_wconf 80' lang='lat' dir='ltr'>Faustuli</span> <span class='ocrx_word' id='word_1_634' title='bbox 1612 3887 1738 3951; x_wconf 78' lang='lat' dir='ltr'>coniugem</span> <span class='ocrx_word' id='word_1_635' title='bbox 1756 3885 1855 3937; x_wconf 89' lang='lat' dir='ltr'>nomino</span> 
     </span>
     <span class='ocr_line' id='line_1_97' title="bbox 1083 3983 1854 4049; baseline -0.008 -12"><span class='ocrx_word' id='word_1_636' title='bbox 1083 3988 1246 4047; x_wconf 77' lang='lat' dir='ltr'>Laurentium,</span> <span class='ocrx_word' id='word_1_637' title='bbox 1262 3985 1302 4036; x_wconf 91' lang='lat' dir='ltr'>cui</span> <span class='ocrx_word' id='word_1_638' title='bbox 1320 3986 1351 4034; x_wconf 94' lang='lat' dir='ltr'>ob</span> <span class='ocrx_word' id='word_1_639' title='bbox 1362 3985 1520 4049; x_wconf 91' lang='lat' dir='ltr'>prostitutam</span> <span class='ocrx_word' id='word_1_640' title='bbox 1536 3983 1659 4047; x_wconf 74' lang='lat' dir='ltr'>quondum</span> <span class='ocrx_word' id='word_1_641' title='bbox 1674 3983 1782 4046; x_wconf 82' lang='lat' dir='ltr'>corporis</span> <span class='ocrx_word' id='word_1_642' title='bbox 1800 3983 1854 4031; x_wconf 88' lang='lat' dir='ltr'>lor·</span> 
     </span>
     <span class='ocr_line' id='line_1_98' title="bbox 1083 4088 1880 4153; baseline -0.013 -10"><span class='ocrx_word' id='word_1_643' title='bbox 1083 4106 1148 4143; x_wconf 91' lang='lat' dir='ltr'>mam</span> <span class='ocrx_word' id='word_1_644' title='bbox 1160 4093 1245 4143; x_wconf 78' lang='lat' dir='ltr'>incolas</span> <span class='ocrx_word' id='word_1_645' title='bbox 1262 4091 1364 4142; x_wconf 83' lang='lat' dir='ltr'>Palatini</span> <span class='ocrx_word' id='word_1_646' title='bbox 1379 4089 1470 4141; x_wconf 86' lang='lat' dir='ltr'>montis</span> <span class='ocrx_word' id='word_1_647' title='bbox 1491 4092 1566 4153; x_wconf 81' lang='lat' dir='ltr'>Lupae</span> <span class='ocrx_word' id='word_1_648' title='bbox 1581 4101 1713 4151; x_wconf 75' lang='lat' dir='ltr'>cognomen</span> <span class='ocrx_word' id='word_1_649' title='bbox 1732 4088 1855 4153; x_wconf 86' lang='lat' dir='ltr'>imposue-</span> <span class='ocrx_word' id='word_1_650' title='bbox 1873 4126 1880 4133; x_wconf 74' lang='grc'>,</span> 
     </span>
     <span class='ocr_line' id='line_1_99' title="bbox 1084 4193 1855 4256; baseline -0.003 -11"><span class='ocrx_word' id='word_1_651' title='bbox 1084 4200 1146 4245; x_wconf 81' lang='lat' dir='ltr'>rant.</span> <span class='ocrx_word' id='word_1_652' title='bbox 1179 4198 1233 4245; x_wconf 87' lang='lat' dir='ltr'>lloc</span> <span class='ocrx_word' id='word_1_653' title='bbox 1245 4198 1329 4245; x_wconf 90' lang='lat' dir='ltr'>autem</span> <span class='ocrx_word' id='word_1_654' title='bbox 1348 4207 1437 4243; x_wconf 88' lang='lat' dir='ltr'>nomen</span> <span class='ocrx_word' id='word_1_655' title='bbox 1455 4198 1481 4243; x_wconf 90' lang='lat' dir='ltr'>et</span> <span class='ocrx_word' id='word_1_656' title='bbox 1499 4195 1614 4243; x_wconf 73' lang='lat' dir='ltr'>Graecum</span> <span class='ocrx_word' id='word_1_657' title='bbox 1632 4196 1658 4243; x_wconf 90' lang='lat' dir='ltr'>et</span> <span class='ocrx_word' id='word_1_658' title='bbox 1677 4193 1785 4256; x_wconf 85' lang='lat' dir='ltr'>priscum</span> <span class='ocrx_word' id='word_1_659' title='bbox 1802 4196 1855 4255; x_wconf 83' lang='lat' dir='ltr'>est,</span> 
     </span>
     <span class='ocr_line' id='line_1_100' title="bbox 1084 4286 1856 4355; baseline -0.005 -14"><span class='ocrx_word' id='word_1_660' title='bbox 1084 4292 1131 4342; x_wconf 92' lang='lat' dir='ltr'>ittis</span> <span class='ocrx_word' id='word_1_661' title='bbox 1143 4291 1242 4355; x_wconf 87' lang='lat' dir='ltr'>quidem</span> <span class='ocrx_word' id='word_1_662' title='bbox 1257 4290 1362 4341; x_wconf 86' lang='lat' dir='ltr'>inditum</span> <span class='ocrx_word' id='word_1_663' title='bbox 1378 4303 1434 4352; x_wconf 76' lang='lat' dir='ltr'>quos</span> <span class='ocrx_word' id='word_1_664' title='bbox 1455 4300 1557 4353; x_wconf 85' lang='lat' dir='ltr'>corpore</span> <span class='ocrx_word' id='word_1_665' title='bbox 1568 4290 1667 4352; x_wconf 77' lang='lat' dir='ltr'>vulgato</span> <span class='ocrx_word' id='word_1_666' title='bbox 1686 4290 1808 4350; x_wconf 73' lang='lat' dir='ltr'>quaestum</span> <span class='ocrx_word' id='word_1_667' title='bbox 1821 4286 1856 4337; x_wconf 84' lang='lat' dir='ltr'>ls-</span> 
     </span>
     <span class='ocr_line' id='line_1_101' title="bbox 1084 4385 1856 4451; baseline -0.005 -12"><span class='ocrx_word' id='word_1_668' title='bbox 1084 4390 1180 4439; x_wconf 86' lang='lat' dir='ltr'>ciebant</span> <span class='ocrx_word' id='word_1_669' title='bbox 1195 4407 1202 4438; x_wconf 83' lang='grc' dir='ltr'>ε</span> <span class='ocrx_word' id='word_1_670' title='bbox 1218 4402 1275 4451; x_wconf 74' lang='lat' dir='ltr'>qua</span> <span class='ocrx_word' id='word_1_671' title='bbox 1288 4399 1352 4435; x_wconf 87' lang='lat' dir='ltr'>nunc</span> <span class='ocrx_word' id='word_1_672' title='bbox 1364 4385 1505 4436; x_wconf 89' lang='lat' dir='ltr'>honestiore</span> <span class='ocrx_word' id='word_1_673' title='bbox 1521 4385 1641 4436; x_wconf 76' lang='lat' dir='ltr'>vocabulo</span> <span class='ocrx_word' id='word_1_674' title='bbox 1659 4387 1750 4450; x_wconf 67' lang='grc' dir='ltr'>ἑταῖραι</span> <span class='ocrx_word' id='word_1_675' title='bbox 1764 4388 1856 4436; x_wconf 71' lang='lat' dir='ltr'>amicas</span> 
     </span>
     <span class='ocr_line' id='line_1_102' title="bbox 1084 4482 1855 4552; baseline -0.008 -14"><span class='ocrx_word' id='word_1_676' title='bbox 1084 4486 1243 4552; x_wconf 83' lang='lat' dir='ltr'>appellentur.</span> <span class='ocrx_word' id='word_1_677' title='bbox 1274 4483 1323 4535; x_wconf 83' lang='lat' dir='ltr'>sed</span> <span class='ocrx_word' id='word_1_678' title='bbox 1334 4482 1454 4549; x_wconf 73' lang='lat' dir='ltr'>quosdam</span> <span class='ocrx_word' id='word_1_679' title='bbox 1468 4484 1504 4535; x_wconf 90' lang='lat' dir='ltr'>rel</span> <span class='ocrx_word' id='word_1_680' title='bbox 1518 4482 1593 4534; x_wconf 91' lang='lat' dir='ltr'>buius</span> <span class='ocrx_word' id='word_1_681' title='bbox 1615 4483 1711 4548; x_wconf 77' lang='lat' dir='ltr'>ignaros</span> <span class='ocrx_word' id='word_1_682' title='bbox 1724 4484 1802 4536; x_wconf 68' lang='grc' dir='ltr'>τίνειν</span> <span class='ocrx_word' id='word_1_683' title='bbox 1814 4483 1855 4533; x_wconf 79' lang='lat' dir='ltr'>ts·</span> 
     </span>
     <span class='ocr_line' id='line_1_103' title="bbox 1085 4581 1855 4646; baseline -0.005 -12"><span class='ocrx_word' id='word_1_684' title='bbox 1085 4584 1166 4635; x_wconf 84' lang='lat' dir='ltr'>bulrm</span> <span class='ocrx_word' id='word_1_685' title='bbox 1182 4583 1212 4633; x_wconf 89' lang='lat' dir='ltr'>de</span> <span class='ocrx_word' id='word_1_686' title='bbox 1224 4583 1281 4646; x_wconf 77' lang='lat' dir='ltr'>lupa</span> <span class='ocrx_word' id='word_1_687' title='bbox 1294 4584 1463 4641; x_wconf 85' lang='lat' dir='ltr'>commentos,</span> <span class='ocrx_word' id='word_1_688' title='bbox 1479 4581 1600 4645; x_wconf 84' lang='lat' dir='ltr'>siqnidem</span> <span class='ocrx_word' id='word_1_689' title='bbox 1616 4582 1698 4643; x_wconf 80' lang='lat' dir='ltr'>lingua</span> <span class='ocrx_word' id='word_1_690' title='bbox 1712 4582 1855 4632; x_wconf 62' lang='lat' dir='ltr'>latinorum</span> 
     </span>
    </p>
   </div>
   <div class='ocr_carea' id='block_1_21' title="bbox 1083 4685 1856 4943">
    <p class='ocr_par' dir='ltr' id='par_1_23' title="bbox 1083 4685 1856 4943">
     <span class='ocr_line' id='line_1_104' title="bbox 1083 4685 1856 4751; baseline -0.005 -9"><span class='ocrx_word' id='word_1_691' title='bbox 1083 4692 1138 4742; x_wconf 76' lang='lat' dir='ltr'>baec</span> <span class='ocrx_word' id='word_1_692' title='bbox 1152 4692 1202 4742; x_wconf 89' lang='lat' dir='ltr'>lers</span> <span class='ocrx_word' id='word_1_693' title='bbox 1224 4689 1258 4739; x_wconf 87' lang='lat' dir='ltr'>lta</span> <span class='ocrx_word' id='word_1_694' title='bbox 1269 4690 1379 4738; x_wconf 80' lang='lat' dir='ltr'>nocetur.</span> <span class='ocrx_word' id='word_1_695' title='bbox 1428 4690 1479 4737; x_wconf 85' lang='lat' dir='ltr'>ilos</span> <span class='ocrx_word' id='word_1_696' title='bbox 1497 4692 1579 4738; x_wconf 89' lang='lat' dir='ltr'>autem</span> <span class='ocrx_word' id='word_1_697' title='bbox 1595 4698 1714 4751; x_wconf 87' lang='lat' dir='ltr'>pueross</span> <span class='ocrx_word' id='word_1_698' title='bbox 1734 4687 1797 4738; x_wconf 86' lang='lat' dir='ltr'>laete</span> <span class='ocrx_word' id='word_1_699' title='bbox 1814 4685 1856 4738; x_wconf 88' lang='lat' dir='ltr'>de·</span> 
     </span>
     <span class='ocr_line' id='line_1_105' title="bbox 1084 4784 1854 4853; baseline -0.006 -15"><span class='ocrx_word' id='word_1_700' title='bbox 1084 4787 1174 4853; x_wconf 90' lang='lat' dir='ltr'>pulsos,</span> <span class='ocrx_word' id='word_1_701' title='bbox 1190 4802 1206 4837; x_wconf 89' lang='lat' dir='ltr'>a</span> <span class='ocrx_word' id='word_1_702' title='bbox 1225 4784 1385 4836; x_wconf 86' lang='lat' dir='ltr'>nutritoribus</span> <span class='ocrx_word' id='word_1_703' title='bbox 1404 4785 1430 4835; x_wconf 87' lang='lat' dir='ltr'>ln</span> <span class='ocrx_word' id='word_1_704' title='bbox 1442 4785 1528 4835; x_wconf 87' lang='lat' dir='ltr'>urbem</span> <span class='ocrx_word' id='word_1_705' title='bbox 1550 4784 1651 4843; x_wconf 84' lang='lat' dir='ltr'>Gabios,</span> <span class='ocrx_word' id='word_1_706' title='bbox 1673 4798 1721 4834; x_wconf 88' lang='lat' dir='ltr'>non</span> <span class='ocrx_word' id='word_1_707' title='bbox 1740 4784 1854 4848; x_wconf 86' lang='lat' dir='ltr'>procula</span> 
     </span>
     <span class='ocr_line' id='line_1_106' title="bbox 1084 4879 1853 4943; baseline -0.007 -9"><span class='ocrx_word' id='word_1_708' title='bbox 1084 4883 1193 4934; x_wconf 84' lang='lat' dir='ltr'>Palatino</span> <span class='ocrx_word' id='word_1_709' title='bbox 1216 4884 1300 4932; x_wconf 88' lang='lat' dir='ltr'>monte</span> <span class='ocrx_word' id='word_1_710' title='bbox 1321 4880 1393 4931; x_wconf 91' lang='lat' dir='ltr'>sitam</span> <span class='ocrx_word' id='word_1_711' title='bbox 1423 4880 1528 4940; x_wconf 85' lang='lat' dir='ltr'>ntissos,</span> <span class='ocrx_word' id='word_1_712' title='bbox 1559 4884 1587 4929; x_wconf 92' lang='lat' dir='ltr'>ut</span> <span class='ocrx_word' id='word_1_713' title='bbox 1609 4881 1720 4931; x_wconf 65' lang='grc' dir='ltr'>διάνοια</span> <span class='ocrx_word' id='word_1_714' title='bbox 1746 4879 1853 4943; x_wconf 85' lang='lat' dir='ltr'>discipli·</span> 
     </span>
    </p>
   </div>
   <div class='ocr_carea' id='block_1_22' title="bbox 1085 4983 1931 5051">
    <p class='ocr_par' dir='ltr' id='par_1_24' title="bbox 1085 4983 1931 5051">
     <span class='ocr_line' id='line_1_107' title="bbox 1085 4983 1931 5051; baseline -0.005 -12"><span class='ocrx_word' id='word_1_715' title='bbox 1085 5002 1141 5039; x_wconf 88' lang='lat' dir='ltr'>nam</span> <span class='ocrx_word' id='word_1_716' title='bbox 1157 4988 1296 5049; x_wconf 81' lang='lat' dir='ltr'>discerent3</span> <span class='ocrx_word' id='word_1_717' title='bbox 1314 4986 1397 5051; x_wconf 79' lang='lat' dir='ltr'>ibique</span> <span class='ocrx_word' id='word_1_718' title='bbox 1417 4985 1483 5051; x_wconf 88' lang='lat' dir='ltr'>apud</span> <span class='ocrx_word' id='word_1_719' title='bbox 1496 4986 1605 5051; x_wconf 88' lang='lat' dir='ltr'>prlrstas</span> <span class='ocrx_word' id='word_1_720' title='bbox 1617 4984 1728 5035; x_wconf 81' lang='lat' dir='ltr'>Faustuli</span> <span class='ocrx_word' id='word_1_721' title='bbox 1745 4983 1856 5049; x_wconf 86' lang='lat' dir='ltr'>hospites</span> <span class='ocrx_word' id='word_1_722' title='bbox 1925 5010 1931 5018; x_wconf 93' lang='lat'><em>·</em></span> 
     </span>
    </p>
   </div>
   <div class='ocr_carea' id='block_1_23' title="bbox 1085 5082 1858 5244">
    <p class='ocr_par' dir='ltr' id='par_1_25' title="bbox 1085 5082 1858 5244">
     <span class='ocr_line' id='line_1_108' title="bbox 1085 5082 1858 5145; baseline -0.006 -9"><span class='ocrx_word' id='word_1_723' title='bbox 1085 5085 1201 5137; x_wconf 72' lang='lat' dir='ltr'>educatos</span> <span class='ocrx_word' id='word_1_724' title='bbox 1212 5098 1275 5145; x_wconf 86' lang='lat' dir='ltr'>esse,</span> <span class='ocrx_word' id='word_1_725' title='bbox 1290 5088 1315 5135; x_wconf 91' lang='lat' dir='ltr'>et</span> <span class='ocrx_word' id='word_1_726' title='bbox 1325 5085 1409 5135; x_wconf 87' lang='lat' dir='ltr'>literas</span> <span class='ocrx_word' id='word_1_727' title='bbox 1429 5088 1455 5134; x_wconf 89' lang='lat' dir='ltr'>et</span> <span class='ocrx_word' id='word_1_728' title='bbox 1469 5083 1589 5134; x_wconf 84' lang='lat' dir='ltr'>musicam</span> <span class='ocrx_word' id='word_1_729' title='bbox 1609 5084 1635 5133; x_wconf 90' lang='lat' dir='ltr'>et</span> <span class='ocrx_word' id='word_1_730' title='bbox 1645 5095 1773 5133; x_wconf 76' lang='lat' dir='ltr'>armorum</span> <span class='ocrx_word' id='word_1_731' title='bbox 1788 5082 1858 5133; x_wconf 76' lang='lat' dir='ltr'>tirs-</span> 
     </span>
     <span class='ocr_line' id='line_1_109' title="bbox 1086 5177 1853 5244; baseline -0.005 -12"><span class='ocrx_word' id='word_1_732' title='bbox 1086 5194 1170 5232; x_wconf 88' lang='lat' dir='ltr'>oorum</span> <span class='ocrx_word' id='word_1_733' title='bbox 1181 5194 1254 5231; x_wconf 88' lang='lat' dir='ltr'>usum</span> <span class='ocrx_word' id='word_1_734' title='bbox 1265 5180 1389 5241; x_wconf 81' lang='lat' dir='ltr'>didicisse,</span> <span class='ocrx_word' id='word_1_735' title='bbox 1408 5180 1486 5230; x_wconf 88' lang='lat' dir='ltr'>donee</span> <span class='ocrx_word' id='word_1_736' title='bbox 1499 5179 1529 5230; x_wconf 84' lang='lat' dir='ltr'>ad</span> <span class='ocrx_word' id='word_1_737' title='bbox 1548 5178 1704 5244; x_wconf 79' lang='lat' dir='ltr'>pubertatem</span> <span class='ocrx_word' id='word_1_738' title='bbox 1714 5177 1853 5229; x_wconf 75' lang='lat' dir='ltr'>venissent.</span> 
     </span>
    </p>
   </div>
   <div class='ocr_carea' id='block_1_24' title="bbox 0 0 2022 5922">
    <p class='ocr_par' dir='ltr' id='par_1_26' title="bbox 0 0 2022 5922">
     <span class='ocr_line' id='line_1_110' title="bbox 0 0 2022 5922; baseline 0 0"><span class='ocrx_word' id='word_1_739' title='bbox 0 0 2022 5922; x_wconf 95' lang='lat' dir='ltr'> </span> 
     </span>
    </p>
   </div>
  </div>
 </body>
</html>
