4048 5924
240 385 299 445 lio
761 377 928 440 IllONYSII
954 377 1337 444 flttlcammssmtsls

244 544 257 571 ιι
275 517 460 590 ἀποδιίκνυτις
475 514 534 594 ἀμολ
547 513 595 593 μίν
607 512 659 594 γάρ
674 515 756 574 δοκεῖ.
785 512 856 575 Ἀλλ’
877 518 903 573 εἴ
921 536 953 594 γε
969 515 1016 574 τά-

244 632 258 660 ιι
275 606 366 665 ναντία
393 604 535 684 βούλεσθε,
560 593 598 662 ῶν
626 601 804 672 διαόίόλησθε
828 609 926 675 ποιεῖν,
958 601 1018 679 ίμολ

245 719 258 747 ι
275 691 417 772 συμόοόλιρ
431 690 596 771 χρησάμενοι
604 689 776 770 μετριάσατε,
788 688 834 749 καὶ
844 688 903 757 τοὺς
912 688 1019 767 λόγους,

228 782 259 832 ἰ
288 780 330 857 ἀφ’
352 769 389 846 οἷς
408 777 534 858 ἄχθεσθε,
557 780 699 843 πολιτικῶς
717 779 762 836 καί
788 778 826 854 μὴ
853 777 1020 858 δυσοργήτως

201 891 214 930 s
245 892 258 918 ιι
276 863 406 944 ένέγκετε.
425 864 567 944 Πιριίσται
589 867 640 945 γδιρ
655 868 717 943 θμῒν
730 865 795 940 μὲν,
813 867 837 925 εἰ
850 870 928 925 τοῦτο
942 864 1020 937 noad-

244 979 258 1007 ιι
275 977 349 1029 σετε,
371 957 476 1032 ἀγαθοῖς
492 944 558 1014 εἶναι
583 954 683 1027 δοκεῖν,
699 956 752 1023 τοῖς
771 954 798 1014 δὲ
814 957 936 1036 ἀπεχθῶς
961 956 1020 1015 δια·

245 1066 258 1094 ιι
275 1044 403 1120 κειμένοις
417 1043 482 1124 πρὸς
498 1047 567 1119 ὑμᾶς
582 1051 727 1120 μετανοεῖν.

283 1136 402 1197 XXXII.
428 1161 441 1189 ιι
454 1135 550 1196 Δίκαια
564 1136 612 1214 μέν
625 1136 658 1208 δὴ
673 1141 756 1194 ταῦτα
769 1135 943 1216 προεχόμενοι
956 1135 1023 1217 πρὸς

246 1227 344 1302 «ὑμᾶς
366 1225 486 1303 μιγάλα,
506 1224 541 1291 ῶς
564 1249 593 1304 γε
608 1216 652 1284 α’όν
668 1225 786 1302 οἰόμεθα,
810 1225 934 1303 πείθομεν
954 1227 1023 1302 ὑμᾶς

246 1311 358 1387 «μηδὲν
382 1311 580 1393 ἐξαμαρτάνειν·
603 1314 709 1394 χρηστδι
729 1315 756 1373 δέ
775 1312 820 1372 καλ
850 1313 1029 1395 φιλάνθρωπα

246 1425 259 1452 ι
276 1399 359 1480 ἔργα,
375 1393 412 1468 οἷς
430 1401 616 1482 ίχρησάμεθα,
643 1406 692 1461 οὐκ
715 1401 840 1461 ὀνειδίσαι
867 1403 1022 1482 βουλόμενοι

245 1513 259 1540 ιι
276 1490 362 1565 ὑμᾶς,
378 1488 436 1548 ἀλλ’
452 1489 659 1571 ἐπιεικεστέρους
669 1495 797 1566 ποιῆσαι,
809 1490 891 1572 χωρίς
901 1493 953 1549 τῶν
968 1500 1021 1549 riu·

245 1601 258 1628 ιι
276 1579 359 1635 λαιῶν
373 1577 408 1637 τά
423 1577 517 1638 νιωστλ
533 1578 659 1655 γενόμενα
672 1577 734 1662 περὶ
753 1578 803 1650 τὴν
813 1579 924 1639 κάθοδον
936 1580 1022 1654 ὑμῶν,

245 1691 258 1718 ιι
278 1656 315 1725 ῶν
332 1666 409 1742 ἡμεῖς
432 1666 481 1743 μὲν
507 1669 677 1740 ἐπιλελῆσθαι
703 1668 869 1747 βουλόμεθα,
894 1671 969 1744 ὑμεῖς
991 1667 1019 1726 δέ

246 1784 259 1811 ιι
275 1755 371 1815 δίκαιοί
386 1759 445 1816 ἔστι
465 1760 626 1835 μεμνῆσθαι.
670 1756 884 1838 Ἀναγκαζόμιθα
912 1755 939 1815 δέ
955 1756 1021 1814 αὐτὰ

246 1844 438 1927 ιπαραφέρειν
472 1846 546 1919 νυνὶ,
576 1844 718 1926 χρῄζοντες
748 1845 806 1905 ἀντὶ
841 1846 947 1904 πολλῶν
976 1844 1021 1904 κοιλ

246 1960 259 1986 ι
277 1933 418 2014 μεγάλων,
432 1924 470 1993 ῶν
485 1937 548 2012 ὑμῖν
564 1934 695 2010 δεομένοις
715 1933 908 2015 ίχαρισάμεθα,
923 1933 1022 2006 ταότην

245 2048 259 2075 ιι
275 2025 339 2103 παρ’
355 2025 429 2101 ὑμῶν
451 2022 601 2083 ἀντιλαόεῑν
614 2023 663 2095 τὴν
678 2022 773 2104 χάριν,
786 2023 850 2101 μήτ’
867 2025 1022 2082 ἀποκτεῖναι

245 2138 258 2165 ιι
276 2111 339 2190 μήτ’
354 2109 478 2172 έκόαλεῖν
492 2117 539 2183 τῆς
557 2113 657 2181 πολεως
671 2112 753 2192 ἀνδρα
773 2111 909 2193 φιλόπολιν
923 2111 969 2171 καλ
989 2112 1024 2171 τά

246 2226 259 2253 ιι
275 2199 392 2279 πολέμια
404 2201 511 2260 πάντων
522 2201 672 2281 κράτιστον.
712 2200 911 2278 Ζημιωσόμεθα
926 2199 978 2279 γάρ
992 2202 1022 2260 οό

246 2316 259 2342 ιι
277 2290 374 2370 μικρά,
389 2280 417 2349 τό
433 2288 505 2366 ἴστε,
527 2279 550 2349 ἀι
573 2288 704 2366 δημόται,
727 2288 848 2363 τοιαύτης
874 2289 1022 2367 ἀποστερή-

246 2402 259 2429 ιι
277 2399 368 2446 σαντες
391 2379 486 2459 ἀρετῆς
509 2377 558 2449 την
579 2378 667 2435 πόλιν.
711 2378 836 2438 Μάλιστα
851 2376 899 2453 μέν
923 2371 967 2436 οὖν
988 2375 1021 2436 δι’

245 2492 259 2520 ιι
282 2466 360 2525 αὐτὸν
387 2467 484 2526 ἐκεῖνον
516 2468 619 2548 ὑφεῖναι
648 2471 695 2538 τῆς
720 2468 799 2547 ὀργῆς
824 2466 921 2526 δίκαιοί
945 2468 1020 2541 ἐστε,

245 2580 259 2609 ιι
277 2552 435 2633 μνησθέντες
459 2555 535 2622 ὅσους
558 2557 632 2632 ὑμῶν
650 2555 748 2616 ἔσωσεν
763 2556 790 2612 ἐν
809 2559 862 2623 τοῖς
877 2555 1019 2631 πολέμοις,

190 2661 216 2701 2⁵
246 2670 259 2697 ιι
277 2643 322 2703 καλ
349 2642 387 2721 μὴ
402 2644 487 2722 λόγων
509 2652 683 2719 μνησικακεῖν
708 2641 833 2726 φαύλων,
856 2641 915 2702 ἀλλ’
937 2645 1020 2724 ἔργων

245 2759 259 2785 ιι
277 2737 428 2809 μεμνῆσθαι
450 2735 550 2796 καλῶν.
596 2731 630 2794 ‘0
647 2733 695 2809 μέν
711 2733 762 2811 γδιρ
788 2733 864 2811 λόγος
884 2735 954 2808 ὑμᾶς
973 2739 1021 2793 τοῦ

246 2820 369 2901 «ἀνδρὸς
391 2819 464 2879 οὐδέν
492 2820 626 2904 ἔθλαψεν,
651 2824 678 2880 ol
700 2821 727 2880 δὲ
745 2820 851 2899 πράξεις
873 2823 952 2879 αὐτοῦ
974 2843 1022 2896 με·

246 2936 259 2965 ιι
275 2911 346 2988 γάλα
365 2910 517 2992 ὠφέλησαν.
562 2914 597 2972 EI
612 2908 640 2969 δὲ
657 2909 722 2988 πρὸς
733 2915 826 2970 τοῦτον
841 2908 1021 2977 ἀδιαλλάκτους

246 3025 260 3054 α
277 2998 365 3080 ἔχετε,
399 3003 464 3074 ἡμῖν
481 2998 528 3078 Ιγί
556 3023 598 3059 τοι
631 2999 677 3057 καὶ
701 3003 735 3078 τῇ
767 3002 849 3080 βουλῇ
873 2998 1022 3079 χαρίσασθε

190 3108 218 3147 oo
246 3115 260 3144 ιι
277 3090 355 3149 αὐτὸν
385 3090 529 3165 δεομένοις,
554 3089 601 3149 καλ
626 3089 788 3166 διαλλάγητε
816 3089 868 3161 ἤδη
888 3096 951 3148 ποτὲ
974 3093 1019 3167 βε-

246 3178 376 3252 ιιόαίως,
393 3178 443 3251 τόν
457 3201 487 3238 τε
510 3178 587 3238 πόλιν
611 3174 701 3256 ὥσπερ
725 3177 751 3245 ἐξ
774 3179 856 3257 ἀρχῆς
880 3167 935 3255 εἶχε
956 3176 1020 3255 μίαν

246 3292 259 3317 ιι
277 3255 345 3323 εἶναι
356 3266 496 3338 ποιήσατε.
535 3267 569 3326 Ei
583 3265 611 3324 δὲ
626 3264 757 3325 πείθουσιν
777 3268 842 3340 ἡμῖν
865 3265 895 3322 οὐ
912 3287 1019 3344 συγχω-

246 3380 259 3406 ιι
279 3354 385 3431 ρήσετε,
402 3347 431 3413 ad
450 3353 526 3423 ἴστε,
544 3355 583 3413 ότι
598 3355 650 3413 οὐδ’
664 3359 741 3429 ἡμεῖς
767 3350 930 3431 βιαζομένοις
958 3354 1020 3429 ὑμῖν

246 3469 259 3495 ιι
283 3441 399 3520 εἴξομεν,
415 3444 474 3502 ἀλλ’
499 3440 551 3504 είτε
568 3442 705 3523 φιλότητος
725 3441 820 3499 ἀδόλου
840 3439 886 3498 καί
901 3437 1019 3518 χαρίτων

190 3554 217 3592 as
246 3555 259 3581 ιι
277 3530 315 3587 ἔτι
330 3530 454 3605 μειζόνων
468 3529 552 3602 ἤδεὴ
575 3530 654 3609 πεῖρα
669 3535 714 3587 τοῦ
737 3525 823 3600 δήμου
845 3535 926 3585 πᾶσιν
947 3526 1020 3585 αίτία

246 3646 258 3673 ιι
279 3618 401 3689 iuraui
422 3620 539 3697 πολέμου
560 3617 689 3700 ἐμφυλίου
708 3609 780 3684 αὖθις
807 3614 879 3695 άρξει
902 3613 949 3674 καὶ
972 3638 1020 3675 κα-

245 3734 258 3761 ιι
275 3713 328 3768 κῶν
340 3706 504 3780 ἀνηκίστων.
521 3732 534 3761 ν

262 3798 396 3859 XXXIII.
412 3799 532 3857 Τοιαῦτα
544 3801 589 3854 τοῦ
603 3794 732 3855 Μινυκίου
748 3791 930 3863 διεξελθόντος,
942 3795 1020 3871 δρῶν·

241 3909 283 3952 τες
302 3889 325 3946 el
349 3885 483 3965 δήμαρχοι
498 3907 531 3962 τη
543 3906 572 3942 τε
586 3882 739 3962 μετριότητι
756 3883 808 3939 τῶν
823 3879 907 3959 λόγων
923 3881 970 3938 καὶ
984 3884 1018 3958 τῇ

190 3998 217 4033 ιο
243 3973 426 4055 φιλανθρωπίᾳ
438 3976 491 4032 τῶν
504 3970 673 4051 ὑποσχέσεων
688 3967 854 4046 ὑπαγόμενοι
868 3967 899 4025 τὸ
909 3967 1019 4038 πλῆθος,

241 4059 353 4138 ἤχθοντο
365 4062 410 4121 καί
424 4062 548 4140 χαλεπῶς
566 4060 676 4139 ἔφερον,
695 4057 812 4135 μάλιστα
829 4054 856 4114 dl
876 4054 957 4122 Γάῖος
970 4056 1017 4113 Σι-

242 4146 321 4214 κίνιος
337 4150 494 4226 Βελλοῦτος,
522 4153 536 4208 δ
558 4147 651 4214 πείσας
675 4145 734 4212 τοὺς
754 4144 869 4218 πένητας
896 4147 1015 4215 ἀποστῆ·

242 4259 286 4295 ναι
308 4241 359 4295 τῶν
382 4237 526 4319 πατρικίων
545 4237 590 4298 καὶ
615 4235 760 4316 στρατηγὸς
783 4234 946 4316 ἀποδειχθείς
973 4235 1018 4295 ὑπ’

242 4325 344 4400 αὐτῶν,
360 4322 407 4391 ίως
422 4316 489 4397 ἦσαν
503 4328 529 4384 έν
540 4327 592 4391 τοῖς
607 4324 711 4399 όιτλοις,
730 4322 847 4403 ἔχθιστος
863 4321 930 4400 ἀνὴρ
944 4322 1018 4400 ἀρισ·

189 4441 214 4476 ιο
241 4413 368 4496 τοκρατίορ
387 4413 433 4473 καί
447 4413 491 4472 διὰ
508 4419 584 4473 τοῦτο
598 4414 762 4495 προηγμένος
782 4411 832 4470 bro
846 4415 898 4470 τῶν
912 4412 1019 4469 πολλῶν

242 4506 279 4571 εἰς
292 4508 461 4586 ἐπιφάνειαν,
477 4503 526 4576 τλν
539 4502 565 4563 δέ
582 4502 751 4583 δημαρχικὴν
764 4499 882 4569 ἐξουσίαν
899 4499 1018 4579 δεύτερον

240 4593 293 4668 ἤδη
317 4593 504 4676 παρειληφὼς,
527 4593 648 4652 ἁπάντων
672 4591 769 4663 ἥκιστα
783 4593 835 4649 τῶν
852 4591 1018 4666 δημαγωγῶν

240 4685 327 4764 ἑαυτῷ
352 4684 493 4767 συμφέρειν
517 4687 661 4760 ὁμονοῆσαι
680 4680 797 4758 οἰόμενος
818 4677 866 4749 τὴν
881 4678 957 4737 πόλιν
972 4677 1019 4737 καὶ

239 4771 283 4831 τδν
303 4776 412 4853 ἀρχαῖον
438 4772 581 4832 ἀναλαόεῐν
606 4760 716 4849 κόσμον.
759 4770 800 4830 Οὔ
821 4766 873 4846 γὰρ
887 4764 948 4825 ὅσον
973 4767 1019 4834 τὰς

187 4880 214 4919 eo
239 4858 316 4933 τιμδις
331 4861 376 4920 καί
395 4860 441 4929 τδις
456 4863 579 4938 δυνάμεις
601 4859 666 4929 ἕξειν
681 4859 721 4918 ότι
740 4857 788 4925 τάς
801 4854 883 4923 αὖτδις
898 4854 1019 4929 ὑπελάμ-

240 4945 317 5005 όανεν
337 4951 541 5030 ἀριστοκρατίας
560 4947 783 5023 πολιτευομένης,
797 4943 911 5024 γεγονώς
923 4967 953 5005 τι
966 4967 1018 5004 κα·

239 5037 292 5099 κῶς
319 5039 364 5096 καὶ
397 5040 577 5120 τεθραμμένος
605 5036 702 5106 ἀδόξως
727 5035 773 5097 καί
798 5034 921 5116 λαμπρὸν
946 5033 1018 5093 οὐθὲν

241 5121 444 5203 ἀποδεῑξάμινος
463 5126 524 5187 οὗτε
540 5126 609 5187 κατὰ
634 5125 767 5205 πολέμους
787 5123 844 5184 οὔτ’
856 5124 883 5182 έν
908 5121 1017 5203 είρήνῃ,

242 5207 370 5270 ἀλλὰκαὶ
385 5215 512 5296 περὶτῶν
531 5214 652 5297 ἀοχάτων
671 5211 862 5288 κινδυνεύσειν,
878 5214 914 5278 ὡς
930 5212 1013 5271 ἀστα·

1076 543 1089 568 ι
1103 524 1209 576 modesti
1223 524 1278 576 sitis
1293 544 1300 575 ι
1314 528 1341 578 et
1354 525 1377 577 si
1397 539 1447 590 qua
1470 526 1496 578 in
1513 541 1540 578 re
1556 526 1641 579 νοιθίε
1662 527 1755 583 nustria
1774 532 1859 583 otien-

1074 658 1086 681 ι
1103 639 1203 699 dimini.
1233 641 1282 692 boc
1309 642 1416 694 cirilIter
1436 656 1486 695 non
1507 646 1592 696 autem
1618 646 1737 698 iracunde
1756 647 1856 725 scrobs.
1964 694 1969 705 .

1075 774 1088 797 ι
1104 756 1160 805 Ηοο
1171 756 1237 808 enim
1255 758 1330 810 medo
1351 759 1552 826 consequemini,
1576 763 1605 812 ut
1618 763 1644 812 et
1657 760 1706 825 ipsi
1728 760 1785 812 boni
1799 776 1859 815 csse

1076 870 1254 936 «rideamini,
1278 876 1304 926 et
1326 873 1439 927 inimicos
1452 877 1550 928 vestros
1572 875 1606 927 ad
1625 876 1795 941 pentenmm
1810 878 1857 929 ad·

1076 1008 1090 1033 ι
1106 987 1214 1040 ducatis

1108 1141 1207 1192 xxxii.
1226 1160 1240 1185 ι
1254 1143 1292 1192 De
1306 1140 1360 1193 iure
1373 1141 1450 1207 igitur
1467 1141 1521 1193 brec
1539 1156 1628 1208 magna
1652 1144 1757 1208 (nostro
1768 1145 1860 1201 erun

1080 1221 1213 1288 ciudiclo)
1234 1227 1378 1288 argumenta
1394 1226 1560 1291 proterentes,
1579 1226 1729 1287 suademus,
1746 1241 1778 1278 ne
1797 1230 1859 1293 quid

1079 1310 1197 1373 spretor
1211 1306 1316 1358 lactatis.
1360 1309 1483 1361 Βειιοθοίε
1508 1313 1593 1361 auum
1613 1310 1756 1363 bumaolter
1773 1314 1798 1363 in
1814 1327 1860 1366 ros

1078 1388 1207 1452 «oebalo,
1222 1390 1313 1453 proter
1325 1392 1426 1453 vetera,
1446 1391 1502 1443 brec
1516 1405 1618 1457 quoque
1635 1394 1661 1443 in
1673 1398 1761 1444 restro
1777 1395 1860 1449 reditu

1079 1489 1185 1541 «nuper
1199 1475 1267 1535 data,
1283 1490 1390 1539 quorum
1414 1492 1459 1529 nos
1475 1478 1576 1543 quidem
1597 1479 1711 1531 oblivisci
1731 1481 1858 1546 uolumus,

1079 1578 1092 1610 ιι
1107 1575 1153 1613 vos
1166 1565 1250 1612 tamen
1260 1574 1359 1625 uquum
1375 1566 1415 1633 est
1434 1577 1490 1615 esse
1507 1578 1631 1616 memores
1643 1578 1692 1615 non
1705 1570 1734 1616 ut
1745 1580 1774 1618 ea
1789 1566 1861 1619 robis

1079 1662 1092 1694 ιι
1108 1645 1301 1710 exprobremus,
1312 1645 1356 1696 sed
1364 1649 1392 1696 ut
1402 1660 1446 1696 ros
1455 1649 1699 1713 mquiores‘erganos
1708 1650 1858 1715 reddamus:

1079 1748 1093 1773 ι
1106 1728 1217 1792 eegImur
1228 1732 1312 1779 nutem
1327 1742 1393 1779 nunc
1414 1730 1566 1781 mentionem
1584 1734 1666 1782 tacere
1690 1733 1752 1785 illud
1772 1739 1857 1799 pelen·

1079 1829 1093 1855 ι
1107 1813 1161 1870 tes,
1181 1813 1209 1859 ut
1221 1823 1265 1874 pro
1286 1810 1372 1862 multis
1393 1814 1419 1862 et
1439 1814 1534 1877 magnis
1557 1813 1699 1879 beneficiis,
1717 1831 1775 1880 qum
1787 1819 1860 1869 vobis

1080 1911 1093 1944 ι
1107 1895 1251 1960 rogantibus
1262 1894 1344 1961 largiti
1359 1910 1463 1961 sumus,
1487 1894 1551 1950 banc
1567 1913 1642 1951 uuam
1661 1902 1766 1965 gratiam
1789 1903 1860 1954 robis

1079 2000 1091 2024 ι
1106 1980 1262 2045 rependatis,
1280 1985 1308 2031 ut
1324 1994 1405 2047 neque
1419 1980 1587 2043 interficiatis,
1604 1996 1685 2048 nequo
1703 1985 1765 2036 urbe
1779 1986 1861 2051 erpel-

1080 2065 1168 2115 ulatis
1190 2066 1271 2117 vitum
1291 2068 1378 2131 patrio
1394 2071 1519 2119 amantem
1534 2106 1540 2129 ,
1556 2070 1582 2118 et
1594 2068 1669 2119 rebus
1680 2068 1774 2120 bellicis
1787 2071 1861 2136 longe

1080 2167 1092 2191 ι
1109 2148 1221 2200 omnium
1235 2151 1468 2214 praestantissimum
1517 2152 1573 2201 Non
1596 2154 1663 2202 enim
1688 2166 1787 2216 parvam
1803 2155 1860 2206 iac·

1080 2238 1188 2285 «turam
1207 2235 1341 2297 iaciemus,
1355 2250 1503 2301 persuasum
1517 2236 1580 2287 illud
1595 2236 1720 2299 habende,
1735 2238 1857 2299 QuIrItes,

1080 2340 1093 2364 ι
1108 2319 1130 2370 si
1142 2321 1322 2386 rempublicam
1336 2321 1377 2372 tali
1392 2322 1486 2373 virtute
1498 2322 1701 2373 traudarerimus.
1735 2324 1858 2387 AEquissi·

1079 2422 1092 2447 ι
1108 2416 1179 2453 mum
1192 2404 1267 2468 igitur
1280 2407 1327 2463 est,
1342 2408 1372 2454 ut
1390 2404 1456 2455 illius
1471 2404 1628 2469 potissimum
1641 2418 1742 2468 caussa,
1759 2420 1857 2457 merno-

1080 2506 1093 2533 ι
1107 2500 1146 2537 res
1158 2490 1220 2551 quot
1234 2488 1266 2539 de
1281 2488 1389 2539 rebbla
1400 2488 1471 2539 bellis
1486 2487 1580 2539 serrati
1589 2488 1694 2538 salutun
1707 2488 1858 2547 eidebeant.

1080 2589 1094 2614 ι
1105 2569 1170 2620 banc
1190 2570 1252 2620 iram
1276 2571 1424 2630 remittatis3
1440 2584 1522 2636 neque
1540 2583 1617 2635 prere
1635 2570 1793 2633 einamma,
1814 2572 1860 2624 sed

1080 2673 1094 2699 ιι
1108 2654 1204 2718 egregla
1220 2654 1328 2705 iacbrera
1348 2655 1373 2706 in
1390 2655 1536 2706 maneriam
1556 2656 1687 2706 revocetis.
1710 2655 1780 2706 lilius
1794 2656 1860 2707 enim

1081 2759 1094 2783 ι
1108 2739 1184 2789 verba
1201 2739 1261 2789 nibil
1279 2738 1350 2790 robis
1364 2739 1511 2800 obfuerunt,
1524 2743 1551 2789 at
1563 2738 1672 2789 iacInora
1685 2740 1785 2804 egregia
1794 2739 1857 2790 mul-

1081 2827 1162 2877 ctum
1178 2824 1248 2875 robis
1265 2818 1418 2889 protuerunt.
1452 2825 1563 2885 Quodsi
1585 2826 1645 2876 huic
1665 2826 1700 2877 ita
1721 2826 1812 2877 intensi
1823 2840 1860 2876 es·

1080 2929 1093 2954 ιι
1110 2911 1151 2971 tis,
1165 2914 1194 2961 ut
1205 2922 1263 2960 cum
1279 2924 1310 2961 eo
1325 2910 1350 2962 in
1363 2911 1467 2973 padam
1481 2909 1563 2962 redire
1583 2910 1678 2973 nolitis,
1696 2911 1785 2962 saltem
1799 2925 1860 2962 uos-

1080 3012 1092 3036 ι
1110 2992 1156 3042 tris
1170 2995 1195 3043 ot
1211 2994 1311 3043 senatus
1330 2992 1446 3056 precibus
1465 3007 1523 3044 eum
1541 2993 1694 3053 condonate,
1719 2995 1859 3046 attendam

1080 3092 1094 3117 ι
1108 3072 1242 3136 aliquando
1261 3073 1285 3122 in
1309 3072 1406 3125 brnram
1431 3076 1457 3122 et
1478 3072 1591 3123 stabilem
1606 3072 1712 3136 gratiam
1730 3074 1860 3124 nobiseum

1079 3170 1092 3195 ιι
1108 3150 1201 3211 redile,
1215 3165 1245 3201 ac
1259 3150 1354 3201 ciritali
1376 3150 1503 3214 pristlnam
1524 3151 1647 3201 unitatem
1666 3152 1770 3203 reddito.
1786 3152 1860 3211 Quod

1079 3228 1129 3279 «si
1154 3229 1225 3279 nobis
1247 3228 1407 3279 suadentibus
1433 3243 1480 3278 noo
1513 3229 1654 3291 cesseritis,
1678 3230 1782 3293 scitote,
1814 3245 1863 3282 nos

1080 3326 1092 3356 ιι
1108 3321 1207 3371 quoque
1223 3308 1345 3358 etelenttoe
1365 3310 1455 3358 vestros
1474 3307 1576 3358 minIme
1590 3322 1722 3359 cessuros:
1746 3309 1792 3360 sed
1816 3311 1862 3361 ubi

1080 3377 1188 3443 «plebis
1212 3379 1365 3430 veluntatem
1385 3379 1481 3443 experti
1504 3380 1640 3442 metimus,
1663 3380 1784 3431 benerei
1805 3382 1863 3431 sin·

1080 3480 1092 3504 ι
1109 3473 1173 3510 esras
1201 3459 1317 3510 amicitias
1356 3460 1382 3510 et
1403 3460 1483 3510 multo
1505 3459 1607 3510 maioris
1632 3460 1716 3525 gratiae
1743 3473 1862 3513 caussam

1079 3540 1221 3602 nomnibus
1237 3540 1305 3602 iore,
1327 3539 1368 3591 rel
1385 3538 1467 3591 denuo
1492 3539 1551 3592 belli
1569 3541 1651 3592 civilis
1664 3545 1690 3593 et
1702 3541 1862 3607 gravissImo

1079 3640 1091 3671 ι
1107 3636 1164 3673 rum
1182 3622 1303 3672 malonem
1316 3620 1423 3672 initium,
1438 3639 1451 3665 ιι

1108 3787 1219 3836 xxxiii.
1238 3785 1302 3835 cum
1314 3783 1387 3848 igitur
1402 3783 1527 3834 Minucms
1544 3783 1570 3835 ln
1581 3784 1649 3836 bunc
1665 3787 1768 3839 ιιιοιίιιιο
1780 3787 1859 3841 disse·

1076 3875 1179 3933 ruisset,
1205 3872 1296 3923 tribuni
1326 3871 1440 3921 videntes
1463 3869 1530 3921 iilius
1561 3871 1676 3924 modesta
1702 3876 1812 3926 oratione
1832 3880 1859 3928 et

1077 3959 1193 4011 burnonis
1202 3955 1423 4023 pollicitationibus
1438 3955 1535 4020 plebem
1550 3957 1632 4020 ilecti,
1649 3958 1675 4009 id
1686 3973 1753 4025 aegre
1767 3961 1859 4013 moles·

1075 4055 1149 4116 teque
1161 4045 1284 4107 terebant,
1300 4045 1346 4096 sed
1357 4044 1483 4110 praecipue
1499 4046 1517 4096 θ
1541 4045 1647 4096 sicinius
1667 4048 1793 4110 Bellutus,
1815 4052 1859 4114 qui

1076 4140 1225 4206 pauperibus
1248 4140 1336 4189 auctor
1363 4135 1460 4196 iuerat,
1486 4135 1515 4183 ut
1537 4134 1675 4198 epatriciis
1694 4136 1859 4187 secessionem

1075 4234 1198 4293 lacerent,
1212 4231 1239 4279 et
1249 4227 1298 4277 dur
1314 4225 1347 4276 ab
1365 4222 1425 4288 ipsis
1447 4225 1545 4273 creatus
1559 4227 1597 4273 est
1609 4223 1730 4288 quamdiu
1745 4227 1771 4275 in
1783 4226 1859 4277 annis

1075 4325 1190 4379 fuerunt,
1215 4317 1253 4367 vir
1276 4309 1454 4364 intensissimus
1480 4310 1644 4373 optimatibus
1658 4315 1684 4361 et
1700 4316 1860 4376 proptereaa

1075 4411 1171 4464 civibus
1190 4408 1243 4458 suis
1268 4402 1300 4455 ad
1321 4400 1458 4452 clarltatem
1481 4402 1624 4464 promotus,
1652 4400 1859 4467 tribunitiamque

1075 4502 1137 4552 benc
1148 4497 1295 4563 potestatem
1307 4492 1398 4543 ilerum
1413 4489 1461 4538 iam
1473 4489 1579 4553 adeptus
1597 4493 1623 4541 et
1636 4490 1735 4541 mimme
1745 4491 1859 4543 omnium

1074 4598 1224 4663 collegarum
1246 4593 1354 4647 civitatis
1367 4588 1527 4642 concordiam
1554 4589 1580 4636 et
1594 4585 1693 4649 pristini
1715 4582 1860 4648 reipublice

1074 4691 1155 4739 status
1165 4684 1374 4751 recuperationem
1382 4680 1431 4731 sibi
1446 4675 1560 4742 expedire
1573 4677 1652 4724 ratus.
1673 4675 1779 4724 Tantum
1790 4675 1858 4726 euim

1074 4781 1168 4845 aberat,
1183 4784 1212 4830 ut
1225 4779 1331 4831 honores
1341 4781 1368 4829 et
1380 4775 1538 4840 potestatem.
1555 4770 1659 4822 eandem
1675 4780 1703 4819 ae
1714 4766 1798 4818 adbuc
1811 4767 1856 4817 ba·

1073 4869 1184 4922 biturum
1196 4872 1319 4934 sperarat,
1340 4866 1363 4918 si
1384 4864 1525 4931 respublica
1539 4864 1572 4913 ab
1589 4859 1753 4926 optimatibus
1767 4857 1858 4922 guber·

1074 4959 1184 5020 naretur,
1195 4955 1263 5022 qued
1277 4955 1329 5021 lpse
1343 4956 1410 5005 esset
1418 4951 1494 5002 bomo
1501 4948 1617 5015 ignobilis
1629 4950 1657 4999 et
1669 4947 1694 4997 iu
1703 4945 1857 4997 obscuritate

1073 5044 1205 5105 addemus,
1218 5042 1295 5108 etqui
1306 5041 1402 5094 nullum
1412 5039 1538 5104 egregium
1557 5036 1667 5098 iadnus,
1683 5038 1730 5086 aut
1742 5033 1855 5094 militie,

1074 5137 1118 5187 aut
1129 5135 1155 5185 ln
1165 5147 1240 5200 paee,
1257 5132 1393 5196 edidisset,
1407 5134 1435 5181 ut
1451 5130 1527 5180 etlam
1538 5143 1566 5180 se
1578 5132 1604 5179 iu
1615 5140 1743 5179 summum
1756 5128 1856 5193 pericu·

1075 5224 1127 5275 lum
1138 5221 1226 5287 eapitis
1242 5223 1376 5274 venturum
1390 5221 1508 5284 putaret,
1518 5216 1587 5280 qued
1600 5214 1749 5269 sedltlonem
1759 5216 1786 5267 in
1795 5213 1857 5267 tiri⁴
