3986 5938
1 581 7 614 l

2 1156 9 1199 l

701 424 907 486 excuncta
932 427 983 487 EX
1007 427 1077 488 ltu.
1098 426 1161 489 Xli.
1229 382 1234 389 ·
1691 435 1751 495 693

136 549 247 626 λίμνης,
259 548 304 609 καὶ
317 547 353 608 τά
363 546 466 609 παλαιά
477 545 539 628 περί
551 548 632 617 αὐτῆς
641 545 768 626 προειδὼς
781 548 912 628 θέσρατα,

137 636 312 717 ἀναγελάσας·
324 664 337 690 ο
350 625 434 708 Oios,
447 634 561 716 ἔφησεν,
574 634 645 694 ίστῖν
668 634 766 714 ἀγαθδν
780 635 812 695 εδ
825 658 915 715 προει·

137 754 150 781 ι
165 723 279 786 eiceret
298 723 439 800 μελλοντα.
480 719 573 800 Ὑμεῖς
583 720 611 780 δέ
629 722 701 780 κατὰ
722 721 771 794 τὴν
786 722 916 799 ἀγνωσίαν

137 818 216 875 «τῶν
232 811 441 889 ἀποόησομένων
453 809 569 886 πόλεμον
588 811 669 882 ἀτελῆ
685 810 730 870 καὶ
743 810 837 877 πόνους
853 818 915 884 ἀνη·

98 935 111 973 ,
139 904 257 971 ιινὺτους
273 903 405 976 ἀντλεῖτε,
422 897 470 973 τῆν
486 900 654 960 Οὐιεντανῶν
667 900 744 958 πολιν
759 901 915 973 ἀναστήσειν

137 1018 150 1044 υ
164 993 287 1068 οἰόμενοι.
311 992 344 1053 El
359 987 387 1049 δέ
405 1011 443 1055 τις
464 992 526 1063 ὑμῖν
554 984 705 1057 ίδήλωσεν,
722 985 763 1046 ὅτι
789 988 915 1065 τῇπόλει

138 1082 228 1162 οτῆδε
250 1080 308 1142 τότε
322 1077 462 1158 πέπρωται
475 1076 589 1149 ἁλῶναι,
609 1074 701 1148 ὅτανὴ
716 1075 781 1156 πρδς
796 1075 915 1160 Ἀλόανῷ

137 1170 245 1247 «λίμνη
261 1169 414 1230 σπανίσασα
438 1170 490 1225 τῶν
515 1165 657 1242 αὐθιγενῶν
674 1164 801 1241 ναμάτων
819 1162 915 1241 μηκέτι

135 1286 149 1313 ιι
164 1259 293 1338 μίσγηται
306 1256 433 1336 θαλάττῃ,
447 1253 598 1314 ἀπαὺσασθι
611 1250 643 1311 ἀν
658 1251 733 1312 αὐτοί
747 1276 776 1313 τε
789 1253 915 1314 δαπανώ-

3 1401 7 1413 .
85 1372 109 1411 ιο
136 1374 149 1400 u
161 1370 236 1423 μενοι
245 1348 291 1408 καὶ
301 1351 374 1425 ἡμᾶς
382 1346 558 1426 ίνοχλοῖντες.
569 1340 915 1422 νΤαῦταθῬωμαῑοςμα-

134 1434 198 1509 θὼν,
214 1434 281 1497 πολὺ
296 1437 323 1494 έν
336 1438 375 1515 τῷ
391 1440 498 1494 σκοπεῖν
512 1429 571 1491 καθ’
586 1430 678 1490 ἑαυτὸν
693 1430 838 1509 γενόμενος,
856 1431 914 1492 τότε

135 1523 183 1601 μέν
196 1525 288 1605 ἀπῄει,
300 1525 360 1604 (ld)
377 1527 411 1603 τῇ
424 1520 446 1580 δ’
458 1520 516 1594 ἑξῆς
529 1516 662 1603 προειπὼν
676 1526 729 1586 τοῖς
740 1518 914 1601 χιλιάρχοιςά

135 1613 266 1686 διενοεῖτο,
281 1618 369 1693 παρῆν
384 1610 428 1670 tet
442 1610 487 1669 rba
498 1609 576 1669 αὐτὸν
598 1606 678 1668 τόπον
696 1607 824 1685 ἀνοπλος,
845 1606 915 1671 άιστε

135 1702 268 1779 μηδεμίαν
303 1700 418 1782 ὑποψίαν
447 1698 588 1770 ἀπιόουλῆς
617 1696 662 1757 τδν
687 1696 823 1776 Τυρρηνδν
848 1696 914 1779 ὑπέρ

135 1880 227 1954 σμοῖς,
243 1879 346 1956 πρῶτον
360 1876 408 1953 μίν
422 1873 489 1955 ὑπὲρ
510 1880 558 1949 τῆς
566 1877 730 1958 κατεχούσης
741 1877 772 1936 τὸ
787 1873 911 1952 Ῥωμαῖ-

134 1964 179 2024 ιιδν
197 1964 372 2047 στρατόπιδον
384 1961 538 2043 ἀμηχανίας
551 1965 683 2044 διελέγετο
703 1964 794 2036 ἀλλα,
820 1961 862 2044 ἀρ’
876 1952 914 2029 οἷς

134 2053 296 2126 ἡσθῆσεσθαι
311 2053 356 2113 τδν
371 2051 507 2133 ’ίύρρηνδν
524 2053 710 2132 ὑπιλάμόανεν
723 2096 732 2126 ,
743 2050 835 2112 ίπειτα
849 2048 910 2123 έξη·

133 2144 217 2220 γητῆν
228 2145 301 2222 αὐτῷ
316 2139 437 2221 γενέσθαι
453 2138 526 2214 ἠξίου
541 2142 658 2220 σημείων
676 2145 754 2202 τινῶν
774 2139 821 2202 καλ
835 2141 910 2221 τερά·

79 2254 108 2295 au
133 2254 186 2291 των
207 2231 301 2291 νεωστὶ
315 2238 368 2299 τοῖς
384 2231 535 2311 χιλιάρχοις
546 2233 703 2309 γεγονότων.
720 2229 843 2291 Πείθεται
857 2236 912 2296 τοῖς

133 2321 218 2400 λόγοις
243 2318 366 2396 ὑμάντις
393 2317 518 2394 οὐδεμίαν
545 2317 667 2387 δεδοικὼς
691 2319 843 2395 ίξαπάτην,
866 2316 912 2377 ιιαλ

133 2409 192 2477 τούς
206 2410 330 2475 συνόντας
349 2409 422 2490 αὐτῷ
435 2412 598 2486 μεταστῆναι
610 2407 736 2475 κελεύσας
751 2406 827 2475 αὐτὸς
844 2408 909 2478 ῆιιο·

132 2496 219 2558 λοόθει
233 2496 310 2573 μόνος
320 2500 359 2576 τῷ
373 2498 491 2577 λοχαγῷ.
506 2492 541 2555 ‘0
552 2494 581 2554 δέ
594 2493 729 2572 Ῥωμαῖος
745 2497 910 2578 ὑπαγόμενος

133 2586 211 2646 αὐτὸν
227 2585 358 2663 ἀπωτέρω
381 2590 427 2643 τοῦ
444 2583 546 2665 τείχους
572 2583 616 2643 διὰ
637 2587 691 2643 τῶν
713 2586 778 2666 πρδς
804 2583 908 2657 ἀπάτην

76 2690 104 2729 τε
134 2674 341 2755 μηχανηθέντων
358 2672 463 2750 λόγοιν,
485 2675 520 2740 ιὺς
533 2671 608 2759 έγγὺς
623 2675 725 2754 ἀγένετο
734 2678 781 2733 τοῦ
795 2696 909 2755 πιριτει·

131 2765 283 2844 χίσματυς,
302 2760 453 2841 περιλαόὼν
468 2769 526 2829 ταῖς
540 2763 631 2843 χερσῖν
654 2762 813 2845 ἀμροτέραις
828 2761 909 2839 μέσον

131 2851 235 2933 αίρεταί
249 2874 278 2910 τε
293 2850 339 2909 καὶ
353 2850 418 2930 πρὸς
431 2849 462 2910 τὸ
473 2849 626 2927 Ῥωμαῖιιδν
645 2849 807 2933 ἀποφέρεται
829 2875 909 2932 στρα-

130 2941 249 3000 τόπεδον.
264 2939 370 3000 Ambr.

171 3030 234 3091 xil.
258 3027 318 3108 (lb)
334 3029 436 3089 Τοῦτον
454 3025 499 3086 τδν
521 3026 603 3095 ἀνδρα
625 3030 649 3087 ot
663 3026 799 3108 χιλίαρχοι
822 3027 908 3108 λόγοις

70 3140 100 3181 ου
131 3142 159 3178 τε
175 3115 362 3198 θεραπεύοντες
383 3111 430 3173 καί
447 3112 571 3193 βασάνων
592 3116 714 3183 ἀπειλαῖς
733 3117 908 3194 δεδιττόμενοι

131 3207 235 3266 άπαντα
257 3201 460 3284 παρεσκεύασαν
476 3202 601 3275 ἐξειπεῖν,
617 3202 635 3262 ἀ
650 3202 712 3282 περὶ
726 3207 772 3274 τῆς
788 3202 907 3264 biderl-

131 3296 172 3362 ἀος
193 3292 286 3372 λίμνης
309 3291 489 3372 ἀπέκρυπτεν·
514 3282 571 3351 eisc
598 3293 721 3373 καὶπρὸς
742 3294 789 3364 τὴν
811 3294 908 3372 βουλὴν

132 3385 209 3443 αὐτὸν
225 3381 422 3458 άναπέμπουσι.
466 3381 530 3448 Ὶόῖς
552 3383 575 3440 δ’
592 3384 622 3440 ἐκ
642 3387 688 3440 τοῦ
710 3383 844 3461 συνεδρίου
859 3386 908 3463 οὐχ

128 3474 245 3549 ῆὺμοία
271 3470 391 3552 παρίστη
411 3467 487 3538 δόξα·
512 3468 582 3528 ἀλλά
603 3470 656 3535 τοῖς
680 3470 727 3546 μέν
749 3470 834 3530 ἐδόνει
853 3496 907 3532 πα-

67 3581 97 3622 es
129 3561 235 3642 νσύργός
248 3583 288 3628 τις
307 3550 373 3620 εῖναι
395 3558 441 3617 καί
458 3556 556 3634 γόηςδ
582 3560 608 3619 Τ
609 3558 732 3637 ορρηνδς,
766 3564 811 3617 καί
825 3583 904 3618 κατα-

128 3651 270 3731 ψεύδεσθαι
282 3653 328 3708 τοῦ
345 3645 480 3723 δαιμονίου
497 3646 529 3703 ris
544 3647 604 3724 περὶ
624 3648 669 3704 τόν
700 3647 836 3724 χρησμόν·
853 3658 905 3716 τοῖς

129 3739 152 3796 δ’
166 3735 219 3795 ἀπὸ
231 3736 319 3810 πάσης
332 3732 454 3808 ἀληθείας
465 3731 608 3813 είρηιιίναι.
658 3732 720 3813 (tlt)
736 3731 783 3792 'Eu
798 3736 905 3817 τοιαύτῃ

129 3827 153 3886 δ’
178 3822 316 3905 ἀμηχανίρ
333 3828 381 3897 τῆς
408 3826 502 3902 βουλῆς
521 3822 709 3903 ὑπαρχούσης,
739 3828 861 3903 παρῆσαν
881 3830 905 3886 οἱ

128 3912 373 3993 προαποσταλέντες
394 3914 430 3979 είς
447 3909 563 3990 Δελροὺς
586 3910 728 3988 θεοπρόποι
747 3915 905 3994 ,χρησμοὺς

68 4029 100 4069 ιο
128 4002 279 4080 κομίζοντι(
299 4000 352 4067 soit
368 4000 418 4059 ὑπὸ
435 4004 480 4060 ποῖ
502 4002 641 4079 Τυρρηνοῦ
666 3998 793 4081 πρότερον
814 4006 905 4082 ἀπηγ-

127 4090 262 4171 γελμένοις
276 4088 449 4171 συνᾴδοντας·
473 4090 514 4148 ότι
533 4090 585 4148 θεοὶ
607 4089 654 4149 καλ
677 4090 798 4168 δαίμονες
812 4094 837 4151 ol
850 4094 905 4153 λα·

128 4180 220 4261 χόιτες
241 4177 289 4252 τῆν
314 4179 478 4240 Οὐιεντανῶν
501 4176 578 4238 πόλιν
608 4183 731 4240 τοσοῦτον
758 4183 846 4249 αὐτοῖς
864 4185 906 4260 ίγ·

128 4273 246 4348 γυιῆνται
264 4267 357 4349 χρόνον
371 4266 517 4328 ἀσάλευτον
532 4266 646 4347 ρυλάξαι
665 4268 712 4342 τῆν
730 4269 761 4330 ίιι
774 4272 907 4351 προγόνων

129 4358 324 4439 παραδοθιῖσαν
347 4354 530 4432 εὐδαιμονίαν,
554 4354 614 4416 ὅσον
634 4356 665 4416 ἀν
698 4359 855 4437 διαμένωσιν
879 4363 907 4419 αῖ

70 4482 102 4523 4⁸
129 4444 215 4525 πηγαί
228 4448 276 4517 τῆς
290 4445 317 4503 ἀι
328 4443 446 4525 Ἀλόανῷ
457 4444 552 4521 λίμνης
565 4446 757 4527 ὑπιρχιόμιναι
769 4448 813 4508 καί
827 4449 906 4530 μέχρι

131 4533 262 4606 θαλάττης
285 4533 480 4613 ἀπορρέουσαν·
507 4532 572 4593 όταν
604 4536 627 4595 δ’
655 4538 752 4597 ἀκιῖναι
777 4535 854 4618 ρόσιν
877 4560 907 4595 τε

130 4624 179 4697 τὴν
193 4625 294 4683 ἑαυτῶν
319 4622 365 4682 ιιαλ
386 4621 460 4692 δδοὺς
481 4623 528 4692 τὰς
542 4623 656 4706 ἀρχαίας
674 4628 830 4686 ῖιιλιπούσαι
847 4628 907 4686 καθ’

131 4710 223 4791 ίτέρας
236 4713 412 4791 ἀκτραπέῖισιν,
423 4714 458 4778 ὡς
470 4714 566 4789 μηιιέτι
578 4713 719 4791 μίσγεσθαι
731 4719 763 4795 τῇ
774 4716 905 4793 θαλάττῃ,

131 4798 178 4859 ιιαλ
191 4798 239 4869 τὴν
256 4798 332 4860 πόλιν
353 4801 440 4859 αὐτῶν
465 4799 611 4862 ἀνάστατον
634 4802 757 4863 έσεσθαι·
780 4808 856 4863 τοῦτο
877 4805 906 4864 δέ

130 5000 199 5056 μασι
221 4979 279 5037 καθ’
300 4976 377 5058 έτερα
405 4978 492 5060 χωρία
518 4980 665 5056 γενομένοις
685 4983 831 5063 ἀκτρέψωσι
856 4981 906 5056 τὴν

129 5063 295 5147 πλημμύραν
307 5071 360 5127 τῶν
375 5068 477 5129 ὑδάτων
492 5069 529 5135 είς
549 5072 583 5126 sd
597 5069 689 5149 πρόσει
708 5074 755 5142 τῆς
774 5069 907 5143 θαλάττης

128 5155 218 5219 πεδία.
260 5159 355 5219 Ταῦτα
369 5157 496 5235 μαθόντες
508 5159 533 5216 οί
548 5155 692 5235 Ῥωμαῖοι,
708 5158 782 5228 εὐθὺς
793 5156 905 5233 ἀπέστη-

129 5269 181 5309 σαν
194 5249 248 5315 τοῖς
261 5246 347 5328 έργοις
360 5244 420 5315 τούς
432 5245 613 5330 χειροτέχνας.
630 5247 731 5312 Δοιὺιι

971 559 1043 620 polus
1055 559 1201 611 etlnsionem
1225 561 1336 613 andierat
1348 566 1375 614 el
1394 562 1476 627 prisca
1490 562 1522 614 de
1543 562 1593 613 bac
1612 566 1752 617 tentacula

970 658 1032 711 bene
1044 666 1160 726 noverat,
1177 665 1288 717 arridens
1302 685 1309 716 ι
1327 686 1340 712 ο
1354 670 1434 724 Quam
1446 668 1593 732 praeclarum
1600 671 1651 730 est,
1660 668 1750 735 lnquit,

970 788 983 812 s
1000 769 1081 820 lutura
1098 783 1260 835 praenoscere.
1295 776 1346 824 Vos
1365 774 1430 825 enim
1447 774 1597 839 ignoratione
1612 778 1752 831 tuturorum

971 894 983 916 «ι
996 872 1089 924 bellum
1101 873 1223 927 inlinitum
1232 876 1378 941 laboresque
1384 878 1468 929 inanes
1478 881 1603 943 toleratis,
1613 883 1751 937 Veientium

971 1002 983 1026 ι
996 983 1082 1034 υιθοιιι
1098 997 1111 1033 ο
1132 984 1203 1035 vobis
1218 999 1333 1037 eversum
1356 987 1387 1037 iri
1404 993 1539 1053 sperantes.
1574 992 1646 1051 Quod
1662 992 1752 1059 siquis

971 1109 983 1133 n
996 1090 1066 1141 robis
1080 1091 1222 1152 revelasset,
1240 1091 1265 1142 in
1280 1091 1339 1142 tatis
1353 1104 1408 1143 esse
1420 1091 1488 1143 bend
1497 1093 1583 1145 urbem
1597 1098 1658 1147 tunc
1674 1098 1747 1162 cepi,

972 1215 984 1239 ε
995 1209 1052 1247 curn
1062 1196 1131 1247 lacus
1140 1197 1257 1260 Albanus,
1268 1198 1415 1261 perennibus
1424 1199 1484 1250 rivis
1490 1201 1628 1263 exstinctis,
1636 1203 1688 1267 jem
1701 1219 1749 1256 nnn

971 1323 984 1348 ι
996 1303 1060 1355 marl
1075 1305 1227 1369 miscebitur,
1239 1306 1327 1371 ntique
1338 1312 1364 1358 et
1372 1311 1455 1359 vestro
1468 1310 1547 1361 labori
1558 1314 1585 1362 et
1597 1316 1689 1364 uosbre
1700 1328 1751 1366 mo·

970 1429 983 1455 n
994 1410 1071 1462 testie
1081 1411 1224 1475 parceretis.
1236 1434 1249 1456 ν
1260 1413 1306 1463 llis
1315 1414 1406 1465 auditis
1415 1417 1549 1476 Romanus,
1556 1420 1687 1483 postquam
1697 1435 1751 1473 rem

971 1515 1014 1566 dtu
1027 1529 1112 1567 secum
1132 1518 1268 1580 repulerit,
1289 1520 1349 1569 tunc
1371 1519 1474 1583 quidam
1488 1521 1558 1583 obiit,
1582 1525 1629 1595 (tt)
1652 1527 1751 1588 postero

959 1630 1031 1669 ‚vero
1048 1615 1102 1678 die,
1118 1615 1224 1667 tribunis
1239 1616 1301 1681 quid
1324 1620 1347 1668 in
1367 1620 1449 1671 animo
1470 1621 1572 1672 baberet
1595 1625 1711 1690 monilis,
1724 1627 1750 1678 in

969 1718 1085 1767 cumdem
1100 1716 1182 1768 locum
1195 1718 1263 1768 venit
1277 1718 1390 1781 inermis,
1401 1734 1432 1772 ne
1442 1735 1518 1786 quam
1527 1726 1632 1774 Etrusco
1645 1726 1751 1780 insidia·

84 1812 109 1850 u
135 1791 215 1849 αὐτοῦ
229 1789 334 1850 λαθεῖν·
377 1787 552 1867 deerimus
565 1787 593 1845 rt
608 1793 662 1853 τοῑι
673 1784 810 1858 συνήθεσιν
824 1785 913 1844 ἀσπε-
972 1832 1027 1869 ωιι
1036 1817 1200 1882 suspicacem
1209 1819 1448 1884 premensem,
1459 1827 1488 1875 ut
1496 1825 1599 1887 ωιωιι,
1611 1829 1747 1894 impero,

969 1921 1077 1986 primum
1090 1918 1189 1984 quidem
1201 1922 1233 1972 de
1255 1923 1415 1988 perplexitate
1430 1924 1455 1974 in
1467 1940 1516 1990 qua
1535 1929 1660 1981 Romanus
1676 1946 1748 1984 exer·

970 2024 1036 2074 citus
1057 2025 1199 2073 temeretur
1219 2024 1267 2074 elia
1287 2025 1405 2084 narravit,
1420 2027 1512 2093 quibus
1529 2031 1663 2084 Etruscum
1679 2035 1748 2099 gari·

972 2137 1029 2176 sum
1042 2122 1073 2173 iri
1091 2123 1209 2188 putebat,
1226 2128 1278 2175 tum
1294 2126 1396 2192 rogabat
1408 2132 1435 2179 ut
1447 2129 1516 2195 signa
1527 2133 1641 2195 quedam
1657 2139 1683 2187 et
1695 2151 1750 2202 pro·

970 2224 1035 2289 digia
1055 2237 1112 2288 qum
1141 2224 1248 2276 tribunis
1271 2240 1351 2292 nuper
1375 2228 1521 2283 accidissent
1542 2232 1697 2301 interpretari
1718 2205 1749 2293 ne

969 2334 1122 2394 gravaretur.
1156 2330 1246 2380 Verbis
1258 2330 1321 2381 lictis
1333 2331 1386 2382 udtt
1395 2335 1465 2383 rates
1477 2333 1569 2383 nullam
1581 2333 1694 2389 fraudem
1704 2355 1747 2391 ue·

968 2428 1047 2491 ritus,
1061 2433 1086 2478 et
1107 2428 1241 2479 comitibus
1255 2431 1354 2481 remotis
1372 2432 1440 2481 solus
1449 2433 1562 2495 sequitur
1570 2439 1745 2492 centurionem.

967 2530 1092 2579 Romanus
1102 2541 1170 2589 vero,
1185 2541 1262 2592 quum
1276 2543 1333 2580 eum
1351 2529 1448 2594 longius
1463 2531 1495 2582 ab
1509 2546 1582 2583 muro
1593 2539 1747 2591 sermonibus

966 2626 1130 2681 condolentis
1150 2626 1289 2678 abduxisset
1307 2630 1333 2679 et
1348 2641 1403 2680 sese
1424 2629 1642 2686 οῖεοιιοιιεΙΙιῑῖοιιΙ
1656 2651 1746 2703 appro-

966 2729 1120 2793 pinquasset,
1134 2728 1232 2794 corripit
1249 2728 1472 2797 medinmutmqne
1489 2747 1564 2785 mauu
1584 2740 1610 2786 et
1622 2737 1745 2792 subtatum

966 2832 990 2881 in
1000 2833 1109 2882 Romana
1124 2833 1206 2881 castra
1220 2832 1340 2894 asportat.

997 3046 1051 3096 xtt.
1067 3043 1115 3107 (¹5)
1125 3044 1199 3093 lione
1209 3042 1333 3095 horniuem
1349 3044 1442 3096 tribuni
1454 3047 1542 3110 parlim
1552 3047 1648 3102 blandis
1662 3052 1744 3114 dictls,

965 3171 1056 3235 purtim
1070 3170 1248 3219 tormentorum
1261 3168 1337 3220 minis
1356 3169 1527 3234 compulerunt
1540 3176 1569 3223 nt
1580 3175 1662 3226 omnia
1678 3167 1747 3230 dice-⁴

966 3296 1004 3344 ret
1018 3306 1074 3357 qum
1092 3292 1124 3344 de
1146 3291 1239 3343 Albano
1263 3291 1319 3342 lacn
1347 3296 1430 3344 mente
1455 3294 1559 3347 celabat.
1593 3300 1689 3352 Deinde
1712 3303 1745 3354 ed

965 3417 1045 3481 ipsum
1072 3420 1186 3468 senatum
1216 3417 1372 3469 remiserunt.
1406 3418 1443 3469 lbl
1468 3424 1552 3472 autem
1583 3427 1682 3487 petrum
1698 3442 1747 3480 non

966 3552 1015 3587 una
1027 3540 1081 3588 eret
1098 3538 1233 3598 sententia;
1248 3538 1302 3588 aliis
1323 3538 1389 3590 euim
1407 3540 1475 3591 nater
1493 3545 1518 3594 et
1532 3545 1694 3611 praestigiator
1708 3550 1746 3602 ri·

966 3660 1070 3712 debatur
1087 3664 1219 3721 Etruscus,
1248 3663 1290 3725 qui
1314 3661 1398 3713 divina
1418 3666 1518 3743 oracula
1545 3667 1685 3732 simularet,
1705 3673 1746 3724 alii

968 3797 1028 3834 veru
1039 3783 1071 3834 ab
1082 3797 1112 3835 eo
1134 3784 1262 3836 verissime
1274 3786 1370 3836 narrari
1396 3787 1576 3841 existimabant.
1589 3792 1650 3857 (ιο).
1686 3798 1746 3848 linc

964 3909 1025 3961 dnm
1044 3912 1145 3961 senatus
1160 3910 1277 3976 ambigit,
1296 3910 1388 3962 adeunt
1401 3913 1444 3975 qni
1466 3915 1575 3979 Delphos
1593 3917 1662 3970 missi
1675 3927 1746 3974 erant

963 4038 1080 4096 oratores
1100 4048 1219 4100 responsa
1232 4035 1338 4087 terentes
1354 4010 1411 4100 qum
1431 4051 1488 4088 cum
1509 4040 1630 4104 prioribus
1649 4047 1744 4097 Etrusci

963 4152 1036 4207 dlctb
1048 4162 1210 4221 congruerent
1227 4176 1233 4207 ι
1251 4161 1318 4209 Deos
1331 4158 1445 4211 videlicet
1462 4164 1488 4211 et
1501 4162 1585 4225 genios
1605 4164 1743 4230 veientium

963 4278 1032 4330 urbis
1047 4281 1162 4333 custodes
1183 4284 1278 4334 tamdiu
1305 4284 1336 4335 lis
1357 4285 1479 4350 spondere
1500 4286 1625 4341 felicitatis
1645 4290 1743 4344 beredi-

964 4402 1035 4454 arto
1048 4406 1151 4457 tutelam
1163 4407 1342 4472 centesimam,
1353 4410 1475 4483 quamdiu
1487 4413 1568 4464 tontes
1580 4414 1678 4478 paludis
1699 4416 1743 4467 Al·

961 4527 1032 4579 banee
1044 4528 1210 4581 redundarent
1218 4535 1244 4581 et
1259 4532 1285 4583 tn
1294 4545 1363 4584 mere
1375 4534 1544 4588 decurrerent.
1579 4536 1626 4588 Ubi
1641 4550 1700 4589 rere
1715 4539 1743 4590 bt

960 4652 1050 4699 natura
1063 4663 1110 4700 sna
1122 4652 1149 4701 et
1161 4663 1235 4700 cursu
1245 4652 1348 4717 antiquo
1361 4653 1449 4706 rellctu
1463 4655 1581 4707 aliorsum
1600 4658 1742 4712 derivaren-

959 4773 1009 4831 tur,
1022 4769 1057 4821 tu
1073 4774 1103 4821 nt
1122 4784 1172 4821 nnn
1189 4771 1240 4836 jam
1261 4773 1325 4823 meri
1342 4774 1514 4836 miscerentur,
1532 4781 1585 4828 tum
1603 4779 1688 4830 orbem
1698 4794 1743 4831 co-

67 4919 102 4961 ω
131 4890 179 4950 οὐκ
193 4889 229 4955 εἰς
241 4886 347 4969 μακράν
361 4888 413 4949 ὑπδ
422 4887 565 4966 Ῥωμαίων
579 4890 752 4969 γενήσεσθαι,
769 4891 815 4951 lto
828 4893 904 4973 δρύγ.
959 4908 1015 4945 rum
1026 4908 1140 4945 eversum
1155 4895 1194 4946 irl.
1229 4897 1257 4948 td
1269 4899 1353 4949 antem
1365 4912 1446 4950 mota
1459 4903 1575 4954 Romanis
1585 4903 1650 4956 ellici
1658 4919 1741 4970 posse,

959 5013 980 5063 el
993 5012 1064 5064 tnesis
1076 5013 1192 5064 aliorsum
1206 5013 1308 5066 directis
1321 5016 1476 5069 exundantes
1495 5033 1574 5087 aquas
1587 5023 1619 5073 ed
1640 5038 1741 5090 campos

958 5132 1049 5183 amari
1062 5137 1172 5184 remotos
1184 5132 1343 5186 deducerent.
1378 5136 1424 5187 llis
1435 5139 1527 5193 auditis
1541 5122 1648 5197 Romani
1656 5149 1740 5199 statim

958 5258 1084 5323 operarios
1094 5256 1153 5309 bule
1166 5258 1266 5323 negotio
1276 5259 1451 5315 admoverunt.
