4088 5936
284 395 346 457 θθθ
799 387 967 451 DIONYSIi
989 388 1373 476 flnnlcnaunssnusls

285 530 389 595 λατῖνος
402 523 488 586 πολλά
504 522 748 605 κατολοφυράμενος
772 521 880 594 ίαυτδν,
901 525 925 582 τί
938 519 983 583 διδ
1001 544 1068 600 συγ·
1117 530 1236 582 ditionem
1256 533 1406 595 conquestus
1426 531 1495 596 quod
1513 530 1547 582 olo
1564 531 1759 584 miamioordiam
1775 546 1835 597 eren
1852 546 1897 584 co·

286 620 368 695 γενῶν
389 614 462 673 ἔλεον
488 611 606 671 έκλιπεῖν
633 608 865 688 ἀναγκασθήσεται
882 610 930 680 τὴν
953 609 1068 691 πατρίδα
1117 622 1341 684 guatoscogeretur
1350 619 1737 686 nulloputratoscelerepatrtum
1746 620 1896 687 relinquere,

288 704 370 782 μηδὲν
389 705 495 771 ἀδικῶν,
508 697 661 760 ἀποτίθεται
673 701 721 769 τὴν
734 697 829 779 ἀρχήν.
871 697 906 759 Ὁ
916 699 944 760 δὲ
954 700 1070 779 Βροῦτος
1118 710 1289 773 magistratum
1311 707 1421 774 deponit.
1455 711 1547 759 Brutus
1570 720 1632 759 raro
1648 707 1809 771 landatoeo,
1829 708 1898 773 quod

289 789 427 856 ἐπαινέσας
447 786 525 848 αδτδν
544 792 579 856 ὡς
601 787 635 847 τὰ
658 786 787 866 κράτιστα
811 787 855 847 καλ
874 787 1070 869 συμφορώτατα
1116 794 1211 859 optime
1224 799 1251 845 ci
1272 793 1335 847 suis
1347 797 1374 846 et
1394 794 1536 859 ιοῖμιιῖιλισω
1554 795 1692 846 commodis
1714 795 1895 857 consuluisset,

247 894 261 933 a
288 881 374 959 ἐαυτῷ
386 900 415 936 τε
427 875 607 957 καλτῇπάλει
620 874 990 956 βεάουλευμίνου,παρεκάλει
1002 875 1069 952 μήτε
1119 881 1222 947 muniret
1235 882 1324 934 nesibi
1336 896 1399 943 neve
1412 885 1512 947 ρειιιω,
1532 896 1629 934 mamm
1640 885 1823 948 preteritorum
1842 897 1896 935 ma·

287 968 361 1047 αθτῷ
377 965 445 1039 μήτε
458 969 491 1045 τῇ
505 963 613 1046 πατρίδι
629 971 810 1041 μνησικακεῖν,
824 963 916 1045 ίτέραν
939 964 967 1023 δέ
984 986 1069 1040 μετοι-
1119 971 1208 1031 iorum,
1222 971 1333 1022 intensus
1350 975 1433 1031 esset;
1461 971 1515 1031 sed,
1529 971 1570 1022 rel
1583 972 1680 1022 muteto
1703 970 1836 1033 domicilio,
1852 984 1896 1036 με·

288 1052 404 1115 λαθόντα
417 1054 519 1125 οἴκησιν
533 1052 582 1124 την
603 1049 833 1128 καταλειπομένην
849 1051 964 1131 πατρίδα
979 1056 1070 1128 ἡγεῖτο
1117 1060 1192 1111 triam
1214 1074 1230 1111 a
1251 1059 1404 1111 sereiictam
1427 1073 1525 1125 semper
1550 1059 1655 1125 patriam
1677 1076 1748 1112 suam
1775 1061 1896 1122 duceret,

289 1147 344 1215 θαι,
364 1142 474 1220 μηδενὸς
500 1140 562 1218 μήτ’
577 1139 670 1221 ἔργου,
695 1140 764 1217 μήτε
791 1140 872 1217 λόγου
896 1143 1070 1200 κοινωνοῦντα
1118 1150 1276 1200 nerecoutra
1290 1147 1369 1213 ipsam
1391 1161 1449 1199 cum
1472 1147 1586 1199 hostibus
1604 1146 1684 1200 uliam
1700 1154 1745 1201 aut
1765 1148 1898 1203 eonsilium

287 1240 341 1300 τοῖς
354 1234 456 1311 ἐχθροῖς
470 1227 529 1289 κατ’
544 1230 637 1299 αὐτῆς·
651 1227 683 1286 τὸ
699 1228 720 1286 δ’
734 1225 792 1287 δλον
809 1227 959 1305 ἀποδημίαν
972 1229 1071 1288 θπολα-
1116 1239 1162 1289 ant
1186 1238 1279 1290 tactum
1295 1237 1490 1288 communicaret
1516 1256 1523 1288 ι
1548 1237 1579 1288 εδ
1596 1250 1718 1289 summum
1741 1251 1799 1288 eum
1815 1238 1899 1297 horta·

236 1340 262 1380 ru
289 1321 371 1381 δόντα
386 1320 434 1390 τὴν
447 1317 658 1398 μετανάστασιν,
674 1317 722 1375 οὐκ
736 1314 885 1395 ἐξορισμὸν,
900 1316 1069 1398 οθδδρυγὴν,
1118 1325 1193 1378 batur
1214 1330 1243 1378 ut
1272 1326 1336 1376 inanc
1363 1325 1532 1389 migrationem
1548 1325 1703 1378 existimaret
1717 1325 1899 1391 pereo-inado-

288 1408 320 1470 τδ
335 1409 383 1488 μὲν
402 1411 480 1481 σῶμα
494 1406 568 1488 παρὰ
581 1413 636 1472 τοῖς
652 1403 854 1480 ὑποδεξαμένοις
876 1408 957 1485 ίχιιν,
971 1407 1019 1475 τὴν
1043 1406 1070 1466 δέ
1119 1429 1190 1477 ιιειιι,
1213 1428 1261 1466 non
1289 1417 1375 1466 autam
1404 1415 1579 1478 relegationem
1610 1428 1691 1479 neque
1712 1416 1845 1475 exsilium
1871 1416 1897 1466 et

291 1497 379 1579 ψυχὴν
395 1495 468 1575 παρδι
491 1495 544 1562 τοῖς
574 1494 773 1574 προπέμπουσι.
818 1494 914 1552 Ταῦτα
937 1493 960 1552 δ’
980 1493 1070 1552 duodi-
1118 1518 1208 1568 corpus
1220 1501 1342 1568 spudeos
1356 1503 1476 1567 aqiribus
1488 1504 1642 1568 exciperetur
1654 1504 1766 1561 haberet,
1785 1505 1896 1555 αιιῖιιιιιιιε

290 1610 367 1665 μενος
390 1592 429 1663 τῷ
452 1582 627 1665 eripiendae
649 1583 695 1642 τδν
723 1583 806 1657 δῆμον
830 1582 913 1642 εἴκοσι
935 1582 1071 1641 ταλάντων
1117 1602 1178 1643 nero
1199 1591 1265 1657 apud
1288 1605 1366 1642 ensa
1389 1591 1481 1655 quibus
1503 1591 1680 1644 dimitteretur.
1716 1595 1800 1650 Quum
1822 1591 1897 1656 igitur

290 1676 380 1735 δοδναι
395 1677 467 1755 αὐτῷ
479 1670 578 1751 δωρεάν
590 1671 653 1749 ,καλ
664 1669 742 1738 αθτδς
752 1671 829 1729 πέντε
836 1671 954 1730 τάλαντα
963 1671 1070 1750 προστί-
1117 1681 1167 1732 hoc
1178 1680 1253 1731 mode
1262 1680 1333 1732 ilium
1344 1681 1520 1741 admonuisset,
1532 1681 1657 1745 persuasit
1664 1682 1756 1746 populo
1767 1684 1797 1731 ut
1811 1680 1897 1745 viginti

236 1790 262 1829 m
291 1770 367 1835 θησιν
382 1766 479 1823 ἐκτῶν
501 1761 584 1823 ἰδίων.
625 1757 769 1840 Ταρκύνιος
795 1758 842 1836 μίν
858 1758 891 1832 δὴ
913 1762 1072 1827 Κολλατῖνος
1116 1768 1264 1819 iconiorum
1274 1766 1340 1818 dono
1349 1781 1410 1819 enm
1421 1768 1637 1833 donaretzotipse
1646 1768 1786 1834 depromta
1796 1770 1897 1833 pecunia

289 1853 399 1932 τοιαότη
417 1850 486 1931 τύχῃ
505 1847 657 1932 περιπεσὼν
682 1850 718 1915 εἰς
739 1842 878 1908 Λαουίνιον
909 1847 1007 1930 ᾤχετο,
1022 1848 1071 1920 τὴν
1118 1857 1166 1907 alia
1187 1856 1432 1922 qunquegsanidie
1465 1856 1615 1920 Tarquinius
1640 1856 1716 1922 igitur
1744 1857 1896 1919 collatinus,

290 1941 453 2020 μητρόπολιν
463 1936 635 1998 τοθΛατίνων
643 1934 743 2017 γένους,
751 1929 924 2018 ἐνῇγηραεδς
936 1936 1069 1997 ἐτελεύτα.
1118 1958 1196 2009 quum
1212 1944 1238 1994 in
1254 1943 1329 1994 telem
1353 1943 1475 1995 torinnam
1493 1943 1634 2000 incidisset,
1650 1944 1777 1996 terimam
1798 1947 1897 1997 Latmo·

290 2027 325 2091 Ὁ
338 2030 365 2089 δὲ
380 2033 493 2109 Βροῦτος
508 2029 556 2089 οὐκ
570 2027 648 2097 άξιῶν
663 2026 740 2103 μόνος
761 2025 917 2107 άρχεινοθδ
944 2030 980 2096 εἰς
1004 2027 1071 2087 ὑπό·
1119 2047 1175 2084 ram
1196 2032 1344 2097 metropolin
1363 2032 1452 2097 pettit,
1472 2033 1517 2084 unt
1537 2046 1612 2084 senex
1637 2033 1707 2084 obiit.
1741 2036 1898 2096 Atllrutus,

289 2140 360 2177 νοιαν
373 2117 497 2177 εἰσελθεῖν
511 2123 564 2183 τοῖς
580 2114 713 2188 πολίταις,
731 2113 771 2173 ότι
785 2137 851 2192 μονα
855 2114 930 2195 χρίας
946 2116 1071 2195 ὑπαχθείς
1116 2137 1193 2188 quum
1215 2118 1317 2173 minime
1333 2135 1433 2188 aequum
1454 2128 1565 2176 conserui
1580 2136 1608 2175 ne
1623 2124 1729 2175 solum'
1721 2138 1860 2190 imperare,
1873 2130 1898 2176 et

237 2230 264 2269 ao
289 2204 413 2288 πόθωτδν
425 2203 573 2265 συνύπατον
583 2202 708 2275 ἐξήλασεν
721 2208 791 2264 ix*
760 2227 868 2276 τηςπατ
870 2203 947 2282 ρίδος,
957 2204 1071 2268 καλέσας
1117 2211 1190 2263 nollet
1199 2211 1486 2277 venireioauspicionem
1495 2210 1637 2277 κραδαίνοι
1648 2210 1896 2277 soregurcuptditate

289 2318 337 2361 τον
348 2297 431 2371 οημον
444 2291 517 2358 aeliz
533 2290 610 2359 ελςτδ
624 2315 657 2351 πε
659 2291 724 2368 δί,ον
739 2290 800 2350 ἔνθα
815 2282 848 2364 ἦν
863 2292 1014 2368 σόνηθες’
984 2298 1071 2363 αυτοῖς
1116 2299 1248 2364 impulsum
1260 2299 1377 2363 collegam
1393 2300 1473 2364 patria
1495 2298 1635 2365 expulisse,
1652 2300 1736 2350 statim
1759 2302 1898 2351 oouruoaio

290 2405 348 2450 τους
356 2406 381 2441 τε
396 2382 512 2462 βασιλεις
522 2379 567 2438 καλ
581 2379 627 2447 τδις
642 2379 755 2446 ἄλλος’
741 2404 756 2437 α
761 2378 825 2458 ρχθις
839 2379 1009 2454 καθιστάναι,
1024 2406 1070 2441 συ·
1117 2387 1226 2453 populo
1219 2402 1244 2438 ιιι
1264 2387 1900 2453 campum,ubisoiebantctregeaeta1rusma·

289 2465 832 2552 νάρχοντααἱρεῖταιίλόπλιονθῦαλέριον,
841 2467 1000 2546 άπόγονον,”
986 2469 1072 2536 ωςκαλ
1119 2478 1349 2542 gistnmscreare,
1367 2477 1511 2527 consulatus
1527 2476 1646 2542 collegam
1656 2476 1830 2541 assumusiti’.
1844 2480 1897 2527 Va·

289 2561 386 2641 πρότερ
373 2581 415 2638 ρον
430 2549 524 2633 ε’ίπον
537 2555 711 2617 τοῦΣαθίνου
731 2557 888 2636 Οὐαλερίου,
909 2555 972 2635 άνδρ
974 2581 991 2615 α
1004 2560 1070 2617 πολ·
1118 2564 1216 2626 terium,
1232 2564 1372 2625 oriundum,
1389 2566 1526 2615 utetaote
1545 2563 1606 2625 dini,
1618 2563 1787 2616 eSabinorum
1811 2567 1899 2628 gente,

237 2666 264 2706 ae
291 2652 344 2709 λῶν
359 2647 406 2726 μὲν
420 2604 563 2707 καλάλλων
589 2645 853 2720 έπετηδευματων
816 2669 893 2728 χάριν
910 2648 1072 2707 ἐπαινεῖσθαί
1120 2654 1199 2704 virum
1208 2666 1266 2704 cum
1276 2652 1309 2704 ob
1322 2653 1401 2705 muita
1409 2653 1548 2705 aharerum
1563 2651 1778 2704 bonarumstudle
1786 2653 1899 2704 laudaut

290 2761 319 2797 τε
335 2761 381 2797 και
370 2737 574 2814 θαυμάζεσθαι
591 2735 670 2810 άξιον,
684 2737 802 2815 μάλιστα
814 2735 889 2797 δέ
855 2761 903 2808 της
914 2736 1072 2816 αὐταρκείας
1118 2742 1283 2794 admiratione
1296 2742 1415 2807 dignum,
1435 2744 1490 2793 tum
1508 2754 1567 2792 nero
1581 2741 1709 2807 precipue
1727 2741 1831 2792 obritm
1847 2741 1898 2792 nn-

290 2828 336 2886 τοῦ
351 2822 420 2904 βίου.
463 2822 673 2903 Φιλοσορία’
638 2847 689 2906 γαρ
704 2847 743 2892 τις
764 2822 948 2893 αὐτοδίδακτος
971 2823 1073 2901 ἐγένετο
1118 2830 1252 2895 natitatem
1286 2833 1370 2882 inerat
1390 2830 1484 2882 enim
1476 2844 1502 2880 ιιι
1524 2843 1555 2881 eo
1578 2831 1691 2881 innatum
1715 2828 1841 2895 quoddam
1858 2841 1899 2880 aa·

291 2911 352 2993 περλ
375 2911 464 2983 αὐτόν,
479 2912 512 2985 ἣν
539 2913 565 2970 ἐν
595 2914 702 2980 πολλοῖς
718 2910 872 2981 ἀπεδείξατο
894 2936 930 2992 πρ
917 2911 1071 2993 ράγμασιν,
1119 2919 1218 2984 pientiae
1233 2918 1355 2980 studium,
1371 2920 1439 2970 utin
1459 2918 1545 2971 ιιιιιλιίε
1563 2919 1639 2971 rebus
1657 2917 1852 2981 demonstrarit,
1867 2918 1899 2970 de

290 2989 432 3081 θπίρόὦν
418 2999 505 3075 ὀλίγον
521 2997 599 3077 ὔστιρ
600 3022 628 3058 σν
655 3001 717 3080 ἐρῶ.
1117 3008 1208 3072 qulbus
1217 3008 1300 3072 paullo
1315 3010 1372 3073 post
1385 3007 1475 3059 dicem.

237 3102 265 3143 ⁸⁰
290 2998 414 3151 ὑπλίΙΙΙ.
438 3087 515 3149 Merit
533 3092 595 3147 τοῦτ
596 3086 668 3159 ’ἤδη
696 3095 745 3167 μιᾶ
764 3086 856 3167 γνώμῃ
885 3088 946 3167 περὶ
966 3089 1072 3150 πάντων
1151 3099 1218 3149 lilii.
1236 3099 1300 3147 cnm
1320 3097 1368 3146 hoe
1384 3096 1461 3159 igitur
1477 3110 1525 3162 per
1543 3097 1626 3147 omnia
1640 3097 1811 3156 consentione,
1824 3052 1899 3148 detis

294 3178 387 3259 ,γρώμε
388 3200 439 3251 νοε,
452 3176 513 3243 τοὺς
528 3199 575 3251 μεν
589 3174 678 3236 tari*
644 3199 678 3256 τη
699 3176 854 3256 καθόδῳ
817 3199 870 3235 των
888 3111 1010 3257 μυργάδων
1029 3201 1073 3238 συ·
1116 3186 1238 3248 omnibus,
1253 3185 1296 3249 qui
1307 3185 1332 3235 iu
1344 3186 1466 3236 exsulum
1480 3185 1588 3236 reditum
1601 3186 1771 3245 contererent,
1781 3184 1899 3239 continuo

290 3265 487 3346 νομοσαμένους
505 3263 624 3331 ἅπαντας
646 3263 803 3325 ἀπέκτειναν
827 3270 1007 3344 παραχρῆμα,
1026 3266 1072 3325 καλ
1118 3273 1267 3338 mppiictum
1279 3271 1387 3339 sumpsit
1398 3292 1406 3323 ι
1418 3277 1446 3324 et
1457 3286 1567 3336 serrum,
1582 3273 1760 3324 coniurationis
1770 3272 1878 3324 indicem
1890 3309 1896 3333 ,

292 3355 338 3413 τὸν
355 3353 511 3432 μηνύσαντα
538 3351 586 3423 τὴν
613 3352 781 3428 συνωμοσίαν
811 3353 900 3412 δοῦλον
926 3352 1072 3433 ἐλευθερίας
1118 3361 1232 3413 λῖθοήειε
1256 3366 1282 3412 et
1308 3362 1409 3413 onore
1423 3362 1557 3413 donarunt
1573 3375 1603 3413 ac
1624 3361 1792 3421 honorarunt,
1814 3360 1899 3411 redito

293 3467 323 3502 τε
349 3442 396 3502 καλ
418 3441 551 3509 πολιτείας
570 3441 710 3519 μεταδόσει
748 3440 793 3499 καλ
818 3441 940 3521 χρήμασι
967 3443 1072 3511 πολλοῖς
1118 3454 1238 3515 proterea
1254 3464 1397 3516 nonpurven
1411 3451 1648 3516 pecuntmpraemio.
1683 3449 1776 3501 mindo
1790 3447 1898 3498 consiliis

237 3540 264 3582 ³⁶
292 3530 433 3608 ἐτίμησαν.
477 3528 593 3590 Ἔπειτα
608 3530 669 3610 τρία
683 3528 867 3608 πολιτεύματα
881 3530 1011 3590 κάλλιστα
1026 3531 1071 3589 καὶ
1118 3541 1198 3593 tribus
1214 3542 1430 3607 pulcherrimisac
1446 3541 1584 3593 utilissimis
1603 3540 1746 3605 reipublice
1759 3540 1897 3590 eileceraui

291 3617 486 3700 συμφορώτατα
517 3621 555 3699 τῷ
583 3622 662 3697 κοινῷ
687 3619 936 3703 καταστησάμενοι,
962 3620 1022 3689 τούς
1047 3621 1071 3681 τ’
1118 3631 1319 3682 utomneacines
1336 3631 1490 3682 concordiem
1508 3630 1615 3690 alerent,
1631 3629 1824 3680 etinimicorum
1843 3628 1897 3678 iae·

290 3712 317 3771 iv
331 3714 365 3787 τῇ
386 3708 462 3770 πόλει
484 3704 584 3773 πάντας
609 3708 727 3783 θμονοεῖν
746 3707 948 3820 παρεσκεμίασυν
965 3708 1011 3767 καλ
1024 3706 1072 3776 τδς
1121 3718 1212 3770 tionem
1227 3718 1410 3772 imminuerunt
1444 3722 1506 3778 Ques
1519 3717 1620 3769 coasilia
1633 3718 1688 3768 heac
1699 3719 1810 3769 inerunt.
1843 3716 1897 3768 Pri·

288 3800 340 3857 τῶν
356 3800 457 3903 ἰγθρῶν
476 3794 592 3875 ἑταιρίας
603 3794 745 3870 ἐμείωσεν
802 3796 881 3856 ΗνΜ
857 3819 883 3856 οε
900 3795 933 3854 τδ
947 3796 1071 3857 πολιτεό-
1117 3816 1188 3854 mum
1197 3805 1326 3869 ,optimos
1346 3819 1458 3872 quosque
1474 3806 1506 3857 de
1521 3805 1593 3870 plebe
1604 3804 1736 3855 delectos
1729 3818 1755 3854 ιιι
1768 3804 1898 3869 patricium

289 3909 362 3964 ματα
385 3891 438 3945 τῶν
453 3885 554 3964 ἀνδρῶν
568 3883 665 3943 τοιάδ.
739 3888 821 3964 ρι’ῖτον
839 3883 887 3963 μὲν
906 3887 987 3943 tx*
951 3909 1004 3944 των
1023 3887 1072 3957 δη·
1115 3891 1226 3944 ordinem
1240 3892 1376 3956 ellegerunt
1393 3898 1419 3945 et
1430 3908 1462 3944 ex
1472 3894 1512 3945 tris
1525 3895 1638 3945 sonetum
1647 3894 1810 3957 expleverunt
1821 3905 1898 3957 usque

236 3987 264 4029 ευ
290 3977 404 4050 μοτικῶν
432 3971 491 4039 τοδς
518 3971 673 4053 κρατίστους
707 3886 891 4051 perlitatore,
918 3974 1072 4052 πατρικίους
1118 3981 1151 4032 ad
1166 3987 1333 4035 trecentorum
1346 3999 1486 4037 nnmerum.
1518 3984 1613 4036 Deinde
1626 3988 1786 4049 tyrannonrm
1798 3982 1899 4036 boneia

289 4058 434 4134 ἐποίησαν,
455 4084 501 4121 κει
524 4060 731 4140 συνεπληρωσαν
755 4060 781 4129 ἐξ
805 4064 890 4120 αὐτων
907 4061 955 4135 τὴν
974 4063 1071 4142 βουλὴν
1116 4069 1244 4134 pubiicum
1261 4071 1827 4138 utoonmuusoutnosutrlptenuudederont,
1841 4084 1896 4137 per·

288 4147 347 4214 τοὺς
361 4149 534 4226 τριακοσίους.
576 4147 693 4211 Ἔπειτα
704 4149 752 4216 τὰς
761 4149 852 4217 οὐσίας
869 4153 921 4209 τῶν
938 4153 1070 4232 τυράννων
1118 4160 1244 4213 mittentes
1258 4162 1286 4213 nt
1301 4163 1475 4228 unnsquisque
1491 4165 1611 4227 quantum
1632 4165 1718 4227 posset
1737 4166 1855 4226 caperet,
1873 4163 1898 4213 et

289 4237 326 4302 εἷς
350 4234 380 4293 τὸ
406 4236 491 4296 κοινδν
516 4237 601 4298 άπασι
616 4246 670 4305 τοῖς
687 4236 807 4305 πολίταις
828 4240 947 4320 φέροντες
966 4241 1070 4314 ἔθεσαν,
1117 4263 1205 4314 agrum
1223 4265 1309 4303 eornm
1329 4266 1404 4316 quem
1427 4250 1547 4316 priaadm
1569 4249 1737 4317 posddobant
1757 4250 1898 4303 dinisemnt

289 4321 508 4404 συγχωρήσαντες
522 4324 581 4383 ὅσον
593 4325 625 4384 δν
637 4325 715 4386 λάθοι
733 4349 771 4393 τις
786 4325 812 4395 ἐξ
829 4329 913 4387 αὐτῶν
928 4328 1012 4410 ἔχειν·
1026 4327 1071 4388 καί
1118 4338 1215 4391 dubus
1232 4339 1355 4405 inopinus,
1368 4355 1418 4392 uno
1430 4345 1529 4392 tantum
1544 4354 1632 4406 campo
1644 4343 1757 4405 excepto,
1770 4341 1814 4403 qui
1834 4339 1900 4391 inter

235 4428 261 4468 ει
288 4411 337 4484 τὴν
359 4414 444 4472 αὐτῶν
459 4416 508 4492 γῆν
529 4412 593 4485 ὅσην
617 4414 759 4488 ἐκέκτηντο
781 4418 834 4483 τοῖς
853 4417 954 4496 μηδένα
974 4421 1071 4499 κλῆρον
1117 4427 1204 4478 urbem
1227 4431 1253 4478 et
1272 4428 1376 4478 dudum
1391 4428 1512 4483 situsost.
1546 4430 1618 4479 iiunc
1636 4429 1701 4479 enim
1716 4429 1791 4479 iderti
1811 4440 1900 4479 eorum

289 4502 378 4585 ἔχουσι
394 4501 536 4580 διένειμαν,
547 4501 576 4561 ἐν
593 4503 670 4579 μόνον
682 4501 829 4582 ἐξελόμενοι
844 4504 971 4578 πεδίον,δ
986 4508 1071 4566 κεῖται
1116 4514 1223 4566 maiores
1242 4518 1428 4578 consecrarent,
1441 4518 1539 4582 pratum
1552 4515 1623 4581 aqum
1634 4516 1791 4567 commodum
1806 4519 1832 4567 et
1856 4516 1898 4566 iu·

290 4592 387 4670 μεταξὺ
410 4598 457 4666 τῆς
475 4616 504 4652 τε
518 4591 619 4660 πόλεως
642 4591 689 4650 καλ
704 4599 750 4652 τοῦ
769 4602 900 4671 ποταμοῦ.
942 4598 1030 4655 Τοῦτο
1047 4596 1070 4654 δ’
1116 4604 1217 4655 rentuti
1239 4603 1265 4653 in
1285 4603 1360 4655 armis
1382 4603 1526 4656 exercendae
1550 4605 1705 4669 gymnasium
1731 4603 1899 4669 aptissimum.

286 4681 376 4763 Ἄρεος
396 4684 525 4765 ὑπάρχειν
551 4681 619 4764 ίερδν
635 4683 659 4740 οἱ
682 4682 808 4763 πρότερον
833 4682 1011 4765 ἐψηφίσαντο,
1027 4682 1072 4743 irr-
1118 4693 1241 4757 campum
1253 4696 1337 4744 autern
1346 4693 1498 4759 iampridem
1507 4692 1619 4744 lruicdeo
1631 4693 1898 4754 consecratumtnisse,

287 4795 346 4841 ποις
361 4795 390 4832 τε
402 4773 521 4851 λειμῶνα
535 4770 582 4834 καλ
603 4769 670 4839 νέοις
684 4771 795 4830 δοκοῦσι
808 4770 855 4838 τδις
873 4770 1007 4841 ἐνοπλίους
1023 4795 1071 4848 με·
1119 4784 1144 4833 st
1155 4782 1317 4848 Tarquinium
1336 4795 1393 4832 enm
1417 4793 1550 4845 usurpasse
1563 4784 1589 4831 et
1606 4781 1657 4831 suis
1674 4780 1800 4844 segetibus
1818 4780 1900 4846 opple·

232 4876 261 4917 ne
285 4863 362 4930 λίτας
383 4863 528 4942 γυμνάσιον
549 4858 775 4934 ἐπιτηδειότατον·
794 4861 835 4920 δτι
862 4860 890 4921 δέ
911 4862 956 4921 καλ
975 4862 1071 4943 πρότε·
1117 4869 1266 4933 risse,eius
1279 4869 1315 4922 rei
1330 4875 1505 4935 argumentum
1513 4870 1651 4923 maximnm
1667 4869 1856 4931 arbitroresse,
1872 4868 1898 4920 id

288 4970 331 5026 ρον
350 4950 420 5028 ίερδν
438 4941 471 5022 ἦν
493 4951 566 5010 τοῦδε
584 4956 629 5010 τοῦ
653 4952 728 5019 θεοῦ,
749 4948 898 5030 Ταρκύνιος
922 4949 949 5009 δέ
975 4972 1071 5032 σρετε-
1117 4959 1184 5023 qnod
1198 4958 1466 5011 tumaconsulibusde
1480 4959 1604 5024 truglbus,
1616 4960 1838 5022 quoeineoerant,
1851 4957 1895 5009 de·

289 5036 428 5114 ρισάμενος
451 5037 571 5121 έσπιιριν
589 5038 664 5109 αθτδ,
680 5036 805 5117 μέγιστον
828 5045 947 5118 ἡγοῦμαι
967 5043 1071 5120 τικμή-
1117 5049 1269 5102 creinmest.
1304 5046 1715 5112 Namqunmomnietyrannorum
1730 5047 1796 5099 bona
1805 5046 1896 5113 ροριιΙο

289 5146 343 5204 ριον
364 5113 431 5183 εῖναι
453 5125 483 5185 τδ
502 5126 621 5208 πραχθὲν
650 5124 702 5183 tud
714 5131 767 5186 τῶν
793 5130 903 5189 ὑπάτων
925 5128 983 5189 τότε
1009 5130 1070 5211 περὶ
1116 5134 1254 5201 diripienda
1271 5136 1398 5189 dedissent
1421 5136 1585 5199 trumentum,
1606 5136 1674 5202 quod
1691 5135 1717 5186 tn
1741 5136 1791 5187 hoc
1811 5147 1899 5200 campo

287 5213 348 5281 τοὺς
366 5215 394 5272 έν
413 5213 486 5292 αὐτῷ
500 5216 639 5296 καρπούς,
667 5209 791 5275 'Ausara
811 5217 863 5298 γάρ
881 5217 1070 5299 έπιτρέψαντες
1117 5227 1201 5275 netum
1220 5226 1318 5288 tuerat,
1339 5226 1457 5290 quodque
1476 5226 1501 5276 ln
1525 5225 1591 5276 areis
1616 5226 1698 5276 ndlruc
1717 5228 1787 5286 erat,
1814 5223 1854 5277 rol
1874 5236 1899 5274 ιο
