4034 5922
627 473 922 546 ANTIQUITATUM
944 476 1092 539 ROMAN.
1117 480 1188 539 LIB.
1211 482 1234 540 l.
1689 490 1727 547 67

119 625 136 649 ι
149 597 203 677 γδρ
224 598 256 669 δή
279 622 330 658 πω
343 598 402 665 τούς
416 599 522 668 οίωνοθς
535 602 611 668 αὐτὸς
627 608 697 683 ὁρᾷς.
740 603 774 665 Ὁ
792 604 815 663 δ’
833 607 902 684 ἀγα·
958 636 970 659 «ι
985 618 1072 668 cernis.
1087 639 1099 663 ν
1133 619 1198 675 lille
1216 632 1274 670 vero
1290 621 1430 685 indignatus
1445 637 1509 686 agre
1527 624 1583 674 tulit
1602 637 1629 674 sc
1649 625 1681 675 ab
1699 640 1729 677 εο

119 690 220 743 νακτεῖ
233 710 263 746 τε
276 685 322 745 καί
339 688 413 746 δεινδ
425 690 547 759 ποιεῖται,
562 694 598 757 ιθς
612 690 781 769 διηρτημένος
795 695 839 750 ὑπ’
853 698 901 751 αὖ·
956 704 1084 768 deceptum
1096 719 1164 767 esee,
1177 709 1203 757 et
1219 709 1313 759 colonia
1326 723 1353 759 se
1366 710 1401 759 illi
1420 724 1546 761 cessurum
1566 714 1670 775 negarit.

118 777 181 840 τοῦ,
195 777 244 840 τῆς
258 774 282 829 τ’
297 772 420 841 ἀποικίας
442 776 471 832 οὐ
489 774 649 851 μεθήσεσθαι
663 780 733 855 αὐτῷ
746 801 836 859 φησιν.

167 860 339 923 lxxxvii.
362 860 510 920 Ἀνίοταται
535 864 559 919 δ’
576 865 605 920 ἐκ
623 863 714 923 τούτου
740 864 835 940 μείζων
856 870 902 938 τῆς

77 972 92 1009 ε
120 946 258 1026 προτέρας
272 950 343 1026 έρις,
358 949 482 1029 έκατέρου
497 949 526 1009 τὸ
542 951 621 1010 πλέον
634 950 704 1031 ίχειν
720 954 823 1034 ἀφανῶς
838 954 901 1011 διω-

118 1035 240 1111 κυμίνου
247 1084 255 1108 ,
275 1037 305 1094 τὸ
324 1036 351 1095 δί
364 1036 401 1112 μὴ
415 1048 486 1113 μεῖον
502 1039 648 1118 ἀναφανδὸν
666 1042 720 1099 ἀπδ
742 1041 901 1109 δικαιώσεως

118 1124 229 1182 τοιᾶσδ’
264 1124 492 1192 ίιτισυνάπτοντος.
547 1128 694 1205 Είρημένον
725 1127 776 1207 γάρ
798 1120 829 1201 ἦν
853 1132 902 1187 αὖ·

117 1218 176 1275 τοῖς
190 1210 245 1270 ὑπὸ
268 1215 315 1268 τοῦ
330 1211 544 1292 μητροπάτορος,
559 1212 612 1293 ότῳ
627 1213 657 1272 θν
671 1214 790 1294 προτέρῳ
809 1218 898 1296 κρείτ-

114 1320 179 1363 τους
191 1298 495 1378 δρνιθεςίπιοημιίνωσι,
503 1308 593 1359 τοῦτον
606 1301 696 1380 ἀρχιιν
707 1306 753 1373 τῆς
764 1301 895 1369 ἀποικίας.

64 1402 88 1438 ¹0
116 1387 222 1453 Γένσυς
240 1388 263 1443 δ’
286 1386 393 1465 ὀρνίθιον
416 1388 470 1456 ίνδς
489 1395 585 1468 ἀμφοῖν
601 1388 736 1468 ὀφθέντος,
757 1394 771 1448 δ
795 1390 843 1465 μὲν
859 1395 895 1469 τῷ

113 1474 267 1552 πρότερος,
290 1474 345 1532 ὁδί
366 1477 404 1554 τῷ
422 1477 525 1541 πλείους
545 1477 605 1533 ίδεῖν
621 1477 785 1554 ἐκρατύνετο.
827 1480 896 1538 Συν·

113 1560 256 1636 ελάμὸανε
288 1561 310 1618 δ’
336 1563 422 1629 αὐτοῖς
445 1567 491 1633 τῆς
515 1564 670 1641 φιλονεικίας
699 1566 743 1622 καί
769 1564 799 1622 τὸ
834 1564 899 1624 ἀλλο

112 1650 231 1718 πλῆθος,
257 1639 320 1726 ἦρξέ
334 1671 361 1706 τι
377 1649 493 1725 πολέμου
513 1649 575 1727 δι’χα
591 1653 642 1707 τῶν
662 1653 798 1727 ἡγεμόνων
818 1653 897 1710 δειλι-

113 1735 196 1792 σθέν·
213 1737 258 1792 καὶ
273 1738 373 1812 γίνεται
386 1736 461 1815 μα’χη
476 1736 590 1815 καρτερά
607 1737 653 1795 καί
667 1738 743 1817 φόνος
760 1737 787 1806 ἐξ
802 1742 897 1817 ἀμφοῖν

62 1836 85 1872 ¹⁵
111 1824 213 1889 πολύς.
257 1823 305 1884 Ἐν
319 1823 404 1902 ταύτῃ
422 1825 486 1903 φασί
500 1848 566 1891 τινες
580 1830 612 1905 τῇ
627 1827 701 1903 μοίχῃ
720 1827 763 1884 τὸν
778 1827 896 1884 Φαιστύ·

110 1915 181 1988 λον,
212 1911 240 1978 δς
262 1910 416 1992 ίξεθρέφατο
439 1912 675 1989 τοὺςμεανίσκους,
698 1915 820 1972 διαλῦσαι
844 1913 892 1986 τὴν

111 2001 170 2079 ἶριν
191 2004 245 2059 τῶν
271 2000 390 2079 ἀδελφῶν
415 2000 582 2078 βουλόμενον,
600 2003 634 2067 ῶς
655 2001 727 2059 οὐδὲν
752 1991 805 2069 οίός
823 2004 848 2058 τ’
865 1994 895 2073 ἦν

111 2088 232 2158 ἀνύσαι,
258 2088 294 2153 είς
316 2089 411 2163 μέσους
432 2086 560 2147 ὤσασθαι,
574 2085 633 2154 τοὺς
648 2088 813 2168 μαχομένους
837 2091 895 2148 ἀνο·

110 2176 198 2247 πλον,
215 2175 327 2234 θανοίτου
346 2180 393 2233 τοῦ
410 2176 536 2254 ταχίστου
551 2177 638 2255 τυχεῖν
664 2177 894 2253 προθυμούμενον,

60 2272 85 2308 ³⁰
111 2260 184 2340 ὅπερ
197 2262 310 2340 ἐγένετο.
354 2263 475 2329 Τινίςδί
503 2262 548 2320 καί
563 2264 606 2320 τὸν
622 2261 714 2322 λέοντα
731 2263 776 2321 τὸν
790 2264 894 2336 λίθινον,

111 2350 141 2415 ὃς
163 2350 253 2409 έαειτο
266 2354 313 2420 τῆς
328 2352 424 2430 ἀγορᾶς
437 2355 484 2421 τῆς
505 2354 557 2408 τῶν
576 2349 719 2427 Ῥωμαίων
739 2354 765 2409 ἐν
782 2354 819 2431 τῷ
835 2375 895 2429 κρα·

110 2438 201 2516 τίστῳ
219 2438 333 2519 [χωρίῳ]
350 2437 423 2516 παρδι
442 2443 496 2505 τοῖς
511 2438 650 2513 έμθολοις,
667 2438 709 2497 ἐπί
732 2441 770 2519 τῷ
790 2439 894 2514 σώματι

111 2532 161 2585 τοῦ
189 2525 347 2586 Φαιστύλου
361 2526 468 2597 τεθῆναί
486 2550 581 2606 φασιν,
601 2526 653 2584 ἔνθ’
668 2526 758 2585 ἔπεσεν
778 2528 828 2586 ὑπὸ
842 2530 892 2585 τῶν

112 2612 247 2693 εὔρόντων
270 2615 405 2693 ταφέντος.
449 2612 632 2679 Ἀποθανόντος
665 2615 686 2672 δ’
709 2617 735 2673 ἐν
759 2619 791 2692 τῇ
819 2617 892 2694 μοίχη

60 2713 84 2750 ²⁵
112 2707 163 2758 τοῦ
180 2700 306 2776 Ῥώμου,
319 2701 395 2771 νίκην
408 2700 567 2772 οίκτίστηνθ
586 2699 724 2778 Ῥωμύλος
736 2702 791 2760 ἀπό
803 2725 832 2760 τε
848 2709 892 2760 τοῦ

114 2791 232 2868 ἀδελφοῦ
257 2787 304 2846 καί
326 2789 463 2860 πολιτικῆς
493 2790 695 2859 ἀλληλοκτονίας
721 2789 892 2865 ἀνελόμενος,

112 2876 161 2934 τὸν
180 2874 229 2952 μίν
244 2875 350 2952 Ῥῶμον
363 2879 390 2935 ἐν
411 2880 444 2954 τῇ
464 2875 592 2956 Ῥεμορίᾳ
615 2877 722 2954 θοίπτει,
742 2877 834 2948 ίπειδὴ
848 2879 893 2936 καί

113 2968 170 3032 ζῶν
191 2969 241 3022 τοῦ
265 2964 362 3047 χωρίου
388 2967 435 3034 τῆς
463 2965 571 3029 κτίσεως
586 2965 748 3044 περιείχετο·
772 2966 847 3032 αὐτὸς
866 2965 893 3024 δέ

112 3050 174 3106 ὑπὸ
188 3049 275 3119 λύπης
287 3072 314 3108 τε
327 3048 371 3108 καί
389 3050 527 3126 μετανοίας
538 3054 590 3108 τῶν
612 3049 803 3129 πεπραγμένων
820 3075 891 3131 παρ·

61 3155 86 3194 ο)
117 3137 161 3202 εὶς
184 3135 277 3193 ίαυτὸν
292 3139 326 3203 τίς
347 3140 492 3215 ἀπόγνωσιν
513 3143 558 3196 τοῦ
575 3136 632 3215 βίου
658 3138 792 3216 τρέπεται.
835 3143 891 3211 Τῆς

114 3225 145 3281 δὲ
171 3223 383 3304 Δαυρεντίας,ἣ
406 3223 523 3300 νεογνοὺς
536 3223 721 3303 παραλαόοῢσ’
736 3224 891 3306 ἐξεθρέψατο

114 3312 162 3371 καί
184 3312 288 3393 μητρὸς
308 3314 357 3392 οθχ
374 3305 452 3384 ἧττον
478 3316 622 3386 ἠσπάζετο,
638 3313 759 3389 δεομένης
776 3315 821 3373 καί
835 3338 891 3372 πα-

117 3402 294 3479 ρηγορούσης,
318 3401 401 3480 ταύτη
417 3402 567 3478 πειθόμενος
596 3402 750 3460 ἀνίσταται·
775 3426 888 3480 συναγα·

115 3489 171 3566 γιλν
182 3491 210 3548 δί
224 3488 287 3556 τοίις
300 3490 438 3561 Λατίνους,
450 3488 505 3547 ὅσοι
513 3490 550 3566 μὴ
566 3491 633 3549 κατὰ
647 3490 694 3560 τὴν
708 3491 797 3570 μάχην
812 3495 888 3572 έφθιί·

65 3589 90 3628 ⁸⁵
118 3600 217 3655 φησιν,
231 3577 313 3658 θλίγῳ
326 3577 429 3644 πλείους
439 3576 517 3644 θντας
535 3578 686 3657 τρισχιλίων
699 3581 728 3636 ίκ
743 3580 811 3637 πάνυ
826 3585 889 3638 πολ·

116 3667 162 3722 λοῦ
180 3668 242 3724 κατ’
263 3666 347 3744 ἀρχάς
370 3663 508 3742 γενομένου
534 3666 662 3735 πλήθους,
681 3663 724 3723 ὅτε
752 3666 804 3737 τὴν,
816 3669 890 3725 ἀποι·

115 3752 175 3809 τίαν
189 3751 317 3825 ίστελλε,
329 3754 430 3822 πολίζει
454 3754 484 3811 τὸ
504 3753 680 3813 Παλλάντιον.
725 3751 758 3814 Ὁ
774 3758 823 3830 μέν
846 3745 889 3813 otio

114 3837 294 3906 πιθανώτατος
308 3842 360 3897 τῶν
383 3839 466 3916 λόγων
491 3840 616 3919 περὶτῆς
639 3838 745 3915 Ῥώμου
768 3843 890 3911 τελευτῆς

112 3917 188 3993 οὗτος
212 3918 280 3986 εἶναι’
298 3951 343 4004 μοι
366 3932 446 3987 δοκεῖ·
465 3928 580 4004 λεγέσθω
601 3929 623 3986 δ’
644 3929 715 4004 ὅμως
740 3928 785 3986 καί
805 3930 829 3987 εί
853 3953 890 3997 τις

65 4034 88 4071 ω
113 4013 208 4091 έτέρως
228 4014 297 4092 έχων
317 4015 497 4093 παραδίδοται.
541 4015 617 4077 Φασί
646 4014 677 4086 δή
698 4038 765 4080 τινες
785 4038 890 4093 συγχω-

113 4101 225 4180 ρήσαντ’
241 4105 317 4163 αὐτὸν
349 4106 386 4183 τῷ
405 4102 537 4183 Ῥωμύλῳ
562 4104 610 4175 τὴν
633 4103 786 4182 ἡγεμονίαν,
811 4105 890 4184 ἀχθύ·

112 4211 192 4263 μενον
213 4190 241 4248 ἀί
263 4190 308 4247 καὶ
329 4191 362 4248 δι’
378 4192 457 4270 ὀργῆς
474 4190 568 4270 ἔχοντα
588 4192 635 4263 τὴν
658 4192 779 4264 ἀπύτην,
799 4193 888 4264 ίπειδὴ

111 4278 313 4347 κατεσκευάσθη
326 4278 357 4336 τὸ
376 4288 474 4357 τεῖχος,
499 4281 613 4357 φλαῦρον
629 4278 808 4346 ἀποδείξαιτο
830 4279 888 4359 ίρυ-

111 4387 151 4438 μα
168 4366 341 4441 βουλόμενον,
355 4393 367 4417 ιι
387 4364 467 4425 ’λλλίι
483 4367 559 4424 τοῦτό
573 4369 597 4444 γ’
613 4368 727 4438 ιείιτεῖν,
737 4395 749 4419 ι
764 4369 793 4426 οὗ
809 4371 888 4445 χαλε-

61 4470 84 4507 εε
113 4477 124 4499 ι
134 4454 189 4516 πῶς
200 4453 231 4509 ἀν
244 4475 282 4518 τις
293 4455 354 4525 ύμῖν
362 4453 492 4532 δπερόαίη
503 4453 636 4526 πολέμιος,
645 4452 733 4513 ῶσπεο
744 4456 813 4514 ίνόιν
824 4474 832 4490 ·
844 4455 889 4512 καί

111 4538 207 4596 αθτίκει
221 4538 408 4617 ὑπεραλέσθαι.
425 4540 549 4616 Κελέριον
571 4541 598 4597 δέ
614 4564 670 4598 τινα
689 4546 741 4600 τῶν
761 4544 887 4613 έπιθεθη-

110 4624 196 4683 κότων
207 4630 253 4683 τοῦ
267 4626 380 4704 τείχους,
390 4625 418 4693 δς
427 4618 459 4696 ἦν
473 4626 671 4698 έπιστάτηςτῶν
682 4626 775 4706 ἔργων,
791 4628 887 4689 «Ἇλλδι

111 4738 124 4761 ·
139 4713 230 4772 τοῦτόν
252 4736 283 4790 γε
304 4714 349 4772 τὸν
362 4715 486 4789 πολέμιον
505 4716 535 4773 οὗ
556 4717 679 4793 χαλεπῶς
700 4716 731 4774 ἄν
751 4739 789 4781 τις
811 4720 888 4793 ἡμῶν

111 4828 123 4853 ι
138 4801 277 4878 ἀμύναιτο,
293 4828 305 4852 ι
321 4802 436 4873 εἰπόντα,
451 4802 548 4872 πλῆξαι
561 4806 599 4884 τῷ
622 4804 738 4883 σκαφείῳ
754 4804 822 4862 κατδι
842 4808 888 4874 τῆς

63 4892 84 4929 ⁵⁰
109 4893 242 4967 κεφαλῆς,
266 4889 312 4948 καὶ
336 4890 421 4947 αὐτίκ’
445 4892 606 4952 ἀποκτεῖναι.
624 4891 665 4951 Τὸ
688 4891 735 4967 μίν
762 4891 794 4962 δὴ
814 4894 887 4959 τέλος

108 4982 156 5049 τῆς
171 4978 290 5045 στάσεως
303 4982 356 5037 τῶν
370 4978 487 5057 ἀδελφῶν
501 4985 602 5037 τοιοῦτο
627 4980 656 5036 λέ
674 5002 732 5038 εται
751 4978 883 5057 γενέσθαι.

148 5063 441 5136 [ΧΧΧἽΙΙἜπιιδὴ
465 5066 488 5124 δ’
506 5066 577 5125 οὐδὲν
599 5067 634 5125 ἔτ’
656 5003 690 5140 λν
713 5066 833 5143 ἐμποδῶν
847 5071 885 5148 τῷ

110 5155 254 5229 κτίσματι,
273 5151 407 5231 προειπὼν
424 5157 439 5212 θ
454 5151 590 5229 Ῥωμύλος
607 5152 725 5232 ἡμέραν,
739 5156 765 5212 έν
788 5147 807 5230 ἧ
829 5152 887 5222 τοίις

109 5241 182 5309 θεοὺς
199 5241 364 5321 ἀρεσάμενος
375 5240 468 5318 έμιλλε
481 5241 528 5313 τὴν
544 5240 627 5321 ἀρχὴν
640 5245 693 5299 τῶν
713 5241 797 5322 ἔργων
814 5241 886 5314 ποιη-

985 893 1125 943 Llllllivll.
1137 891 1197 943 inde
1203 895 1326 946 contentlo
1336 898 1414 960 priore
1421 898 1499 949 maior
1508 903 1592 950 exorta
1599 904 1651 966 est,
1661 906 1729 953 utro-

954 998 1003 1048 que
1015 1000 1041 1036 se
1052 987 1201 1049 superiorem
1211 1001 1265 1039 eece
1276 990 1339 1040 τίοιεν
1351 992 1510 1057 capientc,ct
1528 996 1587 1059 quain
1600 996 1671 1047 alteri
1686 1012 1728 1048 ce·

954 1079 1023 1129 deret
1031 1083 1114 1143 aperte
1123 1083 1252 1136 abnuente.
1285 1086 1323 1135 lta
1337 1088 1401 1136 enim
1413 1090 1645 1151 argumentabantur
1655 1112 1663 1144 ι
1672 1107 1727 1147 esne

954 1175 1001 1226 eibi
1015 1177 1110 1228 dictum
1126 1179 1157 1229 ab
1178 1194 1225 1231 avo
1246 1181 1287 1232 cui
1303 1183 1377 1246 priori
1398 1186 1512 1237 meliores
1535 1202 1594 1239 uvea
1617 1190 1726 1240 addixis-

955 1278 1021 1335 sent,
1033 1289 1090 1326 eum
1110 1278 1161 1327 lore
1177 1277 1279 1328 colonien
1297 1279 1393 1330 ducem.
1425 1283 1474 1332 Sed
1496 1298 1552 1333 cum
1566 1285 1631 1335 idem
1644 1286 1727 1337 arium

953 1385 1029 1430 genus
1049 1373 1148 1435 utrique
1161 1374 1328 1438 apparuisset,
1341 1376 1382 1427 hic
1396 1379 1496 1439 quidem
1507 1381 1574 1443 quod
1587 1382 1652 1445 prior
1668 1397 1726 1435 aree

953 1468 1123 1528 observasset,
1142 1469 1184 1520 ille
1205 1484 1264 1520 vero
1283 1473 1455 1537 quodpiam,
1471 1490 1497 1525 se
1509 1477 1658 1542 superiorem
1671 1494 1726 1533 ease

952 1563 1058 1615 dicebat.
1091 1566 1159 1615 Hanc
1182 1580 1240 1617 vero
1253 1583 1338 1619 eorum
1360 1574 1538 1623 contentionem
1556 1575 1650 1640 reliqua
1662 1591 1725 1641 quo·

951 1676 1001 1726 que
1029 1663 1162 1715 multitudo
1179 1668 1297 1731 suscepit,
1322 1683 1378 1732 quaa
1403 1685 1452 1721 non
1474 1676 1614 1737 exspectato
1635 1676 1726 1729 ducum

952 1756 1054 1820 imperio
1072 1774 1141 1809 arma
1154 1775 1242 1825 capere
1263 1767 1288 1814 et
1306 1778 1414 1828 pugnare
1426 1769 1512 1832 οωμίίς
1534 1770 1634 1834 acrique
1646 1787 1726 1837 pugna

953 1850 1083 1900 commissa
1095 1864 1181 1915 niagno
1203 1853 1329 1905 hincinde
1345 1857 1425 1907 cedes
1446 1860 1511 1909 lacta
1533 1864 1579 1911 est.
1613 1866 1726 1917 Nonnulli

951 1946 1035 1993 autem
1048 1946 1130 2006 aiunt,
1152 1947 1178 1996 in
1191 1947 1239 1997 hoc
1251 1951 1335 2012 prelio
1351 1952 1510 2013 Faustulum,
1524 1957 1568 2017 qui
1588 1957 1727 2013 adulescen-

950 2036 988 2083 tes
999 2034 1160 2098 educaverat,
1175 2039 1278 2090 fratrum
1292 2042 1361 2092 litem
1380 2043 1497 2095 dirimere
1508 2049 1644 2109 volentem,
1665 2066 1724 2103 cnm

950 2126 1008 2176 ιιίίιίί
1023 2128 1137 2191 proficere
1158 2136 1255 2194 posset,
1268 2132 1385 2185 inormem
1398 2150 1425 2186 se
1439 2138 1464 2187 in
1484 2137 1592 2191 madiam
1613 2155 1725 2205 μιαίνειν-

950 2220 1011 2269 tium
1036 2221 1114 2270 aciem
1134 2222 1280 2285 coniecisse,
1308 2226 1397 2277 mortio
1426 2229 1559 2281 celerrimae
1587 2234 1724 2296 desiderio,

949 2312 1048 2374 votique
1061 2312 1100 2363 uui
1113 2319 1251 2378 compotem
1266 2318 1367 2369 lactum.
1401 2323 1515 2372 Nonnulli
1530 2324 1604 2374 ettam
1629 2328 1723 2378 leonem

948 2402 1086 2466 lapideum,
1100 2406 1142 2468 qui
1166 2410 1219 2456 erat
1233 2408 1258 2458 in
1279 2409 1385 2461 arraxime
1404 2414 1538 2478 consplcuo
1559 2416 1606 2465 lori
1624 2419 1724 2470 numani

949 2496 1001 2544 loco
1034 2495 1065 2545 ad
1093 2501 1189 2561 εοείεο,
1216 2502 1313 2565 corpori
1337 2505 1446 2555 Faustuli
1476 2507 1621 2570 impositum
1649 2508 1725 2561 luisse

947 2587 1024 2648 aiunt,
1039 2589 1082 2653 qui
1104 2590 1213 2653 sepultus
1232 2593 1304 2644 estin
1320 2608 1350 2646 eo
1362 2595 1415 2659 ipso
1431 2597 1486 2647 loco
1497 2600 1586 2662 inquo
1609 2599 1724 2652 inuentus

947 2680 1007 2729 erut
1056 2683 1126 2730 caeso
1145 2686 1229 2733 autem
1250 2687 1327 2736 ltemo
1353 2687 1378 2736 in
1401 2689 1442 2739 illa
1466 2703 1561 2753 pugna,
1589 2693 1722 2755 Romulus,

948 2781 1005 2818 curn
1023 2768 1149 2820 victoriam
1167 2773 1330 2824 miserrimam
1350 2774 1382 2825 dc
1396 2777 1472 2827 tratre
1494 2783 1519 2829 et
1531 2781 1623 2831 civium
1634 2788 1722 2835 mutua

948 2861 1016 2911 oaede
1027 2863 1176 2925 rettulisset,
1193 2867 1295 2916 Remum
1313 2867 1337 2916 in
1349 2869 1464 2919 Remuria
1473 2870 1595 2935 humavit,
1609 2875 1723 2936 ιγιιοοίιιειι

948 2952 1020 3002 vivus
1034 2968 1092 3004 eum
1104 2955 1185 3006 lacum
1200 2957 1253 3008 urbi
1272 2958 1405 3009 condendae
1417 2959 1559 3012 destinarat.
1594 2965 1648 3028 ipsc
1663 2979 1723 3016 vero

947 3058 997 3107 praa
1018 3058 1122 3095 maerore
1141 3050 1166 3096 et
1186 3048 1243 3098 iacti
1266 3050 1406 3113 punitentia
1424 3052 1535 3104 abiectus
1552 3055 1583 3106 de
1610 3058 1722 3108 manibus

947 3135 1045 3186 sibimet
1061 3136 1109 3200 ipsi
1125 3139 1256 3190 inserendis
1273 3143 1378 3205 cogitare
1399 3145 1484 3207 coepit.
1518 3147 1566 3196 Sed
1587 3161 1643 3198 cum
1655 3151 1720 3199 lau-

946 3227 1033 3290 rentia,
1053 3244 1108 3291 qnae
1132 3244 1175 3280 eos
1204 3245 1288 3283 recens
1316 3237 1386 3284 natos
1403 3249 1421 3285 a
1435 3239 1531 3288 marito
1550 3238 1626 3289 datos
1650 3254 1720 3293 accc·

946 3324 1016 3383 perat
1029 3324 1054 3371 et
1068 3321 1229 3385 educaverat,
1242 3330 1267 3374 ct
1279 3340 1327 3375 non
1341 3326 1422 3377 minus
1436 3342 1511 3392 quam
1523 3334 1603 3381 mater
1614 3334 1719 3394 amabat,

947 3417 1040 3477 rogaret
1055 3418 1080 3463 et
1103 3418 1272 3467 consolaretur
1293 3417 1448 3479 cumbulae
1467 3423 1582 3486 precibus
1597 3424 1718 3477 adductus

945 3508 1052 3557 surrexit
1066 3512 1109 3557 :et
1118 3511 1270 3571 congregatis
1284 3512 1388 3575 Latinis,
1399 3519 1522 3577 quotquot
1539 3517 1563 3565 in
1574 3520 1661 3581 proelio
1672 3533 1720 3569 nou

945 3597 1102 3658 occiderant,
1126 3601 1169 3662 qui
1186 3614 1217 3649 ea
1237 3601 1340 3663 pristino
1361 3601 1504 3655 colonorum
1528 3620 1630 3658 numero
1651 3609 1720 3673 longe

947 3690 1038 3738 maiore
1055 3691 1085 3739 ad
1100 3693 1171 3759 paulo
1191 3696 1272 3755 plures
1294 3709 1368 3757 qnam
1389 3697 1435 3746 tria
1453 3699 1577 3750 hmninum
1594 3703 1660 3752 mitia
1677 3716 1718 3752 re-

943 3782 1009 3831 dacti
1029 3788 1113 3847 orant,
1136 3784 1160 3833 iu
1183 3786 1275 3835 Palatio
1301 3788 1387 3839 urbem
1413 3791 1529 3840 condidit.
1563 3795 1622 3843 Haec
1645 3796 1719 3857 igitur

942 3876 973 3925 de
983 3875 1053 3925 ltemi
1075 3881 1153 3926 morte
1167 3877 1248 3941 opinio
1265 3879 1325 3929 mihi
1342 3883 1449 3931 maxime
1463 3883 1597 3945 pmbabitis
1611 3885 1717 3935 videtur.

943 3968 1046 4017 Dicatur
1058 3971 1140 4019 tamen
1152 3974 1178 4020 et
1192 3970 1282 4033 siquid
1295 3972 1393 4022 diverse
1405 3974 1436 4022 ab
1450 3973 1503 4023 aliis
1515 3974 1547 4024 de
1565 3976 1611 4024 hac
1623 3989 1649 4025 rc
1660 3990 1717 4040 pro-

943 4060 1021 4112 latum
1034 4067 1079 4113 eet.
1114 4063 1219 4122 Quidam
1233 4065 1297 4114 enim
1312 4065 1380 4115 aiunt
1392 4078 1449 4116 enm
1462 4068 1566 4118 Romulo
1578 4069 1609 4118 dc
1623 4071 1717 4133 princi-

942 4160 1002 4216 patu
1020 4157 1136 4215 cessisse,
1160 4158 1203 4207 sed
1221 4156 1310 4208 deinde
1333 4158 1484 4221 indignatum
1505 4165 1531 4210 et
1549 4161 1638 4212 iratum
1651 4165 1718 4227 quod

942 4248 999 4297 dolo
1014 4249 1195 4299 circumventus
1206 4254 1285 4309 earet,
1298 4249 1421 4301 monibus
1434 4252 1482 4304 iam
1502 4256 1645 4314 exstructis.
1659 4270 1716 4308 cum

942 4340 1016 4389 vellet
1030 4339 1198 4391 demonstrare
1219 4340 1286 4391 illam
1299 4342 1460 4393 munitionem
1478 4344 1599 4397 infirmam
1614 4352 1640 4396 ct
1658 4348 1715 4399 ina·

942 4446 997 4482 nem
1015 4446 1077 4493 esse,
1091 4432 1191 4494 dixisse,
1210 4452 1222 4477 ι
1239 4438 1272 4484 At
1282 4435 1365 4497 quiris
1386 4435 1465 4487 hostis
1481 4438 1553 4489 tacite
1564 4439 1626 4489 lianc
1639 4453 1715 4504 supe·

943 4548 955 4571 «
969 4523 1069 4582 raverit,
1092 4525 1121 4572 ut
1138 4536 1204 4572 nnuc
1218 4537 1263 4587 ego
1286 4545 1298 4568 ν
1319 4543 1325 4573 z
1345 4530 1371 4575 ct
1393 4528 1465 4578 annui
1486 4541 1542 4578 eam
1560 4528 1711 4579 transiliisee.

942 4616 1050 4665 Celerem
1075 4627 1134 4665 vero
1166 4616 1303 4679 quendam,
1329 4619 1373 4681 qui
1395 4634 1471 4683 supra
1502 4634 1587 4670 muros
1615 4621 1712 4677 stabat,

941 4709 1032 4771 quique
1054 4709 1122 4772 operi
1140 4709 1286 4771 propositus
1306 4716 1373 4771 enat,
1395 4712 1543 4773 subiecisse,
1558 4730 1570 4756 κ
1584 4714 1617 4761 at
1636 4712 1714 4762 istum

942 4823 954 4846 a
974 4803 1069 4852 hostem
1091 4803 1160 4853 lacile
1176 4806 1286 4854 nostrum
1305 4805 1386 4868 quivis
1409 4805 1514 4855 arcuerit
1535 4826 1564 4867 ν;
1586 4810 1659 4870 atque
1673 4817 1715 4856 cu·

941 4894 990 4957 pite
1005 4895 1059 4944 eius
1077 4898 1156 4947 rastro
1170 4908 1288 4957 percusso
1309 4909 1365 4944 eum
1385 4895 1541 4948 interfecisse.
1573 4897 1619 4946 Hic
1640 4896 1715 4961 igitur

940 4985 1040 5034 fraterni
1056 4984 1153 5035 discidii
1170 4985 1251 5035 caitus
1261 4986 1337 5034 tuisne
1349 4986 1433 5035 lemur.

970 5074 1116 5122 cxxxvlii.
1133 5075 1258 5133 ceterum,
1269 5086 1325 5121 cnm
1337 5073 1385 5122 iam
1400 5072 1458 5123 ιιίίιίί
1474 5077 1541 5124 εεοοῑ
1555 5076 1620 5138 quod
1631 5077 1712 5128 modi·

940 5161 1030 5211 tionem
1045 5160 1180 5223 impediret,
1197 5161 1315 5210 liomulue
1328 5159 1420 5210 indicta
1431 5161 1480 5219 die,
1493 5175 1541 5225 qua
1554 5164 1600 5214 diis
1610 5166 1711 5228 placatio

939 5263 1000 5314 cpuo
1020 5249 1191 5314 auspicaturus
1203 5253 1268 5309 erat,
1287 5248 1479 5313 praeparatisque
1505 5251 1578 5301 τοίνυν
1598 5252 1713 5302 omnibus

1581 5353 1608 5399 ⁵.
