4088 5936
245 446 303 507 236

765 445 935 506 DiONYSii
960 444 1352 506 Haereann'assuttsts

245 581 378 653 Μιλησίου
388 580 515 651 διάνοιαν,
530 583 564 643 διε
572 580 662 656 ἔμοιγε
672 580 759 650 δοκεῖ,
769 580 966 656 μιμησάμενος·
977 578 1023 638 καί
1076 586 1165 638 Milesi
1176 584 1400 650 (utmihividetur)
1411 586 1540 637 ουιιεῖίῖυιιι
1555 586 1734 652 εοεεειιιρῖιιιιι
1745 591 1858 639 secutus.

244 667 296 748 γάρ
311 671 406 734 ἀκτῖνος
424 667 577 747 Περιάνδρῳ
597 666 660 727 ποτί
681 670 719 746 τῷ
742 668 885 746 Κορινθίων
905 668 1025 748 τυράννῳ
1075 677 1138 725 Nem
1155 674 1234 726 etiiie
1248 674 1309 724 oiim
1325 672 1460 724 Periandro
1480 673 1593 725 Corinthi
1616 677 1778 739 tyrannoper
1797 689 1856 726 nun·

246 755 430 834 πυνθανομένῳ
455 754 497 814 διά
517 760 562 814 τοῦ
582 753 744 835 πεμφθέντος
772 756 901 833 ἀγγελου,
916 759 972 822 πῶς
992 755 1024 815 ἀν
1076 763 1141 814 tium
1152 762 1184 814 ed
1198 761 1356 819 semissem.
1375 764 1403 812 ut
1417 761 1566 828 inteiiigeret
1578 774 1686 826 quanam
1705 763 1859 814 rationeim·

248 846 442 923 ἀγκρατέστατα
456 842 505 915 τλν
519 843 604 924 ἀρχήν
617 844 765 925 κατάσχοι,
781 845 858 924 λόγον
869 845 917 924 μὲν
931 847 1024 908 οὐδένα
1077 850 1173 916 perium
1193 849 1301 901 maxime
1321 849 1420 900 inuare
1434 853 1531 914 posset,
1545 849 1641 901 nubum
1653 864 1798 916 responsum
1812 851 1859 903 de·

206 947 219 984 υ
249 931 420 1000 ἀπέστειλεν,
445 932 595 991 ἀκολουθεῖν
623 930 651 990 δί
672 929 718 990 τδν
740 931 838 1002 ήκοντα
861 935 926 1015 παρ’
944 935 1024 993 aneon
1076 937 1208 1003 dit35equi
1222 952 1282 989 rero
1300 938 1386 990 iubens
1400 938 1527 999 nuntium,
1545 937 1615 990 duxit
1628 952 1687 991 eum
1701 953 1856 1004 pererrem

247 1019 385 1091 κελεύσας,
396 1010 445 1095 ἦγε
460 1020 493 1077 δι’
509 1017 622 1100 ἀρούρας
638 1017 810 1100 σιτοσπόρου,
826 1021 943 1091 καὶτοὺς
957 1025 1024 1085 bree-
1077 1027 1201 1078 frumento
1222 1027 1360 1085 consitum,
1381 1031 1407 1079 et
1427 1028 1508 1093 spiens
1525 1026 1698 1078 eminentiores
1719 1027 1860 1093 defringens

247 1110 369 1189 ρέγοντας
383 1110 434 1167 τῶν
456 1106 579 1187 σταχύων
601 1107 756 1190 ἀποθραύων
779 1109 896 1189 έρρίπτει
918 1110 1024 1190 χαμαί,
1076 1115 1148 1166 humi
1163 1114 1276 1180 proiecit,
1295 1113 1400 1165 innuens
1414 1117 1452 1165 sic
1464 1129 1524 1166 eum
1534 1115 1859 1191 spectabssirnns'qnosque

247 1195 431 1257 bebdomada
456 1197 496 1255 δεῖ
510 1199 563 1254 τῶν
587 1198 674 1255 ἀστῶν
696 1196 754 1263 τοὺς
768 1197 961 1276 δοκιμωτάτους
979 1223 1024 1260 κο·
1078 1203 1186 1254 civitatis
1202 1208 1317 1254 trimetro
1331 1207 1408 1267 tique
1431 1196 1587 1268 exstinguere
1602 1204 1702 1256 debere.
1736 1207 1860 1271 Gumigi·

247 1285 330 1344 λούειν
346 1286 436 1344 τεκαὶ
457 1285 623 1366 διαφθείρειν.
664 1286 706 1345 To
721 1286 908 1365 παραπλήσιον
930 1285 963 1359 δή
979 1288 1025 1348 καὶ
1076 1294 1119 1343 tur
1140 1296 1199 1343 tune
1218 1295 1245 1342 et
1266 1291 1320 1357 ipse
1336 1291 1485 1356 Tarquinius
1502 1292 1583 1343 simite
1604 1292 1722 1357 quiddam
1742 1294 1858 1359 iecisset,

195 1396 220 1434 ιυ
246 1378 292 1434 τοῦ
306 1372 456 1454 Ταρκυνίου
468 1374 527 1433 τότε
542 1372 717 1445 ποιήσαντος,
734 1372 819 1441 συνείς
839 1374 887 1444 τήν
909 1376 1024 1436 διάνοιαν
1078 1384 1168 1432 Sextus
1183 1383 1291 1431 mentem
1302 1380 1380 1445 patris
1391 1379 1542 1445 inteiiigens,
1555 1380 1623 1445 quod
1636 1381 1732 1432 iuberet
1747 1382 1859 1433 eminen-

247 1466 291 1522 τοῦ
316 1460 446 1540 πατρδςό
464 1459 578 1537 Σέξτος,
594 1460 635 1519 ότι
648 1458 748 1520 κελεύει
770 1461 829 1529 τὼς
850 1463 1025 1544 ὑπερέχοντας
1077 1469 1186 1521 tissimos
1200 1482 1313 1535 quemue
1326 1469 1358 1520 de
1371 1468 1473 1520 Gabinis
1491 1469 1559 1528 tetii,
1572 1469 1689 1535 poputum
1710 1469 1744 1521 ad
1758 1473 1859 1522 concio·

248 1550 300 1607 τῶν
315 1548 421 1612 Γαδίων
444 1552 575 1628 ἀναιρεῖν,
594 1551 766 1609 συνεκάλεσεν
781 1554 817 1618 είς
831 1551 973 1624 ἐκκλησίαν
994 1552 1026 1613 τδ
1077 1570 1135 1608 uem
1148 1556 1309 1615 conuocarit3
1325 1555 1367 1606 ubi
1379 1569 1437 1607 cum
1452 1556 1560 1608 muitum
1575 1557 1608 1608 de
1620 1571 1649 1608 se
1659 1571 1799 1610 sermonem
1815 1560 1860 1611 ira·

247 1637 361 1708 πλῆθοέ,
375 1637 421 1696 καὶ
438 1635 521 1698 πολύν
538 1636 603 1714 ὑπὲρ
623 1641 702 1696 αὑτοῦ
721 1638 797 1716 λόγον
810 1638 970 1716 διαθέμενος,
985 1637 1026 1700 ότι
1077 1644 1186 1707 buisset,
1198 1645 1266 1709 quod
1277 1658 1428 1709 quamquam
1440 1644 1465 1695 iu
1477 1644 1550 1695 tidem
1562 1658 1648 1698 eorum
1660 1660 1708 1697 uua
1719 1661 1777 1698 eum
1786 1648 1860 1699 sociis

248 1722 451 1806 καταπεφευγὼς
467 1728 504 1793 είς
518 1723 567 1797 τήν
587 1725 692 1785 ἀκτίνων
705 1727 793 1785 πίστιν
809 1729 866 1804 ἅμα
882 1729 935 1797 τοῖς
947 1728 1025 1788 ίταί-

1080 1736 1247 1800 σοιιῖυςὶεεεί,
1261 1735 1287 1788 in
1300 1736 1412 1802 periculo
1424 1741 1491 1788 esset
1504 1751 1536 1787 ue
1556 1752 1571 1788 a
1582 1736 1731 1801 quibusdam
1747 1753 1860 1804 compre·

196 1834 221 1873 re
248 1836 300 1893 ροις
314 1813 455 1874 κινδυνεύοι
469 1815 625 1896 συλληφθεὶς
639 1815 691 1874 tut
704 1839 780 1875 τινων
794 1822 832 1895 τῷ
845 1816 926 1896 πατρὶ
938 1841 1026 1896 παρα·
1078 1820 1170 1874 bensus
1182 1823 1245 1887 patri
1254 1821 1394 1884 dederetur,
1405 1826 1568 1889 paratuserst
1580 1822 1612 1874 ad
1622 1822 1802 1887 deponendum
1811 1825 1859 1875 im·

248 1905 367 1976 δοθῆναι,
379 1901 427 1975 τήν
440 1906 464 1962 τ’
481 1903 566 1983 ἀρχήν
582 1903 686 1982 έτοιμος
701 1895 733 1977 ἦν
745 1906 888 1965 ἀποθέσθαι
902 1908 947 1967 καὶ
962 1907 1026 1984 πρὶν

247 1993 265 2063 ή
284 1993 376 2052 παθεῖν
390 2015 415 2050 τι
429 1992 512 2051 δεινὸν
531 1991 654 2074 ἀπαίρειν
670 1996 760 2065 ἀκτῆς
773 1993 890 2067 πόλεως,
904 1995 1026 2074 δακρύων

248 2081 304 2159 ἅμα
322 2081 367 2140 καί
381 2079 430 2152 τὴν
448 2084 542 2140 ἑαυτοῦ
561 2084 645 2161 τύχην
667 2081 920 2164 κατολοφυρόμενος,
935 2083 1025 2165 ὥσπερ

247 2172 270 2228 οἱ
291 2171 349 2229 κατ’
367 2170 490 2241 ἀλήθειαν
507 2170 572 2248 ὑπὲρ
585 2172 633 2240 τῆς
653 2171 740 2251 ψυχῆς
755 2174 925 2248 ἀγωνιῶντες.

193 2274 223 2311 ευ
287 2258 379 2318 Lvti.
403 2254 592 2337 Ἠρεθισμένου
626 2254 655 2317 δέ
679 2265 724 2318 roi
748 2258 863 2329 πλήθους
886 2259 932 2319 καὶ
958 2260 1026 2337 μετὰ

247 2349 347 2415 πολλῆς
356 2345 503 2426 προθυμίας
514 2343 720 2422 πυνθανομένου,
731 2345 797 2413 τίνες
807 2348 872 2407 εἰσίν
882 2352 906 2408 οἱ
915 2348 1027 2425 μέλλον·

247 2456 289 2500 τες
303 2433 379 2493 αύτδν
395 2433 561 2514 προδιδόναι,
574 2431 618 2491 τόν
631 2432 839 2514 ἐπιφανέστατον
853 2438 904 2494 τῶν
920 2436 1026 2498 Γοιόίων

249 2520 388 2582 Ἀντίστιον
404 2521 529 2603 Πέτρωνα
543 2521 690 2598 ὠνόμασεν,
705 2520 732 2588 δς
747 2524 774 2580 έν
792 2522 881 2603 εἰρήνῃ
896 2548 924 2584 τε
939 2527 1026 2586 πολλὰ

247 2610 292 2670 καί
308 2612 438 2671 σπουδαῖα
460 2611 681 2687 πολιτευσάμενος
694 2610 740 2670 καὶ
757 2611 917 2691 στρατηγίας
926 2616 1027 2684 πολλάς

193 2718 221 2755 ns
246 2698 388 2766 τετελεκὼς
399 2697 603 2778 έπιφανέστατος
615 2698 739 2758 ἁπάντων
750 2699 873 2777 ἐγεγόνει.
918 2700 1026 2762 Ἀπολο.

247 2785 407 2865 γουμίνουδί
414 2790 459 2845 τοῦ
466 2784 607 2864 ἀνδρδςκαί
615 2786 693 2846 διάτδ
699 2789 781 2864 μηδὲν
789 2791 874 2870 ἑαυτῷ
882 2788 1026 2852 συνειδέναι

247 2884 335 2934 πᾶσαν
346 2874 461 2942 ἐξέτασιν
474 2874 656 2951 ὑπομένοντος,
673 2876 723 2957 ἔφη
736 2876 931 2955 βούλεσθαιτλν
941 2879 1026 2940 οίκίοιν

249 2965 326 3022 αύτοδ
345 2963 508 3043 διερευνῆσαι
523 2961 630 3044 πέμψας
649 2966 770 3044 ἑτέρους,
787 2966 864 3035 αὐτὸς
878 2969 901 3027 δ’
916 2968 960 3029 ίπί
980 2973 1027 3042 τῆς

249 3053 392 3123 ίκκλησίας
413 3051 459 3111 σὺν
484 3052 575 3131 ἐκείνῳ
589 3051 639 3119 ἕως
652 3050 685 3110 δν
709 3056 733 3111 ni
755 3055 916 3134 πεμφθέντες
932 3058 1026 3118 ἷλθωσι

192 3160 222 3209 n'n
249 3141 345 3217 μένειν.
390 3138 491 3219 Ἔτυχε
507 3140 718 3220 δέδιεφθαρκὼς
732 3144 812 3201 αὐτοῦ
826 3147 878 3202 τῶν
902 3147 1027 3226 θεραπόν·

192 3594 218 3632 35

248 3253 301 3288 των
313 3228 386 3297 τινάς
401 3228 534 3311 ἀργυρίῳ,
545 3228 592 3297 τδις
605 3228 650 3288 ι’πλ
659 3229 703 3290 τὸν
712 3229 818 3310 ὄλεθρον
829 3237 876 3291 τοῦ
891 3234 1027 3315 Πέτρωνος

249 3317 509 3386 κατασκευασθείσας
532 3317 671 3383 έπιστολάς
694 3320 899 3397 σεσημασμένας
925 3326 960 3399 τῇ
981 3329 1027 3383 τοῦ

247 3406 345 3487 πατρὸς
360 3408 487 3489 σφραγῖδι
499 3407 629 3473 λαόόντας
649 3406 721 3466 ένδον
737 3408 891 3471 ἀποθέσθαι.
934 3410 985 3478 Ὧς
999 3415 1027 3472 δὲ

247 3497 271 3554 σί
283 3493 443 3574 πεμφθέντες
458 3495 501 3556 ἐπὶ
513 3496 561 3568 τὴν
579 3495 702 3576 ίρευναν·
719 3495 793 3555 οὐδὲν
808 3497 859 3575 γάρ
878 3502 998 3559 ἀντεῖπεν
1013 3508 1027 3563 δ

247 3584 374 3663 Πέτρων,
404 3583 462 3642 ἀλλ’
485 3586 566 3666 ἐφῆκε
590 3583 638 3658 τήν
660 3586 745 3645 οἰκίαν
765 3588 889 3667 έρευνάν·
912 3590 1028 3668 εὑρόντες

246 3674 299 3734 ἔνθ’
317 3665 349 3748 ήν
372 3674 594 3755 ἀποκεκρυμμένα
605 3674 639 3734 τά
662 3676 827 3756 γράμματα,
842 3684 966 3759 παρῆσαν
991 3687 1027 3748 εἰς

214 3760 218 3765 ”
245 3764 293 3834 τήν
306 3762 466 3836 ἐκκλησίαν,
488 3764 571 3830 ἀλλος
584 3787 613 3823 τε
628 3765 728 3833 πολλδις
751 3767 872 3847 φέροντες
888 3770 1028 3838 ίπιστολδις

248 3850 515 3929 ἐπισεσημασμένας,
534 3850 580 3909 καὶ
593 3850 642 3923 τὴν
659 3853 723 3933 πρὸς
735 3854 779 3914 τόν
795 3854 936 3915 Ἀντίστιον
957 3882 1028 3934 γρα-

247 3941 356 4020 φεῖσαν,
371 3938 555 4020 ἐπιγινώσκειν
566 3939 652 4021 φήσας
665 3942 714 4014 τήν
728 3944 861 4023 σφραγῖδα
872 3950 918 4004 τοῦ
930 3947 1028 4024 πατρὸς

248 4117 444 4193 ἀναγινώσκειν.
486 4118 653 4200 Ἐγέγραπτο
688 4121 711 4179 δ’
739 4124 766 4180 έν
791 4122 875 4201 αὐτῇ,
910 4123 1028 4198 μάλιστα

249 4203 296 4280 μὲν
308 4207 394 4273 ζῶντα
412 4208 578 4287 παραδοῦναι
591 4208 635 4268 τδν
649 4208 704 4269 υίδν
722 4212 793 4290 αὐτῷ
809 4210 855 4270 καὶ
874 4213 1029 4288 κομίζεσθαι

247 4291 305 4360 τοδς
327 4292 571 4371 διωμολογημένους
591 4296 714 4381 μισθφύς,
735 4299 780 4357 tto
808 4299 836 4358 δὲ
856 4300 983 4360 ἀδύνατον
1010 4292 1029 4381 ᾖ

248 4387 340 4454 τοῦτο,
364 4382 413 4454 τήν
440 4385 557 4464 κεφαλήν
583 4387 750 4463 ἀποτεμόντα
774 4388 889 4469 πέμψαι.
934 4391 1028 4450 Ταῦτα

193 4499 218 4540 ,ε
248 4471 276 4529 δὲ
300 4470 440 4545 ποιήσαντι
460 4474 533 4552 αύτῷ
556 4495 585 4531 τε
614 4474 733 4544 καὶτοῖς
757 4476 961 4556 συλλαόομίνσις
983 4487 1029 4539 τοῦ

248 4561 340 4639 ἔργου,
367 4559 448 4643 χωρίς
469 4564 523 4620 τῶν
561 4560 649 4623 σίλλων
673 4569 788 4639 μισθῶν,
818 4562 863 4631 οδς
901 4566 1027 4645 πρότερον

247 4650 396 4730 ύπίσχητο,
412 4649 547 4710 πολιτείαν
562 4673 590 4708 τε
613 4650 662 4723 τὴν
688 4654 715 4711 έν
729 4652 824 4731 Ῥιίιμῃ
847 4652 939 4711 δυἰσιιν
961 4652 1026 4734 ἔφη,

247 4736 293 4796 καί
303 4742 338 4806 είς
349 4739 394 4799 τὸν
405 4743 457 4799 τῶν
464 4740 610 4821 πατρικίων
623 4743 733 4819 ἀριθμὸν
743 4740 862 4810 ἅπαντας
875 4742 1027 4824 ίγγράψειν,

247 4827 331 4896 οίκίας
342 4851 370 4888 τε
383 4831 428 4888 καὶ
437 4829 550 4910 κλήρους
564 4829 610 4891 καί
626 4831 815 4913 ἀλλαςιδωρεδις
829 4831 929 4899 πολλάς
938 4831 1028 4905 ἔπιθή·

189 4943 223 4983 ,αα
249 4938 303 4973 σειν
324 4916 370 4976 καί
393 4920 522 4997 μεγάλας.
565 4917 627 5002 Ἐφ’
644 4911 683 4989 οἷς
700 4920 871 4999 ἐρεθισθέντες
888 4922 913 4980 οἱ
933 4919 1028 4983 Γάόιοι

249 5002 293 5062 τὸν
320 5005 367 5079 μίν
389 5005 531 5067 ’λντίστιον
559 5009 747 5089 έκπεπληγότα
762 5009 861 5092 ίπὶτῇ
887 5010 1029 5094 παραδόξῳ

250 5101 374 5174 συμφορᾷ
389 5096 432 5152 καλ
446 5097 505 5155 οὐδὲ
523 5097 612 5180 φωνήν
631 5097 683 5157 ύπδ
696 5104 744 5159 τοδ
759 5103 842 5158 κακοῦ
859 5097 935 5181 ῥῆξαι
947 5101 1026 5167 δυνά-

251 5203 328 5257 μενον
340 5182 521 5245 ἀποκτείνουσι
535 5186 675 5266 βάλλοντες
688 5184 779 5252 λίθοις·
793 5185 842 5255 τήν
855 5187 884 5245 δί
895 5188 964 5248 aava
977 5191 1028 5247 τῶν

251 5269 338 5328 ἄλλων
352 5267 460 5341 ζήτησίν
480 5293 509 5328 τε
529 5271 575 5329 καὶ
599 5271 729 5351 τιμωρίαν
743 5275 795 5331 τῶν
808 5271 892 5330 tabet
912 5277 951 5352 τῷ
974 5274 1027 5333 Πέ·

1080 1910 1191 1975 perium
1205 1914 1231 1961 et
1239 1913 1371 1975 antequam
1380 1910 1479 1976 gramm
1490 1910 1584 1975 aliquid
1592 1911 1747 1974 experiretur
1755 1925 1787 1963 ex
1797 1911 1860 1963 urbe

1080 1997 1208 2050 discedere
1224 2000 1318 2061 votuit3
1339 1998 1471 2050 incrimine
1483 1999 1607 2063 simulque
1618 2001 1711 2050 sortem
1731 2014 1804 2050 suam
1815 2000 1862 2050 de·

1080 2086 1196 2150 ptorans,
1210 2086 1284 2150 quasi
1293 2100 1351 2138 rere
1365 2087 1391 2137 in
1408 2091 1521 2138 extremo
1534 2086 1624 2151 capitis
1637 2086 1745 2151 perieuio
1760 2100 1862 2138 remens

1081 2173 1157 2225 animi
1169 2174 1295 2226 maistate
1306 2179 1468 2239 premeretur.

1113 2274 1191 2323 Lvii.
1208 2273 1304 2338 Popuio
1316 2276 1399 2323 anatem
1422 2273 1580 2324 reiaementer
1601 2273 1714 2336 irritato,
1727 2277 1862 2324 etsumroo
1927 2322 1931 2327 .

1079 2371 1163 2423 studio
1172 2373 1312 2424 εοῖιοῖιιιιθε
1319 2373 1419 2437 quinam
1428 2378 1512 2425 essent
1522 2376 1567 2438 qui
1582 2386 1639 2424 eum
1650 2373 1754 2437 prodere
1764 2372 1864 2435 retient,

1080 2469 1274 2522 illustrissimum
1293 2471 1403 2521 omnium
1418 2469 1569 2522 Gabinorum
1582 2470 1716 2522 Antistium
1731 2474 1859 2521 petronem

1080 2570 1226 2629 nominarit;
1240 2570 1294 2638 qui,
1306 2571 1374 2635 qood
1390 2575 1416 2622 et
1426 2570 1494 2635 pacis
1505 2576 1615 2637 tempore
1627 2571 1719 2622 muitus
1730 2574 1756 2622 et
1767 2571 1863 2635 precia·

1080 2682 1122 2719 ras
1133 2681 1172 2720 res
1184 2668 1313 2733 gessisset,
1329 2672 1357 2720 et
1377 2670 1468 2734 saepius
1478 2668 1633 2734 imperatoris
1651 2680 1753 2718 munere
1766 2667 1865 2717 iunctus

1081 2769 1158 2827 esset,
1179 2767 1290 2818 claritate
1298 2767 1396 2819 cunetis
1403 2767 1519 2819 anteibat.
1553 2766 1597 2819 iiio
1608 2769 1693 2818 autem
1705 2780 1732 2817 se
1746 2770 1864 2831 purgante

1081 2867 1120 2926 et,
1138 2866 1205 2929 quod
1224 2865 1317 2917 nuiiius
1344 2866 1444 2917 socieris
1464 2867 1512 2916 sibi
1530 2869 1598 2917 esset
1613 2867 1743 2928 ennesius,
1763 2880 1861 2917 omnem

1081 2960 1264 3026 inquisitionem
1293 2961 1458 3021 admittente,
1481 2960 1607 3026 respondit
1636 2964 1730 3014 senisu
1756 2974 1783 3012 se
1804 2963 1867 3035 reite

1082 3061 1165 3112 missis
1181 3061 1267 3112 amicis
1288 3062 1390 3113 domum
1411 3062 1465 3112 eius
1484 3059 1648 3126 perscrutari,
1666 3063 1742 3125 atque
1764 3061 1863 3112 inierim

1083 3172 1140 3209 cum
1151 3172 1183 3210 eo
1196 3160 1221 3209 in
1234 3159 1350 3210 concione
1363 3172 1478 3216 manere.
1490 3157 1569 3209 donec
1581 3159 1652 3209 missi
1660 3157 1775 3209 redirent.
1811 3160 1862 3208 iam

1082 3259 1164 3307 autern
1182 3236 1302 3319 quosdam
1324 3257 1378 3306 eius
1393 3269 1478 3306 servos
1491 3255 1595 3320 pecunia
1613 3259 1772 3320 corruperat,
1788 3240 1816 3305 ut
1831 3257 1861 3304 ῖι-

1082 3358 1146 3405 teras
1158 3392 1166 3418 ,
1177 3354 1201 3404 in
1211 3354 1345 3419 perniciem
1363 3353 1475 3405 Petronis
1486 3356 1596 3418 paratus,
1612 3352 1688 3419 patris
1701 3328 1781 3423 sigiiio
1792 3351 1861 3403 obsi·

1081 3456 1167 3516 gnatas
1178 3451 1247 3502 domi
1262 3452 1424 3502 occultarent.
1456 3452 1504 3501 Uiri
1515 3465 1573 3502 νοιο
1586 3450 1628 3515 qui
1648 3451 1679 3502 ad
1700 3449 1861 3501 scrutandum

1081 3548 1149 3598 missi
1163 3548 1261 3598 inerant
1280 3552 1374 3610 (neque
1395 3547 1461 3597 enim
1486 3549 1558 3597 i‘etro
1573 3545 1718 3597 adversatus
1742 3549 1795 3605 est,
1818 3543 1861 3595 sed

1081 3638 1191 3701 pennisit
1205 3641 1233 3687 ut
1252 3638 1320 3686 mdes
1340 3649 1399 3686 suus
1412 3635 1599 3698 scrutarentur)
1612 3634 1717 3699 repertis
1741 3633 1817 3684 iiteris
1838 3635 1862 3683 in

1084 3735 1138 3784 ioco
1154 3735 1195 3783 ubi
1208 3734 1341 3785 reconditae
1356 3735 1469 3794 inerant,
1480 3733 1512 3783 ad
1531 3733 1671 3784 concionem
1685 3733 1778 3784 reversi
1794 3736 1862 3793 suoi,

1081 3845 1137 3879 eum
1154 3829 1245 3880 inuitas
1267 3830 1328 3881 aiins
1343 3831 1460 3896 epistoius
1480 3830 1624 3893 obsignatas
1640 3830 1786 3891 onerantes,
1807 3833 1861 3879 tum

1082 3937 1136 3973 earn
1149 3937 1206 3987 quas
1222 3922 1254 3973 ad
1266 3925 1398 3975 Antistium
1410 3924 1503 3989 scriptu
1518 3927 1612 3982 tuerat,
1626 3925 1717 3973 Serius
1731 3935 1820 3974 seeum
1829 3936 1862 3974 ex

141 4094 143 4099 .
194 4044 221 4089 ῳ
248 4031 262 4085 ὁ
287 4027 381 4097 Σέξτος
406 4029 499 4103 ἔλυσε,
521 4029 568 4089 καὶ
590 4033 629 4111 τῷ
643 4039 798 4110 γραμμαρ
811 4033 869 4099 ηὼς
891 4032 1028 4093 ρχρλωσρ,
1082 4021 1159 4086 patris
1175 4022 1254 4088 sigilio
1269 4036 1417 4088 cognoscere
1435 4023 1555 4081 atterens,
1576 4036 1629 4070 narn
1648 4022 1779 4085 apsemitet
1798 4021 1862 4071 seri·

1084 4118 1122 4168 bna
1136 4118 1252 4171 traditam
1262 4121 1360 4171 recitari
1373 4121 1453 4170 iussit.
1489 4123 1516 4169 in
1527 4133 1557 4170 ea
1570 4126 1652 4169 autem
1664 4119 1783 4184 scriptum
1797 4125 1860 4181 erat,

1082 4221 1112 4265 ut
1123 4217 1248 4282 praecipue
1263 4218 1348 4269 risum
1365 4221 1442 4270 titium
1454 4218 1502 4270 sibi
1516 4217 1620 4270 dederet
1638 4221 1665 4271 et
1683 4221 1784 4283 premia
1801 4235 1862 4286 prn-

1082 4317 1157 4367 missa
1177 4317 1267 4378 terret;
1281 4319 1304 4368 si
1322 4334 1382 4370 vern
1400 4320 1448 4370 iane
1467 4325 1587 4384 prestare
1606 4334 1654 4371 non
1671 4326 1770 4386 posset,
1786 4327 1862 4389 caput

1081 4414 1135 4463 eius
1150 4417 1304 4477 amputatum
1324 4414 1396 4467 adse
1409 4416 1519 4467 mitteret
1535 4434 1541 4465 ι
1558 4430 1615 4480 ηοω
1626 4416 1647 4466 si
1657 4420 1683 4467 et
1695 4417 1747 4482 ipse
1763 4422 1789 4470 et
1802 4420 1862 4471 socii

1082 4513 1245 4575 peregissent,
1260 4513 1409 4577 praeterrita
1422 4515 1523 4578 premia
1533 4553 1539 4575 ‚
1550 4528 1607 4578 qum
1618 4514 1669 4565 iiiis
1682 4519 1756 4567 nnten
1767 4517 1862 4581 promi-

1082 4610 1159 4665 serat.
1175 4620 1203 4659 se
1215 4608 1269 4659 itios
1290 4611 1392 4662 civitate
1405 4613 1514 4662 Romana
1530 4613 1689 4673 donaturum,
1702 4619 1727 4663 et
1741 4627 1828 4664 omnes
1838 4615 1864 4664 iu

1082 4704 1213 4769 patricium
1227 4707 1340 4757 ordinem
1359 4707 1558 4770 adscripturum,
1572 4712 1598 4759 et
1612 4707 1700 4759 domos
1717 4712 1743 4759 et
1755 4723 1827 4775 agros
1838 4715 1864 4760 et

1081 4801 1129 4852 otia
1158 4802 1235 4853 muita
1266 4816 1402 4868 magnaque
1426 4804 1490 4853 dona
1522 4802 1664 4855 additurum
1691 4805 1862 4870 pniiicebatur.

1082 4900 1179 4960 Quibus
1191 4903 1267 4954 rebus
1289 4902 1377 4955 irritati
1400 4902 1490 4955 Gabini
1509 4903 1643 4955 Antistium
1664 4905 1789 4970 inopinato
1802 4921 1862 4958 casu

1081 5000 1227 5061 attonitum,
1247 5004 1273 5051 et
1292 5014 1343 5065 prro
1364 5000 1449 5052 dolore
1470 5014 1502 5053 ne
1523 5014 1610 5053 rocem
1629 5001 1728 5066 quidem
1747 5004 1862 5056 emittere

1081 5096 1218 5161 valentem,
1239 5098 1361 5163 iapidibus
1385 5097 1505 5151 obrutum
1526 5098 1702 5152 interfecerunt
1723 5121 1731 5153 ε
1755 5102 1781 5153 in
1800 5102 1862 5154 alins
1908 5070 1916 5085 ⁸

1081 5207 1142 5245 reno
1162 5195 1272 5246 eiusdem
1290 5196 1386 5246 consiiii
1406 5197 1486 5247 socios
1509 5196 1693 5262 inqulsitinnem
1711 5202 1736 5252 et
1753 5199 1864 5251 animad-

1081 5289 1219 5341 versionem
1245 5292 1320 5341 serto
1346 5290 1520 5354 permiserunt.
1555 5291 1598 5343 lite
1616 5305 1676 5344 ιιιο
1701 5292 1754 5344 suis
1775 5291 1864 5343 amida
