4048 5924
608 406 903 482 Aniieuiunruni
925 408 1073 474 Rumon.
1098 412 1169 474 ΗΒ.
1189 414 1267 477 viii.

128 560 142 587 n
161 530 276 598 ὑπάτους
290 531 336 592 καί
351 531 386 589 δι’
401 526 559 610 ἀπορρήτων
581 531 679 603 εἰπεῖν,
695 530 737 590 ότι
763 531 903 609 μέλλουσιν

128 651 141 678 a
159 621 321 682 ἀπιτίθεσθαι
341 619 463 700 τῆπολει
476 620 637 680 Οὐολοῦσκοι
656 621 775 698 νύκτωρ,
792 621 836 680 καί
859 623 903 684 ίπί

127 740 148 769 ι,
159 718 235 772 τοῦτο
253 709 348 782 ἥκουσι
368 708 399 768 τό
423 705 499 789 ἔργον
514 706 613 787 ἀθρόοι.
658 697 698 766 Εὐ
720 705 772 788 γδρ
788 711 861 785 ἴσθι,
879 713 902 769 εί

127 824 139 847 υ
157 803 235 857 τοῦτο
250 794 480 861 ἀκούσειαν,οὐδίν
495 793 534 853 ίτι
548 792 727 861 ἐνδοιάσαντες
748 795 903 857 ίκόαλοὺσεν

127 912 139 937 ι
158 888 227 959 ὑμᾶς
249 886 279 943 lx
298 888 346 957 τῆς
377 882 495 961 πόλεως,
530 880 575 941 καί
599 879 755 962 παρέξουσιν
780 885 903 967 ἀφορμὴν

128 1000 140 1026 a
157 973 262 1040 δικαίας
278 974 393 1054 ὀργῆς.»

167 1064 218 1123 iii.
240 1060 291 1129 Ὣς
309 1061 331 1121 δ’
344 1059 442 1133 ήκουσε
462 1063 546 1118 ταῦτα
564 1060 579 1116 θ
598 1056 716 1132 Τύλλος,
732 1061 904 1140 ὑπερηγάσθη

125 1174 154 1210 τε
169 1151 214 1210 καί
225 1149 269 1210 τὸν
282 1149 401 1231 παρόντα
413 1147 504 1229 καιρόν
518 1151 566 1221 τῆς
585 1146 724 1228 στρατείας
738 1149 904 1230 ἀναύαλόμε·

124 1263 166 1309 νος
180 1239 240 1321 περὶ
259 1240 307 1313 τήν
318 1236 489 1319 παρασκευήν
506 1235 606 1315 ἐγίνετο
617 1240 663 1294 τοὺ
677 1238 805 1314 πολέμου.
823 1238 900 1301 Ἐπεί

73 1356 98 1392 ιη
125 1326 152 1386 δδ
165 1332 307 1400 καθῆκενὺ
323 1332 371 1401 τῆς
389 1330 479 1407 ἑορτῆς
501 1326 606 1405 καιρὸς,
622 1322 732 1385 Ἰουλίου
747 1350 776 1385 τε
787 1327 833 1387 καί
852 1331 902 1390 [lr-

124 1417 214 1498 ναρίου
224 1419 272 1491 τήν
286 1415 414 1477 ὑπατείαν
429 1415 482 1489 ήδη
503 1413 719 1495 παρειληφότων,
738 1417 755 1487 i,
771 1415 900 1496 κρατίστη

124 1508 176 1563 τῶν
198 1506 375 1568 Οὐολούσκων
398 1504 488 1577 νεότης
512 1503 544 1570 li
565 1505 670 1577 ἀπάσης
696 1505 813 1582 πόλεως,
828 1510 864 1575 ὡς
887 1509 902 1565 θ

125 1596 228 1667 Τύλλος
248 1596 339 1673 ἠξίου,
354 1597 442 1675 παρῆν
457 1593 502 1653 sei
516 1592 565 1666 τήν
583 1595 635 1654 τῶν
651 1594 758 1674 ἀγώνων
768 1595 838 1657 θέαν·
858 1595 904 1655 καί

125 1686 303 1758 κατεσκήνουν
326 1686 351 1744 oi
373 1682 478 1749 πλείους
495 1683 523 1741 ίν
545 1684 624 1763 ἱεροῖς
641 1706 671 1741 τε
699 1683 745 1744 καί
769 1684 905 1763 δημοσίοις

73 1797 98 1834 ιο
124 1772 228 1846 τόποις,
242 1774 290 1832 οὐκ
298 1771 403 1853 ἔχοντες
416 1767 574 1850 καταγωγθς
588 1773 615 1831 ἀν
628 1770 722 1839 οἰκίαις
734 1796 763 1831 τε
773 1776 819 1832 καί
831 1771 905 1852 παρὰ

125 1860 214 1930 ξένοις·
228 1860 273 1921 καί
288 1861 368 1922 ὁπότε
383 1858 427 1919 διδ
441 1862 493 1918 τῶν
508 1863 650 1920 στενωπῶν
665 1860 817 1941 ποριύοιντο
834 1863 904 1921 κατὰ

125 1947 275 2030 συστροφάς
292 1948 338 2007 καί
353 1945 469 2027 ἑταιρίας
482 1947 570 2028 ἀθρόοι
593 1945 744 2025 διεξῄεσαν,
767 1947 837 2011 ιὺστε
857 1951 904 2011 καὶ

125 2036 203 2114 λόγον
222 2038 274 2112 ἤδη
294 2037 411 2115 γίνεσθαι
438 2037 500 2117 περί
521 2037 608 2096 αὐτῶν
629 2035 679 2096 ἀνθ
701 2036 749 2110 τὴν
762 2039 839 2101 πόλιν
857 2040 903 2100 καί

127 2125 239 2208 ὑπυθίας
262 2127 384 2192 ἀτόπους.
429 2123 477 2186 Ἔν
500 2122 529 2184 δὲ
542 2123 628 2206 τούτῳ
651 2124 828 2208 προσίρχεται
849 2133 903 2197 τοῖς

71 2243 102 2280 on
128 2216 236 2281 ὑπάτοις
248 2217 262 2273 θ
276 2211 500 2280 κατασκευασθεὶς
515 2213 566 2272 ὑπὸ
580 2219 627 2273 τοὺ
638 2212 743 2275 Τύλλου
768 2217 901 2293 μηνυτὴς,

128 2306 185 2369 ὑςὺ
197 2302 318 2384 Μάρκιος
333 2301 462 2379 ὑπίθετο,
477 2301 523 2360 καί
542 2305 578 2369 ὡς
591 2300 624 2374 δὴ
646 2301 794 2384 ἀπόρρητον
809 2307 903 2385 πρᾶξιν

128 2390 197 2450 κατόι
220 2395 270 2451 τῶν
298 2395 380 2451 αὐτοῦ
404 2388 486 2475 φίλων
510 2391 612 2471 ίχθροῖς
645 2389 751 2468 μίλλων
772 2391 904 2475 ίκρόρειν,

127 2481 212 2561 όριιοις
224 2478 461 2556 καταλαμόάνεται
475 2475 536 2546 τούς
550 2477 663 2547 ὑπάτους
679 2479 745 2562 ὑπὲρ
760 2481 905 2563 ἀσφαλείας

127 2591 157 2628 τε
181 2567 433 2647 τῆς[αὐτ“οςήαὺεού
459 2566 505 2627 καί
529 2572 576 2629 τοῦ
599 2566 701 2647 μηδένα
730 2569 904 2632 Οὐολούσκων

71 2682 100 2720 ss
129 2661 237 2735 μαθεῖν,
251 2657 324 2728 ὅστις
342 2649 399 2730 ήνθ
415 2655 465 2728 τήν
481 2655 593 2735 μήνυσιν
615 2661 675 2717 κατ’
694 2659 781 2717 αὐτῶν
792 2681 904 2732 πεποεη·

127 2746 214 2826 μίνος·
225 2747 270 2807 καί
284 2745 351 2829 μετθι
360 2750 438 2807 τοῦτο
447 2744 622 2829 ὐπιοίρειτήν
634 2746 696 2827 περί
706 2750 753 2818 τῆς
763 2748 905 2818 ἐπιθέσεως

126 2843 174 2910 τῆς
188 2835 401 2985 κατεγιευσμίνης
414 2833 538 2913 μήνυσιν.
580 2834 686 2897 ’Ἐδόκει
701 2844 754 2904 τοῖς
775 2838 901 2919 ἀνδράσιν

128 2927 226 3001 ἀληθής
238 2951 250 2987 ε
262 2951 304 2985 ναι
321 2923 438 3005 ὑλόγος,
450 2924 496 2985 καὶ
510 2922 607 2984 αὐτίκα
621 2927 638 2996 ἡ
654 2925 737 3004 βουλή
747 2928 808 2987 κατ’
821 2928 904 3009 ἀνδρα

127 3015 178 3074 ὑπὸ
191 3018 245 3074 τῶν
261 3013 369 3075 ὑπάτων
387 3014 515 3086 κληθεῖσα
536 3015 666 3091 συνῆκτο,
689 3012 735 3072 καί
758 3016 905 3097 παραχθείς

72 3124 100 3159 so
127 3104 273 3182 θμηνυτής
294 3101 355 3170 τούς
378 3100 471 3168 αὐτοὺς
494 3092 552 3162 εἶπε
569 3100 616 3161 καί
640 3102 705 3183 πρὸς
725 3104 846 3176 ίκείνην,
866 3104 902 3165 τδ

127 3192 210 3254 πιστά
220 3190 328 3267 λαόιύν,
350 3190 450 3270 λόγους.
491 3192 557 3258 Τοῖς
571 3188 600 3248 δδ
615 3191 662 3252 καί
676 3190 761 3252 πάλαι
776 3188 824 3269 μίν
836 3181 904 3253 εἶναι

126 3279 157 3340 τδ
167 3289 280 3359 πρᾶγμα
291 3279 376 3338 ίδόκει
396 3276 492 3356 μεστὸν
505 3278 635 3359 ὑποψίας,
648 3279 778 3353 τοσαύτην
793 3279 904 3353 νεότητα

127 3368 154 3438 ίξ
168 3368 222 3437 tsi<
236 3369 323 3434 ίθνους
343 3366 468 3449 διαφόρου
493 3365 582 3447 σρίσιν
608 3366 652 3427 eri
670 3366 718 3439 τήν
735 3367 795 3428 θίαν
809 3370 902 3430 ίλθεῖν·

125 3456 321 3538 προσελθούσης
336 3455 364 3515 δί
377 3455 531 3533 μηνύσεως,
545 3446 577 3528 ής
591 3455 641 3528 τήν
656 3456 760 3529 ἀπάτην
776 3456 901 3535 ἠγνόουν,

69 3569 97 3607 so
126 3545 204 3625 ίογὺν
231 3544 343 3625 βεύαίαν
361 3550 379 3617 ἡ
394 3544 456 3615 δόξα
479 3542 585 3606 ίλαόιν.
631 3543 735 3605 Ἐδόκει
755 3565 784 3602 τε
803 3541 903 3603 ἅπασιν

127 3634 306 3693 ἀπαλλάττειν
320 3632 379 3701 τούς
402 3633 499 3713 ἀνδρας
513 3634 543 3692 br
556 3636 604 3705 τῆς
624 3633 726 3718 πόλεως
749 3630 813 3712 πρὶν
827 3631 902 3704 ἥλιον

125 3725 217 3798 mser,
235 3722 289 3789 τοῖς
312 3721 339 3781 δί
361 3721 400 3801 μὴ
424 3727 567 3782 πεισθεῖσιν
590 3719 749 3800 ἐπικηρύξαι
773 3719 895 3791 θάνατον,

124 3813 316 3890 ἐπιμεληθῆναι
336 3810 363 3871 δί
382 3815 430 3881 τῆς
453 3812 614 3890 ἀπαλλαγῆς
638 3810 738 3883 αὐτῶν,
763 3805 807 3868 ίνα
822 3807 904 3891 χειρίς

124 3900 225 3981 ὐύριως
237 3901 284 3961 καὶ
299 3899 357 3979 μετ’
375 3900 520 3982 ἀσφαλείας
531 3898 646 3978 γίνοιτο,
662 3897 722 3967 τούς
737 3899 861 3967 ὑπάτους.

67 4020 95 4056 ω
164 3992 215 4052 iv.
237 3991 333 4050 Ταῦτα
347 3991 395 4060 τῆς
411 3989 508 4069 βουλῆς
523 3986 723 4069 ψηρισαμίιης,
739 3990 764 4046 ct
780 3986 828 4065 μίν
843 3986 905 4061 ἀκή-

125 4101 217 4159 ρυττον
238 4077 281 4138 διδ
302 4080 356 4138 τῶν
380 4079 522 4136 στενωπῶν
542 4074 678 4146 διεξιόντις
706 4075 815 4136 ἀπιέναι
836 4077 904 4139 Οὐο-

123 4167 250 4233 λούσκους
274 4168 367 4237 ἀκτῆς
392 4164 494 4234 πόλεως
518 4164 612 4226 αὐτίκα
640 4166 715 4245 μάλα
741 4164 811 4226 κατὰ
839 4166 904 4244 μίαν

125 4256 244 4322 ἅπαντας
261 4255 376 4326 ίξιύντας
396 4256 483 4329 πύλην
498 4253 547 4326 τὴν
568 4255 735 4334 καλουμένην
750 4250 902 4330 Καπυΐνην·

127 4346 211 4423 ἕτεροι
225 4342 252 4404 ei
263 4343 438 4426 παρίπεμπον
447 4342 508 4412 τούς
518 4344 768 4425 ἀπαλλαττομένους
780 4343 837 4422 ἅμα
850 4346 905 4413 τοῖς

66 4460 93 4497 ει
123 4434 241 4503 ὑπάτοις·
253 4434 316 4496 ἔνθα
332 4434 450 4512 μάλιστα
461 4432 536 4515 ὧρθη
547 4432 608 4496 ὅσον
619 4436 705 4495 αὐτῶν
717 4432 749 4494 τδ
762 4436 861 4507 πλῆθος
872 4427 903 4509 ήν

123 4522 169 4581 καί
182 4526 217 4591 ὡς
235 4522 351 4598 ἀκμαῖον
370 4521 513 4596 ἀπάντων,
524 4524 567 4605 ὑφ’
580 4523 628 4585 ἕνα
646 4526 739 4605 καιρδν
754 4523 825 4584 κατδι
840 4523 903 4601 μίαν

123 4611 244 4680 ἐξιόντων
259 4610 358 4683 πύλην.
403 4614 513 4694 Πρῶτος
525 4613 553 4673 δί
574 4615 689 4674 αὐτῶνθ
709 4613 813 4680 Τύλλος
831 4612 904 4693 ἐξήει

123 4699 168 4758 eii
181 4700 301 4781 ταχέων,
316 4699 363 4759 καί
386 4700 547 4761 καταλαόύιν
564 4704 594 4762 οὐ
611 4700 704 4784 πρόσω
728 4706 776 4775 τῆς
802 4703 905 4769 πολεως

122 4788 204 4848 τύπω
219 4787 374 4862 ίπιτήδειον,
390 4791 416 4849 ίν
429 4790 514 4870 τούτῳ
525 4791 586 4860 τούς
599 4794 775 4872 ὑστεροῦντας
789 4791 904 4869 ἀνιλάμ·

64 4912 93 4950 ,η
123 4874 211 4937 sevo.
254 4876 367 4949 Ἐπειδὴ
388 4877 416 4937 di
429 4879 528 4948 πάντες
549 4879 735 4960 συνήχθησαν,
757 4878 903 4952 ἐκκλησίαν

121 4967 299 5044 ποιησάμενος
322 4967 409 5049 πολλῆ
434 4969 555 5050 καταόοῇ
574 4974 622 5042 τῆς
633 4967 779 5046 Ῥωμαίων
800 4970 903 5041 πόλεως

122 5056 273 5137 ἀρρήοατο,
287 5058 374 5131 διινήν
383 5056 430 5117 καί
441 5059 572 5140 ἀφόρητον
584 5057 738 5140 ἀποφαίνων
747 5057 797 5132 τήν
813 5056 901 5140 ὐόριν,

122 5144 154 5217 ῆν
169 5144 324 5226 ὑόριαμόνοι
349 5145 414 5227 πρδς
437 5148 526 5207 αὐτῶν
551 5138 619 5222 ήσαν
640 5148 804 5210 obsisteres
824 5148 901 5227 μόνοι

111 5235 164 5293 τῶν
174 5234 266 5295 ἀλλων
284 5233 366 5305 ξίνων
376 5233 539 5305 ίξελαθόντες
554 5237 584 5296 ίκ
598 5239 647 5310 τῆς
659 5235 778 5308 πόλεως·
793 5235 839 5298 καί
854 5236 900 5299 λά·

201 5352 316 5391 οιοειιοιι.

1673 430 1733 491 θθθ

956 559 969 583 r
985 508 1072 593 urbem
1088 557 1248 609 aggressuros
1270 550 1297 601 et
1311 548 1368 602 iden
1385 552 1483 604 uotum
1500 566 1585 607 eorum
1605 570 1735 611 numerum

957 641 1010 693 uin
1024 642 1111 698 urbem
1125 649 1277 702 convenisse.
1311 654 1386 704 certo
1397 654 1463 707 enim
1479 657 1558 720 scias,
1575 660 1597 711 si
1618 660 1667 713 boc
1686 677 1734 715 eu·

960 767 972 791 a
989 747 1092 812 dieriot,
1106 754 1136 803 ut
1145 752 1199 805 sine
1213 755 1263 806 uiie
1276 759 1432 811 cunctatione
1452 775 1498 813 ros
1510 776 1540 815 er
1552 763 1613 817 urbe
1628 767 1733 833 pellunt,

959 872 971 897 ι
988 857 1062 920 atque
1076 855 1113 908 ita
1126 857 1171 910 ires
1182 859 1256 912 iuste
1269 876 1370 916 coussm
1381 848 1519 931 prebeant,
1533 892 1545 914 υ

989 1101 1033 1151 111.
1049 1102 1150 1167 Tullus,
1170 1104 1209 1157 bis
1224 1111 1331 1173 auditis,
1348 1116 1439 1167 mirum
1461 1117 1487 1168 in
1511 1119 1612 1171 modum
1635 1122 1736 1175 letatus

959 1198 1012 1256 est,
1022 1198 1098 1261 atque
1110 1200 1265 1266 expeditione
1279 1206 1364 1267 dilata,
1375 1211 1400 1261 in
1414 1211 1472 1263 belii
1485 1219 1629 1278 sppnraium
1642 1217 1736 1267 incom-

960 1291 1041 1344 bebst.
1074 1296 1168 1349 Deinde
1182 1313 1238 1351 cum
1253 1306 1351 1373 tempus
1362 1307 1478 1360 ludorum
1490 1313 1606 1373 venisset,
1622 1317 1648 1364 et
1657 1314 1736 1367 Iulius

962 1402 992 1440 ec
1006 1388 1121 1443 Pinarius
1135 1397 1291 1450 consulatum
1309 1402 1359 1453 iam
1371 1404 1496 1468 iniissent,
1515 1407 1648 1461 iectissime
1661 1413 1736 1465 vols·

960 1497 1180 1553 somniaremus
1196 1518 1228 1554 ex
1245 1505 1361 1556 omnibus
1373 1505 1523 1568 civitatibus,
1542 1516 1643 1563 auctore
1656 1514 1735 1577 Tullo,

962 1591 995 1644 ed
1010 1594 1124 1650 ludorum
1143 1605 1311 1668 spectaculum
1328 1606 1411 1668 renit;
1427 1621 1561 1674 eorumqne
1579 1614 1658 1676 maior
1679 1629 1737 1679 pars

960 1689 1059 1744 divertit
1074 1694 1101 1746 in
1115 1697 1170 1751 ioca
1181 1714 1251 1754 secra
1262 1706 1288 1754 et
1303 1704 1416 1768 pubiics.
1429 1706 1496 1770 quod
1518 1707 1626 1771 hospiiia
1640 1710 1737 1772 priuata

963 1800 1013 1837 non
1025 1790 1166 1846 euidcereni
1193 1799 1227 1850 ad
1248 1815 1334 1853 ornnes
1352 1803 1519 1868 recipiendosr
1543 1810 1569 1855 et
1583 1806 1681 1869 quoties
1693 1821 1738 1873 per

963 1894 1017 1947 rias
1030 1896 1115 1960 ibant,
1128 1903 1273 1955 cateruatim
1287 1907 1314 1957 et
1322 1907 1452 1959 confertim
1466 1907 1610 1973 frequentes
1623 1910 1736 1962 ambuie-

963 1994 1036 2061 bant,
1048 2000 1083 2051 its
1096 2004 1176 2068 utper
1184 2008 1263 2057 temni
1272 2007 1359 2060 urbem
1374 2009 1425 2060 ium
1437 2011 1522 2075 iugens
1532 2013 1616 2062 essent
1624 2025 1738 2066 murmur

963 2095 1038 2157 eique
1051 2097 1212 2162 suspiciones.
1232 2104 1330 2155 intereo
1339 2104 1518 2156 indexeTuiio
1525 2106 1677 2159 subornatus
1687 2109 1739 2162 odit

962 2192 1090 2256 eonsuies,
1111 2202 1140 2247 ut
1152 2200 1260 2252 Marcius
1276 2204 1420 2263 monuerat,
1433 2205 1461 2254 ct
1472 2204 1544 2268 qussi
1560 2217 1612 2256 rem
1629 2205 1737 2271 eiiquam

961 2293 1081 2343 secretum
1096 2298 1183 2347 conire
1193 2299 1286 2351 amicos
1296 2299 1411 2353 hostibus
1424 2301 1606 2365 declaraturus,
1624 2306 1739 2358 consules

961 2382 1119 2439 iureiurando
1130 2389 1276 2457 obstringit,
1289 2398 1319 2446 ut
1330 2409 1383 2447 sue
1397 2395 1471 2446 saluti
1492 2398 1662 2462 consulerent,
1676 2415 1739 2454 nere

962 2479 1019 2543 quis
1032 2483 1179 2537 Volscorurn
1194 2489 1353 2553 rescisceret,
1370 2490 1484 2555 quisnam
1500 2491 1606 2557 brissei,
1621 2495 1664 2559 qui
1677 2496 1739 2547 indi·

963 2573 1001 2625 cia
1010 2580 1097 2629 contra
1109 2579 1175 2645 ipsos
1190 2582 1342 2636 detulisset:
1357 2588 1383 2636 et
1402 2586 1458 2636 turn
1470 2585 1572 2638 demum
1593 2588 1665 2640 delas
1683 2590 1739 2642 iiius

962 2674 1065 2729 insidias
1075 2678 1192 2732 desierat.
1226 2683 1313 2733 Sermo
1322 2681 1371 2732 iliis
1385 2694 1461 2732 serus
1474 2682 1616 2748 ridebatur,
1633 2699 1664 2737 ac
1681 2700 1738 2738 nior

961 2771 1054 2825 viritim
1066 2789 1083 2826 s
1093 2777 1238 2829 consulibus
1251 2779 1352 2829 senatos
1369 2780 1471 2830 coactus
1489 2783 1529 2831 est
1541 2785 1567 2831 et
1585 2781 1660 2834 indes
1680 2790 1738 2848 pross

962 2866 1068 2932 ductus,
1084 2877 1234 2939 acceptaque
1246 2873 1295 2925 iidc
1308 2873 1369 2924 huic
1388 2888 1488 2938 quoque
1501 2876 1569 2928 idern
1592 2877 1736 2930 deciarnrit.

963 2965 1014 3016 niis
1024 2976 1084 3019 rere
1095 2973 1123 3020 et
1130 2970 1277 3036 iampridem
1291 2981 1332 3022 res
1345 2971 1492 3036 suspicionis
1512 2973 1584 3039 piene
1597 2976 1739 3040 ridebatur,

961 3061 1030 3123 quod
1043 3064 1111 3113 tanto
1125 3064 1259 3115 multitudo
1269 3064 1406 3117 iuventutis
1421 3078 1454 3115 ex
1471 3080 1521 3116 une
1540 3072 1613 3132 genie
1625 3070 1671 3120 eibi
1689 3070 1736 3122 ini·

962 3153 1026 3205 mica
1044 3155 1076 3207 sd
1088 3159 1255 3222 spectscoium
1272 3160 1399 3220 venissem
1422 3163 1448 3211 ei
1466 3162 1600 3214 accedente
1613 3162 1660 3215 hoc
1673 3163 1740 3216 indi-

962 3247 1016 3311 cio,
1031 3250 1103 3303 cuius
1116 3253 1228 3304 irauderu
1241 3255 1403 3319 ignorabunt,
1417 3256 1500 3321 opinio
1511 3257 1553 3308 iiie
1566 3258 1638 3310 valde
1651 3260 1739 3311 contis·

961 3352 1029 3401 mota
1041 3353 1087 3403 est.
1122 3351 1267 3416 Placuitque
1284 3353 1414 3416 omnibus,
1429 3358 1459 3404 ui
1475 3369 1507 3407 ex
1522 3356 1583 3409 urbe
1592 3360 1741 3412 excederent

961 3448 1046 3500 Volsci
1065 3451 1123 3500 ante
1143 3450 1203 3500 solis
1218 3463 1348 3513 occasum
1368 3454 1395 3503 et
1417 3452 1462 3514 iis,
1474 3454 1518 3518 qui
1532 3468 1619 3520 parere
1631 3459 1740 3522 undeni,

961 3557 1041 3608 poena
1054 3545 1167 3610 capitatis
1178 3560 1222 3610 per
1240 3561 1379 3611 preconem
1393 3546 1579 3603 denuntiaretur
1594 3566 1600 3597 :
1617 3556 1646 3604 ut
1658 3557 1740 3606 autem

960 3639 1015 3690 sine
1029 3640 1081 3690 uiis
1093 3641 1242 3692 contumeiie
1264 3646 1291 3694 ei
1306 3646 1362 3696 into
1374 3643 1529 3698 discederent
1542 3649 1655 3702 consules
1667 3663 1741 3700 curo·

959 3739 1023 3788 rent.

993 3996 1035 4046 lv.
1053 3997 1107 4047 iios
1124 3996 1340 4051 senatusconsulto
1351 3998 1435 4064 iacto,
1450 4012 1578 4065 precones
1595 4013 1640 4064 per
1655 4001 1738 4052 omnis

961 4103 1172 4170 compitadimissi
1184 4106 1304 4171 sunt,qui
1315 4106 1441 4159 edicerent
1451 4144 1459 4169 ,
1471 4109 1501 4157 ut
1515 4105 1622 4159 Volscio
1635 4109 1740 4173 vestigio

961 4223 990 4262 er
1001 4211 1063 4263 urbe
1072 4209 1234 4272 (incederent,
1246 4214 1321 4276 etque
1328 4224 1415 4262 omnes
1421 4223 1547 4276 peronam
1558 4214 1654 4277 portem
1664 4217 1740 4281 cape·

960 4329 1018 4367 nem
1027 4313 1202 4378 egrederentur
1216 4332 1223 4364 ι
1236 4315 1278 4366 eiii
1291 4328 1350 4366 rero
1362 4327 1420 4367 curu
1432 4315 1577 4367 consulibus
1587 4331 1632 4369 eos
1644 4318 1738 4369 abeun

960 4421 999 4471 tes
1012 4418 1175 4471 deducebant.
1208 4420 1278 4469 Tunc
1289 4417 1396 4470 maxime
1406 4418 1536 4485 apparuit,
1549 4423 1658 4485 quantm
1671 4423 1739 4473 meet

958 4537 1046 4576 eorum
1059 4537 1177 4575 numerus
1191 4528 1217 4574 et
1235 4525 1356 4588 quonum
1376 4526 1443 4577 esset
1455 4523 1567 4576 omniurn
1587 4524 1671 4587 robur,
1689 4537 1739 4574 uno

958 4625 1094 4690 eodemque
1116 4627 1228 4690 ternpore
1247 4627 1274 4676 et
1300 4638 1344 4690 per
1364 4639 1440 4677 unam
1461 4629 1560 4690 portam
1585 4623 1737 4680 exeuntium.

958 4732 1057 4785 Primus
1070 4745 1129 4785 sero
1147 4730 1236 4783 ‘iulius
1246 4729 1341 4783 exierat
1364 4743 1480 4796 propere,
1499 4733 1527 4782 et
1547 4731 1668 4792 occupato
1689 4742 1737 4779 non

957 4834 1043 4901 procui
1053 4833 1156 4885 aborbo
1168 4833 1223 4885 Ιοοο
1234 4831 1334 4893 moneo,
1349 4831 1392 4883 hic
1412 4831 1556 4883 recedentes
1580 4829 1736 4895 excipiebsi;

957 4936 1049 5003 quibus
1066 4937 1092 4989 in
1105 4951 1184 4989 uuum
1200 4936 1359 4998 convocatis,
1380 4949 1471 4997 magno
1486 4934 1594 4985 rumore
1612 4936 1737 4986 Rornano-

957 5054 1014 5092 rurn
1024 5039 1152 5091 civitatem
1173 5038 1314 5101 accusarit,
1331 5040 1442 5089 atrocem
1459 5039 1540 5103 atque,
1556 5036 1736 5089 inteterabiiem

957 5143 1025 5195 iliius
1037 5142 1186 5196 oenandae
1196 5141 1330 5209 injurium,
1344 5154 1395 5208 qus
1403 5139 1449 5192 soli
1460 5138 1525 5191 iuter
1535 5151 1622 5190 omnes
1631 5140 1692 5192 siios
1703 5153 1736 5193 es

957 5243 1018 5299 urbe
1032 5243 1117 5312 pulsos
1135 5243 1220 5298 voisei
1237 5241 1324 5298 aiiecti
1342 5240 1456 5295 tunsos.
1491 5238 1587 5293 Debde
1598 5240 1736 5293 arbitratus

1609 5339 1639 5385 eo
