4070 5926
622 412 921 488 anrtQUlTnTUM
943 409 1093 471 ROMAN.
1116 409 1191 470 LlB.
1216 407 1297 471 vlit.
1711 409 1772 471 509

159 546 196 614 ῶν
213 555 263 613 εἰσι
277 549 422 631 χρημάτων
441 546 571 628 ἀπαρχαί.
616 548 648 606 Et
663 545 691 605 δέ
707 549 732 626 γ’
747 549 761 605 θ
776 544 865 625 πατὴρ
882 570 936 621 μη·
992 550 1014 599 si
1030 552 1101 614 pater
1112 548 1168 599 eius
1183 547 1259 599 index
1270 547 1344 599 simui
1356 551 1383 599 et
1401 550 1532 597 accusator
1552 550 1578 597 et
1592 546 1695 611 punitor
1709 548 1772 600 luit·

159 642 238 713 νυτός
250 662 279 698 ³⁸
291 639 336 698 καὶ
350 635 495 715 κατῆγῡρθς
514 635 560 693 καὶ
580 635 711 705 λ’θδαῦτθς
725 636 805 694 aaron
819 634 937 712 ίγίνετο,
992 650 1045 706 sat,
1062 660 1109 697 uec
1123 646 1177 697 eins
1189 645 1281 697 domus
1292 645 1380 696 luisset
1392 643 1491 707 θῑταίε,
1504 658 1550 694 nec
1557 645 1623 695 bona
1636 644 1771 710 publicata.

159 729 219 790 ούτι
233 729 264 788 ἀν
279 730 297 798 ἡ
313 725 385 786 οἰκία
407 726 486 783 αὐτοῦ
501 721 656 800 κατεσκάφη
670 720 730 783 οὔτε
747 726 765 795 ἡ
780 721 857 783 οὐσία
873 721 954 794 iln-¹
993 746 1065 811 Apud
1088 749 1211 797 Romanos
1229 745 1295 797 enim
1321 743 1367 795 fiffi
1393 743 1505 808 patribus
1531 741 1614 793 adhuc
1633 743 1774 796 viventibus

161 817 254 897 δώδθ·
269 813 415 893 Ῥωμαία(
426 810 478 892 la?
496 809 569 871 mm*
581 809 646 871 ἴδιόν
661 812 716 871 3⁰³¹
728 813 819 885 κτῆμα
834 807 937 919 ww
993 842 1054 893 nihil
1067 843 1194 908 proprium
1203 841 1342 908 possident,
1358 839 1403 891 sed
1417 844 1443 891 et
1453 839 1514 904 ipsis
1523 839 1634 904 pecuniis
1644 843 1671 890 et
1682 853 1772 905 corpo-

121 931 135 968 ⁵
160 908 201 969 ἔτ*
214 911 267 969 τῶν
283 902 420 983 ''usim'’
433 900 502 959 dm
518 898 563 960 καί
574 898 608 959 τὰ
622 898 751 982 χρήματα
770 897 816 958 καὶ
837 897 871 957 τὰ
887 921 938 960 ⁶⁰’'
994 937 1063 989 ribus
1079 937 1189 989 tiliorum
1201 936 1448 1002 patribusarbitratn
1461 948 1507 986 suo
1523 935 1561 986 nti
1576 936 1724 1000 pennissum
1736 940 1775 987 est

162 1021 235 1078 ματα
249 998 301 1054 τῶν
316 991 446 1077 παίδωνό
452 1013 478 1048 τι
494 989 632 1069 βούλονται
654 985 798 1047 διατιθέναι
812 995 867 1054 τοὶς
878 1010 939 1047 πα·
993 1038 1077 1095 Qum
1095 1037 1201 1100 populus
1228 1038 1354 1085 Romanus
1374 1032 1407 1084 ob
1437 1033 1481 1083 mii
1506 1031 1598 1084 denota
1627 1034 1692 1099 pam
1730 1036 1775 1099 qui

163 1086 255 1169 τράσιν
271 1081 436 1143 ἀποδέδοται·
461 1077 531 1138 ὥστε
542 1078 589 1137 οὐκ
605 1075 637 1135 δν
653 1076 738 1148 δήπου
752 1075 800 1147 τὴν
820 1080 866 1135 τοῦ
884 1099 938 1135 πα·
994 1132 1214 1198 Ummium
1237 1133 1359 1184 mem
1378 1129 1612 1182 indiciadetufiw
1645 1073 1709 1182 Μ’
1729 1145 1775 1181 ω.

162 1175 223 1256 τρίς
236 1174 327 1236 οὐσίαν
347 1176 392 1231 τοῦ
409 1170 571 1248 μηνύσαντος
592 1164 640 1237 τὴν
664 1166 806 1249 τυραννίδα
826 1163 870 1223 M
885 1172 939 1275 τοῖς
994 1229 1008 1280 i
1077 1243 1107 1280 ea
1125 1243 1157 1281 ue
1193 1230 1302 1281 uiticare
1317 1228 1438 1280 noluisset
1461 1230 1510 1280 Pro
1527 1230 1597 1280 terea
1616 1169 1693 1280 iitur
1722 1230 1774 1280 rio-

162 1269 208 1322 τοῦ
223 1261 315 1329 παιδὸς
332 1259 493 1334 ἀδικήμασιν
518 1260 687 1337 ἀφαιρεῖσθαι
710 1255 757 1316 καὶ
777 1252 937 1332 δημεύεινη
994 1243 1207 1394 Γίῒορίἶίωθίι
1227 1328 1299 1393 §eqni
1322 1327 1390 1378 mlo
1419 1242 1556 1393 Ukmmgue
1580 1243 1664 1378 umssen
1682 1244 1776 1379 agene

111 1394 137 1433 ,0
161 1351 237 1421 πόλις
248 1349 333 1424 ἠξίου.
376 1346 488 1423 Δεδιμδν
507 1346 539 1418 δὴ
553 1347 689 1425 ταῦτατῷ
703 1347 822 1426 προτέρῳ
837 1366 937 1422 συγκα·
1055 1426 1060 1438 Ι
1225 1426 1230 1436 Ι
1359 1425 1364 1436 Ι
1528 1424 1534 1435 ι

163 1440 303 1518 τατίθεμαι
324 1440 377 1497 τῶν
390 1436 475 1517 λόγων
492 1437 608 1512 μᾶλλον·
624 1435 706 1507 ἔθηκα
722 1432 750 1493 δέ
765 1433 937 1514 ἀμφοτέρους,
993 1425 1077 1572 χχιχ,
1100 1429 1131 1478 ut
1143 1426 1295 1487 lectoribus,
1316 1426 1367 1476 utra
1381 1437 1467 1475 earum
1487 1425 1574 1485 veiint,
1590 1423 1665 1476 tidem
1684 1423 1776 1476 habere

161 1531 205 1590 ίνα
221 1529 265 1609 ε’ξῇ
278 1535 332 1595 τοῖς
349 1522 574 1605 ἀναγνωσομένοις
591 1522 709 1605 θποτέρερ
724 1523 864 1602 βούλονται
877 1522 938 1584 τού-

163 1642 216 1677 των
233 1618 386 1699 προσέχειν.

203 1708 322 1770 LXXX.
344 1699 583 1779 Ἐπιύτιλλυμένων
600 1700 630 1763 δέ
642 1724 720 1761 τινοιν
735 1702 781 1760 καὶ
798 1699 858 1770 τοθς
870 1704 940 1760 παῖ-

109 1834 135 1872 ,,
163 1798 210 1865 δας
233 1795 386 1855 ἀποκτεῖναι
408 1797 453 1851 τοῦ
471 1789 594 1853 Κασσίου
620 1789 702 1851 διινδν
725 1790 755 1851 τὸ
776 1789 833 1859 έθος
854 1790 939 1860 ἔδοξεν

163 1876 231 1946 εἶναι
253 1889 288 1965 τῇ
313 1884 394 1963 βουλῇ
418 1880 463 1940 καὶ
485 1880 649 1961 ἀσύμφορον.
698 1880 754 1941 Καὶ
781 1882 940 1941 συνελθοῦσα

163 1973 313 2057 έψηφίσατο
325 1974 447 2053 ἀφεῖσθαι
463 1970 497 2029 tl
513 1968 638 2048 μειράκια
660 1971 707 2042 τῆς
732 1968 877 2048 τιμωρίας,
893 1969 939 2029 καί

164 2063 209 2127 tul
229 2062 303 2143 παίσῃ
325 2059 400 2141 ἀδεέφ
423 2062 469 2132 ζῆν
485 2057 553 2135 μήτε
577 2060 646 2139 φυγῇ
668 2055 737 2135 μήτε
756 2057 851 2139 ἀτιμία
873 2057 940 2135 μήτε

164 2153 233 2232 ἀλλη
247 2159 371 2233 συμφορᾷ
388 2147 566 2229 ζημιωθέντα.
616 2147 670 2207 Καὶ
687 2145 712 2216 ἐξ
727 2146 826 2207 έκείνου
840 2146 871 2207 τδ
884 2148 940 2215 ἔθος

108 2280 138 2320 ,0
165 2245 241 2301 τοῦτο
262 2238 406 2318 Ῥωμαίοις
432 2235 574 2317 ἐπιχώριον
596 2234 717 2315 γέγονεν,
743 2235 793 2305 δως
816 2241 863 2309 τῆς
880 2235 942 2296 καθ’

166 2332 237 2407 ἡμᾶς
272 2326 476 2410 διατηρούμενον
510 2323 628 2398 ἡλικίας,
657 2324 779 2405 ἀφεῖσθαι
813 2324 942 2408 τιμωρίας

167 2417 272 2493 ἁπάσης
294 2415 354 2485 τοθς
369 2416 466 2481 παῖδας
484 2404 522 2473 ῶν
536 2411 569 2470 διν
590 2413 614 2472 οἱ
633 2412 743 2493 πατέρες
769 2414 941 2488 ἀδικήσωσιν,

167 2508 211 2565 ἰάν
223 2529 252 2566 τι
267 2505 421 2585 προδοτῶν,
436 2502 451 2563 θ
470 2498 594 2581 μέγιστόν
612 2501 669 2560 έστι
684 2500 749 2585 παρ’
765 2503 871 2571 ἐκείνοις
885 2500 946 2562 ddi·

167 2618 252 2672 κημα.
294 2591 333 2655 Ol
344 2617 372 2654 τε
383 2592 532 2653 καταλῦσαι
546 2590 578 2650 τθ
592 2589 647 2657 ἔθος
661 2594 738 2649 τοῦτο
754 2589 942 2668 ἐπιύαλόμανοι

109 2720 140 2762 η,
167 2684 237 2744 κατδι
251 2682 310 2751 τούς
329 2681 472 2762 ἡμετέρους
484 2679 607 2759 χρόνους,
630 2677 698 2755 μετά
721 2679 769 2751 την
792 2681 942 2740 συντέλειαν

166 2777 213 2834 τοῦ
229 2775 370 2852 Μαρσικοῦ
391 2794 421 2831 τι
444 2769 490 2831 καί
512 2766 639 2851 ἐμφυλίου
662 2767 796 2846 πολέμου,
822 2769 868 2828 καλ
882 2767 943 2837 τοῦς

166 2863 263 2929 παῖδας
277 2865 329 2920 τῶν
343 2859 570 2940 ἐπικηρυχθέντων
582 2857 625 2917 tet
640 2856 732 2917 Σύλλα
743 2856 864 2938 πατέρων
879 2859 944 2940 ἀφε-

165 2950 273 3029 λόμενοι
292 2950 323 3010 τύ
338 2949 455 3027 aaudiat
469 2946 516 3015 τθς
538 2946 664 3026 πατρίους
684 2944 768 3026 ἆρχθο
782 2946 827 3007 καί
847 2950 942 3027 βουλῆς
998 2964 1072 3025 atque
1081 2963 1168 3012 senatu
1181 2960 1301 3025 quamdin
1315 2962 1361 3026 ipsi
1374 2975 1458 3013 rerum
1470 2963 1630 3028 potiebantur
1643 2965 1779 3027 prohibue-

167 3040 307 3121 μιτίχειν,
330 3041 390 3098 καθ’
406 3036 435 3097 θν
456 3037 624 3095 ἐδυνάστευον
645 3035 719 3094 αὐτοὶ
745 3035 852 3114 χρόνον,
877 3037 942 3095 ἐπί·
998 3047 1175 3109 runt‚facinus
1193 3050 1366 3100 othoninum
1387 3049 1482 3101 invidia
1499 3055 1525 3103 et
1542 3052 1645 3103 deorum
1669 3052 1779 3118 indigna·

111 3171 141 3212 30
167 3131 259 3212 φθονόν
268 3153 297 3188 τε
308 3127 453 3209 ἀνθρώποις
463 3129 508 3186 καί
523 3124 666 3203 νεμεσητὸν
682 3129 748 3191 θεαῖς
762 3127 835 3204 ἔργον
849 3122 939 3193 ἔδοξαν
999 3137 1180 3204 tionedignum
1194 3142 1292 3205 patrare
1309 3140 1358 3191 elsi
1379 3145 1447 3192 sunt.
1480 3144 1637 3208 Quapropter
1660 3145 1780 3209 temporis

168 3217 365 3288 ἀποδείξασθαι.
382 3215 526 3297 Τοιγάρτοι
543 3213 603 3286 δίκη
615 3212 662 3291 μὲν
673 3213 779 3280 έκείνοις
794 3212 842 3272 σύν
853 3215 941 3296 χρόνῳ
997 3237 1126 3289 progressu
1138 3237 1210 3289 puna
1221 3225 1349 3277 scelerauit
1363 3225 1456 3277 vinda
1478 3240 1527 3277 non
1543 3229 1722 3279 contemnenda
1737 3243 1781 3279 eos

1026 1714 1119 1763 LXXX.
1130 1716 1214 1772 Quum
1223 1717 1308 1766 autem
1316 1714 1427 1766 nonnulli
1434 1714 1501 1781 ipsos
1512 1715 1590 1767 etiarn
1597 1714 1678 1767 canii
1685 1715 1777 1768 liberos

996 1799 1136 1852 interlicere
1151 1806 1309 1867 conarentur,
1322 1803 1453 1856 hocatrox
1469 1809 1496 1856 et
1511 1804 1677 1869 perniciosum
1693 1818 1777 1856 erem-

995 1889 1063 1953 pium
1072 1890 1186 1955 patribus
1194 1898 1234 1942 eat
1246 1893 1338 1943 visum.
1348 1896 1445 1958 ltaque,
1456 1907 1534 1958 quum
1548 1892 1675 1943 incuriam
1687 1906 1777 1943 coure-

997 1978 1101 2041 niaaent,
1114 1980 1208 2030 iactum
1218 1983 1258 2032 cst
1267 1982 1582 2048 senatusconsultum‚quo
1587 1981 1778 2035 adolescentulis

997 2080 1069 2132 puna
1092 2068 1196 2120 remissa
1213 2073 1265 2131 est,
1283 2070 1396 2135 illisque,
1419 2085 1465 2122 nec
1483 2071 1572 2122 exsilio
1590 2071 1718 2123 mulctatis
1732 2086 1779 2124 nec

997 2156 1131 2222 ignominia
1143 2157 1242 2208 allectis
1256 2172 1301 2209 nco
1311 2158 1360 2209 alia
1373 2159 1516 2210 calamitate
1525 2163 1642 2225 accepta,
1655 2161 1779 2212 tutissime

997 2246 1083 2298 virere
1091 2259 1243 2299 concessura.
1266 2250 1297 2297 lit
1305 2249 1337 2298 ab
1347 2262 1377 2298 eo
1386 2250 1498 2313 ternpore
1509 2262 1590 2314 usquo
1601 2248 1633 2300 ad
1643 2248 1708 2300 hanc
1719 2264 1777 2300 nos·

998 2338 1063 2386 tram
1075 2339 1176 2387 atatem
1189 2335 1231 2385 tric
1251 2349 1307 2386 mos
1316 2338 1402 2387 Roma
1412 2340 1534 2403 perpetuo
1547 2341 1662 2389 serratus
1680 2343 1734 2401 est,
1750 2343 1779 2390 ut

998 2422 1065 2474 nulla
1075 2428 1204 2488 parentum
1213 2423 1437 2476 delictaliberisuo
1446 2425 1568 2491 supplicio
1578 2425 1657 2483 luant;
1667 2427 1719 2477 sire
1729 2425 1778 2475 sint

998 2517 1160 2579 tyrannorum
1173 2514 1231 2576 triti,
1250 2514 1304 2566 sire
1317 2515 1512 2581 parricidarum,
1525 2517 1579 2568 sire
1597 2517 1673 2569 etiam
1690 2517 1776 2581 prodi·

997 2606 1092 2659 torum,
1112 2602 1181 2667 quod
1191 2602 1258 2668 apud
1267 2603 1322 2655 iilos
1332 2604 1426 2655 crirnen
1440 2605 1673 2670 estgrariasirnum.
1694 2604 1779 2668 thui

999 2692 1065 2743 irunc
1078 2705 1174 2742 morem
1187 2692 1277 2743 nostris
1288 2692 1443 2757 temporibus
1456 2693 1586 2759 antiquare
1599 2693 1708 2758 aggressi
1721 2696 1779 2744 sunt

998 2783 1064 2833 circa
1082 2782 1158 2832 linem
1173 2782 1272 2832 Marsici
1290 2787 1314 2833 ot
1333 2783 1414 2834 civilis
1424 2782 1499 2847 belli,
1513 2784 1607 2850 quique
1627 2785 1717 2836 liberos
1736 2798 1779 2850 pa-

998 2875 1065 2922 trum
1077 2870 1150 2935 Syllae
1164 2874 1273 2935 ternpore
1283 2873 1478 2937 proscriptorum
1491 2887 1507 2922 a
1518 2873 1627 2938 paternis
1642 2873 1779 2926 honoribus
1859 2870 1861 2875 ⁴

166 3307 281 3387 τιμωρδς
294 3311 324 3368 ού
334 3304 444 3384 μιμπτλ
459 3303 688 3384 παρηκολούθησε,
701 3304 734 3360 δι’
747 3304 780 3374 ἣν
795 3303 825 3361 ἐκ
841 3303 942 3381 μεγίσ·

166 3420 213 3458 του
226 3421 257 3456 τε
272 3395 428 3477 αὐχήματος
444 3395 479 3461 τίς
492 3392 681 3453 ταπεινότατον
701 3395 799 3468 πτῶμα
813 3393 942 3474 κατηνέχ-

168 3490 262 3559 θησαν,
277 3485 321 3546 καλ
337 3486 396 3546 alti
408 3483 519 3565 γένοςτδ
533 3481 561 3552 ll
574 3486 659 3543 αὐτῶν
671 3483 712 3543 ότι
722 3481 760 3559 μὴ
773 3485 940 3564 κατδγυναῑ-

110 3627 141 3667 3
168 3600 218 3643 κας
232 3577 271 3635 ἔτι
287 3578 421 3636 λείπεται·
438 3574 469 3633 τδ
484 3574 506 3632 δ’
520 3572 577 3641 tto<
592 3573 630 3641 τίς
645 3571 690 3631 τδν
706 3572 733 3639 ἐξ
744 3576 828 3652 ἀρχῆς
843 3574 942 3650 κόσμον

169 3670 184 3726 θ
197 3666 304 3734 τούτους
315 3664 431 3725 καθελὼν
441 3663 508 3743 ἀνὴρ
520 3663 745 3732 ἀποκατέστησαν.
791 3661 861 3741 Παρ’
873 3659 944 3722 “El-

169 3755 232 3827 λησι
247 3751 274 3814 δδ
291 3754 340 3835 οθχ
354 3753 434 3821 οὕτως
448 3754 524 3818 ἀνίαις
537 3753 552 3808 θ
566 3749 645 3827 νόμος
664 3750 738 3831 έχιι,
753 3748 822 3809 ἀλλά
838 3748 896 3819 τούς
914 3753 944 3812 ίκ

998 3315 1147 3376 cotsccuta,
1158 3326 1209 3376 qua
1228 3311 1321 3363 factum
1339 3316 1387 3373 cst,
1402 3316 1431 3364 ut
1448 3326 1480 3363 ex
1495 3313 1617 3364 altissimo
1632 3315 1716 3379 glorio
1728 3314 1780 3366 fas·

1000 3400 1060 3465 ligio
1070 3401 1096 3451 in
1104 3400 1215 3451 intimam
1227 3401 1334 3451 tortunn
1342 3400 1447 3451 abiectae
1455 3401 1621 3453 conditionem
1630 3402 1778 3465 deciderint,

999 3493 1025 3541 et
1036 3503 1067 3541 ua
1076 3502 1164 3541 eorum
1173 3489 1275 3551 quidem
1293 3502 1384 3553 genus,
1398 3489 1446 3541 nisi
1459 3502 1505 3554 per
1519 3491 1621 3542 seminas
1632 3491 1780 3555 deductum,

999 3577 1107 3641 amplius
1128 3576 1161 3625 sit
1179 3576 1311 3640 reliquum.
1348 3578 1393 3628 ille
1413 3579 1515 3639 autem,
1538 3579 1582 3642 qui
1601 3579 1647 3630 tros
1668 3581 1780 3644 sustulit,

1001 3665 1067 3715 hunc
1082 3677 1175 3715 morem
1195 3664 1228 3714 ad
1239 3664 1373 3729 pristinum
1394 3679 1466 3716 usum
1492 3667 1628 3716 revocarit.
1664 3668 1780 3719 ceterum

1001 3751 1065 3817 apud
1087 3752 1218 3804 nonnullos
1231 3754 1331 3803 Graeoos
1352 3753 1401 3803 troc
1414 3752 1483 3803 haud
1496 3753 1533 3803 ita
1548 3754 1661 3804 moribus
1679 3761 1718 3806 est
1739 3771 1781 3807 re·

169 3843 302 3927 τυράννοιν
321 3842 474 3924 γενομένους
494 3842 519 3902 ol
543 3840 590 3916 μέν
614 3838 867 3899 συναποκτίννυσθαι
892 3843 946 3909 τοῖς
1001 3844 1116 3907 ceptum
1131 3839 1229 3891 tedalii
1244 3838 1346 3905 quidem
1360 3846 1388 3892 ul
1400 3840 1468 3892 lineri
1480 3844 1642 3904 tyrannorum
1659 3857 1708 3893 una
1725 3858 1783 3895 curn

169 3930 288 4011 πατράσι
302 3934 465 4005 δικαιοῦσιν,
479 3931 503 3988 οἱ
516 3927 543 3987 δέ
559 3930 682 4008 ἀειφυγίᾳ
704 3928 874 4002 κολάζουσιν,
891 3927 946 3989 ‹tla-

1000 3930 1062 3996 ipsis
1086 3929 1199 3995 patribus
1222 3932 1342 3981 necentur
1354 3943 1455 3994 acquum
1472 3933 1591 3990 censent;
1608 3928 1650 3980 alii
1669 3944 1729 3982 vero
1740 3947 1784 3984 eos

111 4069 142 4110 γ,
169 4043 220 4102 περ
230 4024 277 4082 oia
291 4018 465 4102 ἐνδεχομένης
479 4023 526 4091 τῆς
540 4018 645 4098 φύσεοις
660 4016 792 4097 χρηστοὺς
804 4019 902 4086 παῖδας
916 4021 946 4079 ἐκ
1001 4021 1123 4084 perpetuo
1142 4018 1232 4070 exsilio
1243 4018 1367 4069 mulctant
1382 4034 1388 4066 :
1407 4017 1479 4081 quasi
1498 4021 1588 4068 natura
1599 4032 1648 4068 non
1666 4020 1741 4083 terat,
1756 4025 1786 4073 ut

169 4115 291 4194 πονηρῶν
299 4112 420 4194 πατέρων
432 4107 450 4180 λ
463 4107 558 4175 κακοὺς
569 4106 594 4176 ll
607 4109 712 4183 ἀγαθῶν
722 4105 852 4185 γενέσθαι.
866 4107 947 4168 ’λλλδι
1002 4109 1060 4159 boni
1074 4108 1119 4159 tilli
1132 4123 1163 4160 ex
1184 4107 1258 4159 maiis
1270 4106 1397 4173 patribus,
1410 4110 1455 4157 aut
1477 4106 1536 4156 mali
1549 4120 1580 4157 ex
1595 4107 1667 4158 bonis
1679 4122 1781 4161 nascan-

109 4519 142 4558 ⁴5

170 4198 236 4282 ύπδρ
251 4200 297 4279 μὲν
311 4198 427 4272 τούτων,
446 4195 526 4258 είτιθ
546 4198 609 4276 παρ’
623 4194 754 4269 Ἕλλησιν
775 4196 889 4272 ἀμείνων
905 4196 948 4258 νύ·

1003 4203 1053 4251 tur.
1085 4198 1230 4251 Sedutrum
1252 4199 1396 4248 Graecorum
1416 4208 1471 4245 mos
1491 4195 1525 4245 sit
1542 4194 1638 4256 melior,
1651 4200 1785 4249 anilorna-

170 4313 236 4366 μοτ,
262 4290 314 4350 εἴτε
335 4289 366 4348 τὸ
385 4287 527 4365 Ῥωμαίων
551 4286 606 4353 teo<
630 4287 764 4365 κρεῖττον,
789 4285 885 4368 ἀφίημι
909 4289 947 4369 τῷ
1001 4301 1091 4338 norum
1108 4285 1263 4338 consuetudo
1277 4286 1311 4336 ait
1323 4282 1489 4349 prestantior,
1503 4282 1557 4334 hare
1575 4286 1656 4337 cuivis
1670 4286 1785 4352 relinquo

171 4379 323 4458 βουλομένῳ
336 4385 461 4437 σκοπεῖν·
481 4376 602 4454 ίπάνειμι
618 4375 642 4433 δ’
658 4373 703 4434 trrl
716 4373 750 4434 τά
764 4372 832 4447 ἑξῆς.

209 4469 344 4530 LXXXi.
369 4467 446 4527 Μετὰ
456 4465 507 4545 γάρ
522 4466 567 4526 τθν
581 4469 628 4525 τοῦ
646 4464 766 4525 Κασσίου
784 4462 895 4525 θάνατον
922 4467 946 4526 ol

171 4558 218 4632 μέν
233 4550 394 4624 αὐξάνοντες
401 4554 449 4626 τὴν
464 4555 667 4635 ἀριστοκρατίαν
687 4553 841 4635 θρασύτεροί
858 4556 946 4614 τεκαὶ

172 4643 410 4723 ὑπεροπτικώτεροι
431 4647 483 4703 τῶν
510 4645 659 4722 δημοτικῶν
681 4643 851 4722 ἐγεγόνεσαν·
869 4648 893 4705 οἱ
919 4644 946 4705 δδ

173 4733 199 4791 ἒν
213 4733 307 4812 ἀφανεῖ
319 4758 348 4794 τε
362 4733 423 4813 δόξῃ
442 4731 581 4816 φερόμενοι
596 4734 641 4793 καὶ
659 4732 709 4812 βίῳ
723 4735 759 4799 είς
773 4731 886 4790 ταπεινδ
902 4754 948 4791 συ-

171 4821 352 4889 νεστάλησαν.
372 4826 417 4884 καὶ
436 4827 473 4891 ῶς
494 4823 601 4905 ἀριστον
625 4819 821 4886 ἀπολωλεκότες
842 4819 948 4900 φύλακα

1002 4388 1163 4454 dispicienda.
1197 4386 1280 4438 iiedeo
1292 4390 1377 4438 autem
1390 4385 1423 4438 ad
1439 4385 1551 4437 antona
1565 4387 1663 4438 seriem.

1033 4478 1141 4527 LXXXI.
1162 4478 1219 4526 nost
1232 4475 1301 4525 cassi
1316 4478 1423 4525 mortem
1432 4473 1581 4539 optimatum
1593 4473 1709 4540 potaron
1722 4487 1784 4525 auc-

1003 4569 1070 4617 tores
1089 4564 1235 4616 audaciores
1254 4564 1313 4615 lacti
1333 4568 1404 4626 sunt,
1421 4568 1446 4615 et
1458 4563 1569 4628 plebeios
1591 4562 1719 4626 despicere
1732 4575 1783 4614 oae-

1002 4656 1091 4721 perunt
1112 4653 1238 4705 :obscuri
1261 4667 1321 4704 rero
1345 4653 1451 4704 nominis
1477 4656 1503 4703 rt
1524 4651 1616 4702 intimas
1639 4650 1785 4703 conditionis

1003 4744 1115 4796 homines
1128 4745 1225 4795 animos
1236 4743 1391 4795 demiserunt
1405 4748 1431 4794 et
1441 4781 1447 4803 ‚
1459 4746 1487 4793 ut
1498 4742 1592 4807 optimo
1603 4740 1682 4806 piebis
1692 4756 1783 4807 propu-

1003 4832 1105 4896 gnatore
1116 4831 1223 4893 amisso,
1234 4844 1329 4896 magnae
1341 4831 1473 4883 dementire
1488 4832 1587 4896 signnm
1601 4830 1784 4882 damnationem

117 4926 150 4966 ao
171 4913 219 4982 τῆς
233 4909 376 4984 δημοτικῆς
394 4913 499 4993 μερίδος
512 4910 614 4983 πολλὴν
629 4910 719 4969 ἄνοιαν
735 4911 835 4967 ἑαυτῶν
855 4906 949 4991 ίπὶτῇ
1004 4919 1079 4970 inisse
1100 4918 1252 4970 iudicabant.
1287 4919 1365 4971 cuins
1384 4921 1421 4971 rei
1442 4920 1499 4971 hac
1517 4924 1571 4971 erat
1592 4933 1696 4982 causa,
1717 4921 1785 4984 quod

172 4997 303 5079 καταδίκη
314 5001 538 5080 κατεγίγνωσκον.
553 5000 658 5061 Τούτου
667 4998 694 5056 al
707 4995 789 5055 αἴτιον
802 4990 845 5069 ἦν,
860 4993 900 5055 ότι
915 4998 949 5059 τὰ
1003 5006 1119 5059 consules
1133 5008 1378 5060 senatusconsultum
1392 5008 1425 5061 de
1441 5022 1501 5074 agro
1512 5008 1645 5060 dividendo
1656 5024 1704 5060 non
1716 5024 1784 5062 exse·

174 5086 285 5157 δόξαντα
297 5093 329 5168 τῆ
346 5092 428 5171 βουλῇ
444 5089 566 5169 περὶτῆς
582 5085 744 5167 κληρουχίας
756 5086 803 5144 otia
817 5085 949 5166 ἔπραττον

1004 5093 1154 5159 quebantur,
1170 5109 1249 5159 quum
1262 5099 1346 5147 tamen
1358 5096 1478 5149 deberent
1499 5098 1653 5148 decemviros
1675 5098 1739 5162 agris
1758 5098 1784 5149 tr·

172 5180 197 5237 οί
210 5176 323 5257 ὕπατοι,
334 5178 391 5240 δέον
405 5178 498 5245 αύτούς
514 5177 611 5257 ἄνδρας
625 5198 654 5234 τε
669 5172 803 5240 ἀποδεῖξαι
815 5173 880 5235 δέκα
891 5175 950 5244 τοὺς
1005 5182 1101 5235 alendis
1113 5196 1198 5236 creare
1208 5187 1234 5235 et
1250 5185 1283 5236 ad
1305 5188 1419 5237 senaturn
1433 5186 1544 5247 reterre,
1559 5191 1681 5251 qnantum
1693 5187 1745 5251 agri
1759 5191 1785 5237 et

172 5267 308 5347 ὁριοῦντας
324 5266 370 5340 τὴν
386 5271 436 5347 γῆν
457 5266 502 5326 καὶ
520 5265 714 5345 τίσηγνζσασθαι
737 5262 823 5340 πόσην
834 5287 862 5324 τι
875 5264 954 5336 αὐτῆς

1005 5272 1095 5339 quibus
1106 5276 1173 5326 esset
1184 5273 1359 5341 diuidendum.
1395 5277 1497 5343 lamque
1510 5274 1584 5327 multi
1597 5280 1678 5328 cretus
1691 5275 1784 5327 lichum
