4052 5926
226 368 289 430 380

229 489 286 570 «ἧς
307 496 346 558 έτι
360 495 404 556 τδν
425 496 509 571 δῆμον
529 491 611 552 οἴεται
625 494 735 566 δεῖσθαι,
758 520 770 547 ι
791 492 1005 572 Συγχωρήσαεε,

229 615 243 641 ι
257 586 348 667 ρησλν,
371 585 436 660 ἡμῖν
456 583 585 663 ἄρχοντας
614 581 799 642 ἀποδεικνύναι
817 586 877 642 καθ’
893 582 1005 644 ἕκαστον

230 706 242 729 ιι
258 673 375 735 ἐνιαυτὸν
402 671 428 740 ti
452 676 529 746 ἡμῶν
548 670 624 737 όσους
643 668 676 742 δή
701 694 786 740 τινας,
807 668 899 737 οίτινες
924 671 1006 731 ἄλλου

201 833 204 839 Ι
231 790 243 817 ιι
258 760 306 836 μὲν
321 759 424 827 οὐδενός
445 758 551 819 έσονται
574 758 676 838 κύριοι,
699 764 753 827 τοῖς
774 758 801 819 δέ
828 759 1007 836 ἀδικουμένοις

187 877 200 914 ς
229 876 242 903 ι
257 847 274 918 ἢ
289 845 505 927 κατισχυομένοις
525 849 578 905 τῶν
592 847 714 923 δημοτῶν
734 846 903 926 βοηθήσουσι,
918 849 964 907 καὶ
977 851 1006 907 οὐ

229 963 242 988 ιι
256 936 425 1017 περιόψονται
451 939 504 993 τῶν
530 937 639 994 δικαίων
667 935 874 1016 ἀποστερόμενσν
895 936 1005 996 οὐθένα·

230 1052 242 1077 ιι
259 1032 338 1085 τοῦτο
358 1028 372 1082 ὐ
395 1035 425 1092 ἀς
450 1023 641 1099 ἀντιόολοῦμεν
666 1025 711 1085 καλ
733 1025 845 1098 δεόμεθα
868 1024 932 1104 πρός
953 1034 1007 1093 τοῖς

230 1132 243 1157 ι
259 1106 346 1171 ἀλλοις
359 1049 401 1170 ui<
416 1104 566 1178 δεδώκατε,
583 1106 606 1163 εἰ
621 1103 659 1181 μὴ
674 1104 749 1182 λόγος
771 1108 829 1163 ἀλλ’
851 1105 926 1185 ἔργον
941 1105 1005 1165 είσὶν

177 1223 203 1262 10
231 1220 243 1246 ιι
261 1194 288 1251 αδ
305 1193 458 1270 διαλλαγαὶ,
477 1194 567 1251 δοῦναι
581 1191 627 1250 καὶ
642 1191 818 1274 χαρίσασθαι.
835 1220 847 1245 ν

269 1283 453 1343 LXXXVlll.
470 1280 505 1342 Ὁ
515 1280 563 1358 μέν
576 1270 621 1340 οὐν
633 1283 723 1356 δῆμος,
736 1284 771 1348 ὡς
785 1279 884 1340 τούτων
896 1280 1006 1356 ἤκουσε,

230 1369 334 1449 μεγάλῃ
358 1373 407 1449 βοῇ
432 1371 478 1428 καὶ
502 1368 583 1449 μέχρι
612 1371 710 1427 πολλοῦ
730 1370 878 1449 κατεχούσῃ
906 1370 950 1429 τόν
978 1391 1007 1427 τε

230 1456 314 1536 ἀνδρα
328 1456 420 1536 ἐπῄνει
437 1455 484 1515 καλ
507 1455 566 1524 τούς
580 1455 747 1536 πρεσόευτάς
771 1458 918 1536 παρεκάλει
943 1479 1006 1536 συγ-

228 1544 352 1626 χωρῆσαί
363 1568 436 1626 σρισι
452 1547 592 1604 καὶτοῦτο.
635 1546 671 1603 Oi
684 1544 712 1604 δέ
725 1544 850 1625 πρέσόεις
860 1545 1008 1622 μεταστέν-

228 1656 269 1700 τες
283 1635 313 1692 ia
327 1637 374 1702 τῆς
388 1633 529 1707 ἐκκλησίας
542 1636 587 1692 καὶ
599 1633 777 1713 διαλεχθέντες
794 1633 870 1712 ὀλίγα
884 1632 949 1714 πρός
961 1637 1009 1694 ἀλ·

177 1744 202 1783 ιε
228 1720 342 1795 λήλους,
362 1725 486 1800 παρῆσαν
504 1724 532 1781 οὐ
547 1722 590 1780 διὰ
613 1729 726 1802 μακροῦ,
770 1724 878 1793 Σιωπῆς
896 1721 1009 1801 δέγενο·

228 1809 309 1888 μένης
321 1811 483 1889 παρελθὼνθ
497 1812 626 1883 Μενήνιος
640 1801 710 1870 εἷπε·
754 1811 817 1871 «Τὸ
827 1810 875 1888 μὲν
886 1820 1009 1891 πρᾶγμα,

229 1927 242 1954 ιι
257 1888 279 1959 ώ
302 1888 426 1977 δημόται,
445 1898 515 1979 μέγα
525 1899 570 1959 καὶ
579 1899 686 1957 πολλῶν
703 1899 798 1976 μἐστὸν
811 1902 928 1981 ὑποψιῶν
949 1900 1009 1960 ἀτό·

228 2014 242 2042 ιι
256 2010 327 2047 πων·
356 1988 412 2056 δέος
434 2012 464 2047 τε
486 1989 531 2049 καὶ
552 1989 655 2068 φροντίς
686 1994 758 2067 ἡμᾶς
783 1990 941 2070 εἰσέρχεται,
968 1989 1007 2066 μή

229 2106 242 2133 ιι
263 2101 328 2138 rcere
343 2077 390 2138 δύο
400 2078 489 2147 πόλεις
502 2076 655 2156 ποιήσωμεν
670 2080 696 2137 έν
712 2086 771 2160 μιᾷ·
789 2078 858 2148 πλὴν
889 2079 955 2156 τόγ’
967 2082 1006 2158 ἐρ’

175 2204 203 2243 20
229 2195 242 2221 ιι
257 2168 321 2245 ἡμῖν
340 2159 406 2224 εἶναι
428 2166 504 2246 μέρος
531 2165 590 2225 οὐδὲ
609 2165 675 2243 πρθς
698 2164 798 2237 ταύτην
821 2166 1007 2245 ἐναντιούμεθα

229 2284 242 2311 ιι
255 2256 303 2330 την
318 2255 410 2327 δέησιν
434 2258 518 2332 ὑμῶν.
560 2257 648 2316 Τοῦτο
659 2253 748 2333 μέντοι
761 2255 909 2335 χαρίσασθε
923 2259 1006 2334 ἡμῖν,

229 2368 242 2396 ιι
257 2341 271 2402 θ
284 2340 330 2401 καί
340 2341 406 2423 ὑπὲρ
415 2345 489 2420 ὑμῶν
499 2345 585 2401 ἐστιν·
601 2338 757 2421 ἐπιτρέψατε
773 2345 826 2401 τῶν
839 2340 1008 2423 πρεσόευτΐον

229 2456 242 2484 ιι
257 2429 324 2489 τισὶν
339 2430 374 2497 είς
388 2428 436 2501 τὴν
450 2429 527 2490 πόλιν
549 2427 715 2511 ἀφικομένοις
739 2428 859 2501 δηλῶσαι
879 2432 1007 2510 τῇβουλῇ

229 2546 242 2572 ιι
255 2524 352 2579 ταῦτα·
375 2518 421 2578 καὶ
438 2517 489 2598 γδρ
512 2521 535 2578 εἰ
553 2518 602 2591 τὴν
623 2516 742 2586 ἐξουσίαν
760 2519 824 2600 παρ’
841 2518 923 2589 αὐτῆς
943 2520 1008 2599 έχο-

175 2639 201 2679 25
229 2635 241 2662 ιι
256 2633 315 2684 μεν,
345 2607 416 2676 όπως
439 2607 469 2665 ἀν
492 2606 648 2687 βουλώμεθα
674 2608 836 2678 ποιήσασθαι
860 2606 908 2672 τδις
934 2608 1008 2667 διαλ-

229 2723 241 2751 ιι
254 2696 340 2775 λαγύις
365 2696 553 2776 αὐτοκράτορες
567 2695 639 2763 όντες
658 2700 710 2756 τῶν
735 2695 917 2776 ὑποσχέσεων,
935 2695 1009 2756 αὐτοί

231 2811 244 2838 ιι
258 2784 289 2863 γέ
317 2807 358 2844 τοι
383 2784 475 2843 λαόεῑν
498 2788 568 2844 τοῦτ’
594 2788 624 2844 οὐ
649 2786 817 2863 δικαιοῦμεν,
843 2784 904 2843 ἀλλ’
918 2783 1008 2857 ἐπειδὴ

228 2900 241 2926 ιι
255 2871 330 2951 παρὰ
366 2871 443 2941 δόξαν
477 2876 542 2949 ἡμῖν
575 2873 726 2945 ἀπήντηται
763 2881 874 2951 πρᾶγμα
909 2874 1008 2950 καινὸν,

229 2988 242 3015 ιι
257 2959 412 3041 ἀψελόμενοι
421 2959 469 3032 τὴν
487 2961 555 3019 ἰδίαν
568 2959 685 3029 ἐξουσίαν
699 2964 738 3041 τῷ
750 2961 876 3043 συνεδρίῳ
891 2961 1009 3043 φέροντες

175 3085 203 3125 ,0
229 3078 242 3105 ιι
258 3049 440 3128 ἀναθήσομεν·
470 3048 635 3127 πεπείσμεθα
667 3051 755 3128 μέντοι
780 3051 894 3132 κάκείνῳ
925 3052 1009 3115 ταύτύι

228 3166 242 3192 ιι
260 3137 339 3207 δόξειν
355 3137 423 3218 όπερ
444 3139 517 3216 ἡμῖν.
572 3138 645 3219 Ἐγώ
666 3139 713 3215 μέν
737 3130 781 3198 οὐν
806 3140 896 3200 ένθοίδε
920 3144 1005 3218 μενῶ,

228 3252 242 3277 ιι
257 3225 303 3284 καὶ
323 3227 373 3287 σύν
392 3225 451 3301 ὐμοί
477 3249 504 3284 τι
528 3225 605 3309 μέρος
626 3230 672 3299 τῆς
687 3227 841 3308 πρεσόείας·
865 3228 1009 3307 Οὐαλέριος

228 3339 241 3365 ιι
255 3311 284 3371 δέ
304 3313 461 3393 πορεύσεται
479 3313 525 3374 κοιλ
545 3317 569 3374 ol
597 3315 683 3376 λοιποί
708 3317 756 3374 σύν
777 3318 859 3394 αὐτῷ.
876 3344 888 3369 ν
930 3315 1008 3377 ’Eid-

228 3424 269 3460 κει
281 3408 379 3461 ταῦτα·
395 3401 441 3461 καὶ
453 3399 524 3462 κατδ
544 3402 660 3475 σπουδὴν
676 3403 819 3471 ἀναόέντες
831 3403 875 3463 incl
894 3392 979 3470 τούςί
998 3440 1009 3452 -

174 3525 201 3565 35
229 3513 306 3565 πους,
323 3489 437 3563 ἤλαυνον
451 3493 487 3558 είς
499 3490 548 3565 τὴν
569 3492 645 3554 πόλιν
667 3496 690 3552 ul
714 3494 850 3571 μέλλοντες
876 3492 1004 3565 δηλώσειν

224 3579 358 3659 τῇβουλῇ
378 3578 412 3638 τὰ
430 3580 568 3658 γενόμενα.
614 3581 768 3662 Προθέντων
790 3580 817 3640 δέ
833 3584 885 3639 τῶν
900 3583 1008 3643 ὐποίτων

226 3668 303 3745 λόγον
330 3674 384 3735 τοῖς
401 3668 552 3749 συνέδροις,
577 3670 725 3750 Οὐαλερίου
747 3670 794 3747 μὲν
811 3663 843 3743 ἦν
854 3671 948 3749 γνώμη
968 3675 1007 3732 δι-

227 3756 301 3814 δόναι
322 3757 368 3817 καλ
384 3761 482 3829 ταύτην
496 3761 535 3839 τῷ
561 3758 638 3837 δήμῳ
652 3759 700 3829 τὴν
720 3757 818 3839 χάριν·
834 3758 946 3828 Ἄππιος
961 3759 1005 3835 δὲ,

226 3842 308 3923 όσπερ
321 3845 348 3915 ἐξ
364 3848 449 3927 ἀρχῆς
460 3850 615 3918 ἠναντιοῦτο
633 3851 691 3914 ταῖς
707 3845 876 3921 διαλλαγαῖς,
890 3848 934 3904 καλ
948 3846 1007 3906 τότε

174 3967 202 4007 40
227 3934 259 3991 έκ
273 3939 320 3992 τοῦ
334 3940 447 4015 φανεροῦ
465 3935 608 4015 ἀντέλεγε,
629 3938 697 4015 βοῶν
720 3934 766 3994 καί
779 3932 850 4000 θεοὺς
862 3937 1007 4013 έπεμαρτυ·

229 4020 335 4099 ρόμενος
356 4023 400 4080 καὶ
419 4023 487 4082 όσων
510 4024 603 4100 μελλοι
628 4022 735 4102 σπέρμα
752 4025 842 4080 κακῶν
867 4023 1006 4103 βαλεῖνσῇ

229 4106 350 4185 πολιτεία
371 4109 517 4189 προλέγων.
577 4112 646 4172 Ἀλλ’
673 4114 722 4172 οὐκ
752 4112 837 4172 έπειθε
865 4113 924 4179 τούς
944 4115 1007 4172 πολ·

226 4191 296 4267 λούς,
307 4195 475 4271 ὡρμηκότας,
487 4197 579 4279 ώσπιρ
591 4190 680 4277 εἷπον,
695 4200 869 4262 διαλύσασθαι
881 4201 929 4274 πλν
943 4201 1007 4262 σεά-

226 4308 276 4345 σεν.
320 4283 425 4344 Γίνεται
440 4286 472 4357 δέ,
492 4288 618 4369 ψήφισμα
641 4295 689 4363 τῆς
710 4294 820 4372 βουλῆς,
836 4290 869 4351 τό
892 4315 921 4351 τε
937 4292 1007 4351 ἀλλα

173 4412 199 4450 45
225 4375 275 4435 δσα
301 4376 325 4432 oi
346 4370 469 4453 πρέσόεις
495 4374 640 4457 ὑπέσχοντο
667 4381 705 4459 τῷ
733 4380 810 4461 δήμῳ
827 4380 916 4440 πάντα
939 4369 1007 4438 εἶναι

225 4463 315 4543 κύρια,
341 4462 388 4523 καί
409 4461 457 4535 τὴν
491 4465 637 4546 ἀσροίλειαν
671 4468 704 4541 ἣν
730 4471 820 4549 ᾐτεῖτο
844 4467 1003 4550 ἐπιτρέπειν.

226 4554 322 4613 Ταῦτα
337 4555 361 4612 οἱ
376 4550 498 4635 πρέσόεις
514 4554 711 4633 διοικησάμενοι
729 4561 763 4635 τῇ
788 4555 899 4615 κατόπιν
918 4555 1007 4634 ἡμέρᾳ

225 4645 349 4721 παρῆσαν
372 4643 416 4700 ἐπὶ
435 4641 466 4702 τδ
488 4643 684 4722 στρατόπεδον,
709 4644 755 4703 καὶ
775 4644 811 4703 τδι
836 4643 947 4712 δόξαντα
972 4648 1007 4723 τῇ

226 4733 308 4811 βουλῇ
325 4730 498 4810 διεσάρησαν.
544 4731 621 4794 Merit
632 4738 709 4793 τοῦτο
728 4731 861 4805 Μενηνίου
875 4729 1005 4812 παραινέ-

173 4855 200 4895 w
226 4844 319 4886 σαντος
333 4828 385 4888 τοῖς
400 4822 527 4899 δημόταις
545 4823 703 4884 ἀποστεῖλαί
720 4845 793 4889 τινας
807 4824 844 4889 εἰς
855 4819 903 4893 τὴν
916 4819 1004 4894 πόλιν,

226 4895 264 4970 sle
288 4911 305 4977 ἡ
335 4910 422 4986 βουλὴ
447 4909 482 4970 τό
509 4910 592 4971 πιστθι
611 4910 711 4987 δώσει,
739 4912 873 4988 πέμπεται
896 4909 1007 4978 Λεύκιος

226 4990 334 5062 Ἰούνιος
347 4999 479 5076 Βροῦτος,
496 4999 562 5080 ὑπὲρ
577 4989 608 5060 οὐ
628 5002 757 5081 πρότερον
773 4999 878 5079 εἴρηκα,
891 5001 937 5059 καὶ
956 5000 1003 5059 οὐν

227 5081 301 5159 αὐτῷ
318 5084 525 5161 ΜάρκοςΔίκιος
546 5086 592 5146 καί
614 5090 729 5169 Σπόριος
744 5088 857 5155 Ἰκίλιος.
900 5092 963 5150 Τῶν
978 5087 1006 5148 δὲ

227 5169 301 5251 παρὰ
311 5173 358 5241 τῆς
368 5173 465 5248 βουλῆς
474 5175 643 5256 ἀφιγμένων,
659 5179 684 5237 σί
702 5176 750 5254 μὲν
765 5176 870 5254 ἡμίσεις
882 5177 940 5254 ἀμα
951 5179 1006 5246 τοῖς

753 360 924 423 DIONYSH
947 358 1334 423 HALlCAllNASSENSls,

1034 468 1037 473 Ι
1062 521 1076 545 ι
1090 500 1172 551 dicere
1180 498 1319 550 cautiuuem
1327 512 1376 562 qua
1387 498 1485 562 plebem
1497 498 1581 550 adbuc
1590 512 1662 563 egere
1670 482 1842 551 existimaret:

1062 594 1075 619 ι
1092 573 1234 634 Concedite,
1246 573 1334 635 iuquit,
1343 573 1431 635 nobis,
1446 578 1477 624 ut
1490 575 1623 639 quotannis
1636 574 1731 638 aliquot
1752 588 1784 626 ex
1803 590 1842 625 on·

1062 666 1075 691 ι
1089 647 1147 698 diue
1162 650 1248 698 nostro
1262 646 1399 708 eligamus,
1418 649 1463 711 qui
1485 649 1658 712 magistratum
1678 654 1774 711 gerant,
1788 652 1842 713 qui·

1062 739 1075 764 ιι
1087 734 1137 785 que
1151 720 1243 770 nullam
1253 718 1326 770 aliam
1339 722 1513 770 auctoritatem
1527 734 1558 771 ac
1567 725 1714 785 potestatem
1725 723 1842 797 babeant,

1062 815 1075 840 ι
1089 795 1239 847 sedtantum
1256 793 1359 859 plebeiis
1370 795 1485 846 iniuriam
1502 798 1594 847 civim
1610 800 1761 863 patientibus
1772 814 1846 865 opem
1865 832 1876 867 .·.

1062 876 1172 936 «terant,
1187 889 1232 926 uec
1251 888 1402 941 quemquam
1417 876 1471 927 iure
1490 889 1536 926 suu
1548 877 1656 928 fraudari
1673 881 1807 944 patiantur.
1826 878 1846 933 Ἀ

1062 972 1075 998 ι
1091 951 1163 1002 robis
1174 954 1257 1001 autem
1271 949 1413 1014 suppliciter
1424 951 1532 1015 petimus
1543 955 1570 1003 et
1583 954 1699 1018 precibus
1715 957 1846 1009 contendi·

1063 1047 1076 1072 ιι
1095 1040 1168 1087 mus,
1189 1028 1218 1075 ut
1236 1029 1326 1089 praeter
1340 1025 1403 1087 alta,
1426 1039 1483 1089 quae
1509 1027 1576 1077 ultro
1596 1030 1669 1080 uobis
1689 1034 1846 1085 concessistis

1062 1120 1076 1144 ι
1089 1098 1127 1164 (si
1141 1097 1215 1147 modo
1226 1110 1276 1146 nou
1292 1095 1382 1157 verbis,
1395 1097 1441 1147 sed
1453 1111 1540 1149 revera
1558 1098 1591 1150 de
1605 1114 1667 1165 pace
1677 1104 1786 1166 agitur),
1798 1105 1847 1156 boc

1062 1189 1076 1215 ιι
1090 1166 1265 1235 quuquedclis
1275 1169 1301 1217 et
1314 1167 1458 1231 largiamini.
1477 1189 1490 1213 ιι

1093 1266 1246 1318 LXXXVIII.
1264 1263 1338 1316 Plebs
1356 1264 1432 1330 igitur
1447 1266 1488 1316 bis
1509 1269 1602 1321 auditis
1616 1270 1709 1337 lugenti
1723 1286 1754 1323 ac
1774 1275 1847 1339 longo
1865 1280 1890 1321 ‘r

1060 1373 1168 1424 clamme
1181 1370 1305 1421 bominem
1325 1370 1455 1436 laudarit,
1472 1378 1498 1425 et
1519 1375 1634 1439 elegatis
1658 1379 1730 1442 petiit
1747 1385 1777 1431 ut
1799 1381 1847 1432 boc

1061 1487 1160 1541 quoque
1169 1473 1217 1524 sibi
1228 1473 1400 1526 concederent.
1435 1478 1498 1528 Tum
1514 1478 1598 1543 legati,
1610 1493 1668 1530 cum
1691 1495 1706 1532 e
1728 1482 1847 1533 concione

1062 1574 1230 1637 secessissent,
1244 1579 1301 1639 post
1316 1575 1431 1630 habitum
1447 1577 1513 1630 iuter
1538 1592 1566 1631 se
1586 1580 1662 1633 breve
1677 1576 1846 1648 colloquium',

1062 1690 1112 1728 non
1124 1676 1204 1727 multu
1214 1677 1414 1742 postrediarunt.
1448 1681 1525 1733 Facto
1538 1685 1623 1734 autem
1638 1685 1745 1742 silentio.
1760 1664 1845 1742 Mene*-
1867 1732 1879 1763 .-

1063 1784 1120 1835 niua
1140 1796 1285 1847 progressus
1312 1783 1348 1836 ita
1365 1787 1405 1837 est
1426 1785 1526 1838 bcutus
1549 1805 1555 1835 :
1583 1806 1596 1831 ι
1621 1789 1711 1852 ldagna
1732 1803 1774 1842 res
1793 1794 1847 1854 est,

1065 1907 1078 1932 ιι
1092 1886 1211 1948 Quirites,
1225 1885 1346 1937 simultis
1361 1888 1542 1953 suspicionibus
1553 1888 1669 1940 absurdis
1680 1891 1765 1955 plena,
1780 1896 1847 1947 etti-

1065 2005 1079 2031 ιι
1092 1998 1147 2036 mor
1161 1988 1187 2036 et
1198 1998 1258 2036 cura
1269 1997 1315 2034 nos
1326 1985 1408 2047 subit,
1421 2001 1453 2037 ne
1469 1986 1533 2038 torte
1550 1988 1614 2038 duas
1625 1989 1739 2041 ciuitates
1755 1993 1779 2042 in
1798 2008 1848 2045 una

1064 2112 1077 2138 ι
1096 2092 1215 2143 iaciamus
1226 2094 1425 2154 :verumtamem
1435 2098 1556 2155 quantum
1570 2094 1846 2158 innobiserll,nebuic
1888 2166 1898 2183 ἱ

1064 2215 1077 2240 ιι
1091 2196 1193 2259 quidem
1203 2200 1287 2249 vestro
1303 2197 1381 2261 petito
1394 2195 1590 2247 adversabimur.
1608 2199 1661 2247 lloc
1674 2200 1754 2247 tamen
1773 2198 1847 2250 uobis
1870 2188 1896 2203 '⁴

1064 2318 1077 2342 ι
1093 2300 1238 2361 concedite,
1251 2300 1319 2365 quud
1331 2301 1405 2351 etiam
1417 2314 1463 2365 pro
1475 2300 1546 2351 robis
1559 2301 1617 2354 iacit
1632 2322 1638 2351 :
1654 2303 1790 2367 permittite
1801 2282 1845 2371 lex·

1064 2419 1077 2444 ιι
1091 2402 1156 2464 gatis
1164 2401 1286 2451 nonnullis
1296 2403 1324 2450 ut
1334 2401 1359 2451 in
1372 2400 1457 2451 urbem
1469 2399 1581 2464 redeant,
1592 2407 1617 2453 et
1630 2402 1684 2453 lues
1693 2406 1791 2455 senaim
1802 2376 1846 2458 θέ-

1065 2524 1078 2550 «
1093 2506 1195 2558 clareat.
1213 2504 1334 2563 Quamvis
1348 2505 1414 2555 emm
1427 2508 1576 2569 potestatem
1591 2504 1623 2555 ab
1633 2520 1664 2557 eo
1677 2509 1848 2571 acceperimus

1064 2628 1076 2652 ιι
1092 2608 1215 2659 arbitratu
1225 2611 1310 2659 nostro
1322 2608 1525 2672 compositionem
1539 2609 1653 2671 lactendi,
1664 2613 1689 2661 et
1703 2611 1781 2662 libere
1793 2614 1848 2676 pol·
1874 2622 1900 2659 ..ι

1064 2728 1078 2757 ιι
1091 2708 1183 2761 licendi
1192 2709 1313 2773 quidquid
1324 2709 1452 2774 placuerit,
1466 2712 1550 2759 tamen
1565 2709 1667 2761 minime
1678 2724 1778 2777 aquuru
1794 2726 1851 2765 ceu·

1065 2841 1078 2865 ιι
1093 2833 1188 2882 semus
1200 2821 1229 2869 ut
1242 2822 1339 2869 tautam
1352 2817 1424 2869 uobis
1438 2832 1594 2869 assumamus
1609 2838 1616 2868 ε
1629 2818 1675 2870 sed
1690 2820 1749 2885 quia
1759 2825 1850 2886 prater

1066 2943 1078 2966 ι
1095 2922 1235 2988 opinionem
1242 2923 1307 2971 nor'a
1313 2919 1491 2971 baecresuubis
1500 2919 1645 2983 occurrerit,
1656 2922 1728 2985 quasi
1741 2922 1850 2976 tracuus·

1066 3047 1078 3074 ιι
1093 3030 1132 3076 tra
1141 3029 1264 3090 potestate
1273 3023 1370 3089 privati,
1383 3039 1436 3075 rem
1444 3028 1523 3077 totam
1534 3028 1567 3078 ad
1578 3033 1689 3081 senatum
1703 3035 1849 3083 celeremus
1896 3086 1901 3095 ,

1066 3149 1079 3174 ιι
1094 3132 1242 3179 Persuasum
1255 3130 1339 3178 umen
1355 3127 1477 3181 babemus
1491 3132 1577 3184 cadem
1598 3132 1643 3195 illi,
1661 3148 1718 3199 <pru
1737 3140 1766 3186 et
1777 3135 1851 3186 uobis

1064 3256 1077 3281 ιι
1092 3234 1223 3299 probatum
1234 3230 1271 3282 iri.
1305 3235 1444 3297 euoluitur
1456 3237 1620 3298 biemanebo,
1637 3244 1663 3291 et
1676 3253 1774 3291 meeum
1787 3256 1850 3307 pars

1065 3352 1078 3377 ιι
1094 3330 1177 3392 aliqua
1189 3327 1326 3392 legatorum
1336 3350 1343 3378 ι
1355 3331 1470 3382 Valerius
1481 3346 1541 3384 reru
1552 3348 1611 3385 cum
1626 3335 1724 3398 reliquis
1738 3338 1792 3387 auis
1804 3352 1849 3390 so-

1065 3457 1078 3481 ι
1092 3435 1137 3486 elis
1147 3433 1233 3483 abibit.
1250 3452 1262 3476 ν
1276 3433 1426 3487 Placuernnt
1445 3437 1494 3489 ista
1519 3454 1692 3507 :propereque
1705 3430 1849 3497 conscensis
1893 3508 1899 3517 γ

1063 3541 1134 3606 equis
1149 3539 1193 3604 qui
1207 3539 1304 3590 senatui
1319 3541 1455 3592 nuntiaturi
1472 3549 1551 3608 eraut,
1568 3560 1625 3612 quta
1646 3549 1802 3613 gerebantur,
1815 3550 1851 3601 ad
1893 3530 1898 3541 ¹

1062 3647 1150 3699 urbem
1172 3640 1360 3694 contenderunt.
1394 3645 1457 3694 cnm
1488 3650 1573 3698 autem
1600 3652 1718 3702 consules
1734 3665 1787 3702 rem
1816 3653 1852 3705 ad

1063 3746 1178 3797 senatum
1201 3738 1351 3803 retulissent,
1372 3742 1487 3794 valerius
1503 3745 1552 3796 boc
1578 3763 1678 3813 quoque
1701 3720 1851 3804 beneficmm

1063 3850 1130 3916 plebi
1144 3845 1255 3897 dandum
1276 3847 1373 3896 cenauit
1389 3867 1395 3896 :
1409 3852 1435 3900 at
1456 3852 1563 3916 Appius,
1587 3854 1633 3916 qui
1653 3854 1703 3905 lam
1723 3855 1757 3906 ab
1777 3855 1851 3906 initio

1062 3951 1117 4017 paci
1128 3947 1313 4006 adversabatur,
1324 3950 1383 3997 lunc
1403 3963 1504 4015 quoque
1523 3956 1609 4017 aperte
1623 3955 1774 4006 conuadixit
1784 3994 1791 4017 ‚
1801 3970 1851 4007 νο·

1062 4052 1168 4103 citemus
1179 4055 1206 4102 et
1218 4050 1280 4101 deus
1293 4051 1428 4110 obtestans,
1441 4055 1468 4101 et
1482 4052 1620 4116 praedicens
1634 4059 1785 4118 quantarum
1799 4056 1854 4107 rei·

1065 4166 1169 4231 publicae
1190 4169 1357 4219 calamitatum
1373 4166 1466 4215 semina
1489 4160 1579 4212 tacturi
1595 4161 1687 4211 essent.
1722 4159 1771 4209 sed
1791 4172 1851 4210 ma-

1063 4266 1137 4316 ximae
1154 4281 1240 4318 corum
1253 4266 1316 4331 parti
1333 4264 1381 4313 boc
1394 4259 1544 4327 persuadere
1566 4272 1614 4310 non
1629 4259 1719 4323 potuit,
1740 4259 1807 4324 quia,
1819 4264 1851 4312 ut

1063 4375 1120 4424 ante
1132 4372 1193 4432 dixi,
1206 4372 1239 4422 ad
1252 4384 1337 4437 pacem
1353 4370 1424 4421 eraut
1448 4362 1616 4431 procliviores.
1650 4362 1753 4411 Factum
1771 4359 1849 4423 igilur

1063 4474 1103 4521 est
1125 4469 1385 4529 senatusconsultum,
1413 4468 1442 4515 ut
1466 4475 1523 4514 cum
1562 4463 1672 4519 celeres,
1692 4473 1750 4524 quse
1771 4457 1849 4522 legati

1062 4572 1126 4636 plebi
1141 4573 1313 4637 promiserant,
1326 4569 1407 4621 omnia
1422 4569 1476 4618 rata
1486 4565 1579 4627 essent,
1591 4566 1647 4614 tum
1659 4565 1735 4614 etiam
1745 4561 1768 4613 ei
1780 4560 1849 4612 lianc

1063 4669 1211 4727 cautionem,
1225 4683 1300 4733 qaam
1316 4667 1425 4733 petebat,
1443 4665 1624 4730 penultierent.
1659 4661 1705 4711 llis
1720 4658 1849 4724 peractis,

1062 4771 1136 4837 legati
1148 4773 1248 4836 postero
1259 4770 1299 4821 die
1314 4770 1339 4820 ia
1354 4773 1436 4821 castra
1449 4767 1584 4831 redierunt,
1598 4769 1626 4817 et
1641 4767 1744 4817 senatus
1756 4764 1851 4829 placita

1062 4844 1237 4935 exposuerunt.
1271 4871 1326 4926 Quo
1341 4868 1406 4919 lacto
1423 4881 1480 4918 cum
1498 4868 1628 4919 Menenius
1643 4865 1765 4917 suasisset
1781 4864 1851 4929 plebi
1901 4870 1907 4881 '

1061 4973 1091 5021 ut
1105 4971 1202 5036 aliquos
1212 4973 1238 5023 in
1254 4971 1342 5024 urbem
1355 4972 1473 5031 mitteret,
1488 4969 1532 5033 qui
1541 4969 1573 5020 ab
1587 4973 1675 5021 senatu
1689 4968 1766 5020 iidem
1778 4969 1849 5021 acei-

1061 5080 1155 5143 pereut,
1165 5078 1273 5129 mittitur
1284 5083 1311 5130 L.
1325 5079 1413 5129 lunius
1424 5079 1525 5136 Brutus,
1539 5075 1570 5126 de
1581 5088 1632 5138 quo
1644 5075 1701 5126 aute
1711 5072 1761 5124 ieci
1772 5085 1848 5123 meu-

1061 5184 1163 5248 tloaem,
1175 5185 1267 5234 etcum
1278 5197 1308 5234 eo
1320 5185 1354 5233 n.
1365 5181 1466 5240 Decius,
1477 5182 1505 5231 et
1516 5181 1558 5244 Sp.
1570 5178 1662 5231 lollius.
1696 5180 1852 5241 legaturum
