3986 5938
609 431 902 525 ANTIQUITATUM
924 431 1073 494 ROMAN.
1098 433 1173 496 LlB.
1197 433 1248 496 x1.

117 568 194 626 «τῶν
210 562 451 643 ἀντιποιουμένων,
473 560 565 643 κυρίου
587 560 635 622 καλ
650 561 770 641 πατρὸς,
795 566 819 622 εἰ
844 560 891 640 μίν

118 684 130 710 ι
147 654 291 737 ἀμφότεροι
306 657 447 732 παρῆσαν,
472 650 517 711 τὸν
531 649 636 732 πατάρα
654 658 763 731 κρατεῖν
781 656 826 710 τοῦ
840 650 894 710 σόι-

119 774 131 800 ι
146 767 228 823 ματος
243 743 323 824 μέχρι
337 741 420 814 δίκης.
460 738 541 802 Ἐπεὶ
557 742 580 800 δ’
596 742 694 808 ἐκεῖνος
719 740 833 814 ἀπιστι,
848 738 893 799 τδν

118 833 232 913 «κύριον
249 834 396 909 ἀπαγαγεῖν
409 829 538 908 ἀγγυητθις
558 827 698 909 ἀξιόχρεως
721 827 799 888 δόντα
812 850 895 887 κατα·

1 1001 2 1018 γ
78 947 90 984 ε
119 919 252 993 «στήσειν
268 915 366 988 initio
376 916 478 997 ἀρχὴν,
497 914 560 976 όταν
575 918 590 974 θ
603 914 691 996 πατὴρ
706 917 786 987 αὐτῆς
806 937 895 996 παρα.

118 1036 130 1062 ι
146 1007 264 1087 γίνηται.
287 1007 355 1087 Περί
371 1006 398 1065 δὲ
413 1008 466 1065 τῶν
477 1007 612 1084 ἀγγυητῶν
625 1006 670 1063 καὶ
685 1011 730 1063 τοῦ
744 1002 895 1082 τιμήματος

117 1097 191 1156 ικαὶ
208 1102 254 1156 τοῦ
276 1096 358 1174 μηθθν
379 1100 447 1174 ὑμᾶς
469 1097 648 1165 ἀλαττωθῆναι
671 1091 732 1173 περί
755 1092 803 1166 τήν
819 1092 894 1164 δίκην

116 1214 129 1239 ιι
143 1187 244 1261 πολλὴν
259 1186 408 1262 ποιήσομαι
422 1184 563 1262 πρόνοιαν,
587 1170 610 1240 ῶ
634 1179 795 1259 Νομιτῶριι.
839 1181 895 1239 Νῦν

117 1302 130 1329 ν
144 1276 172 1334 ii
185 1275 303 1355 παράδος
317 1275 365 1347 τὴν
380 1272 473 1354 κόρην.
497 1298 511 1325 υ
553 1272 640 1330 Τοῦτο
663 1269 694 1327 αθ
708 1271 782 1337 τέλος
797 1267 897 1348 ἀξενέγ·

0 1412 1 1415 ,
65 1391 91 1430 ιο
116 1385 209 1433 καντος
223 1363 347 1438 Ἀππίου,
358 1360 440 1429 πολὺς
452 1358 500 1438 μίν
515 1359 626 1441 ὀδυρμὸς
635 1358 687 1418 tab
696 1362 742 1430 τῆς
755 1358 896 1439 παρθάνου,

115 1452 225 1515 καὶτῶν
240 1453 302 1534 πιρλ
324 1451 406 1525 αὐτὴν
419 1454 551 1531 γυναικῶν
573 1450 671 1529 δγῖνιτο
693 1448 739 1508 καῖ
764 1450 892 1527 κοπιτὸς,

4 1588 7 1615 ,
115 1542 201 1613 πολλή
215 1541 243 1601 δὲ
257 1540 360 1621 κραυγὴ
375 1540 421 1599 καὶ
435 1539 615 1616 ἀγανάκτησις
633 1540 664 1596 ἐκ
687 1542 734 1596 τοῦ
750 1560 892 1617 παραστη-

4 1702 5 1707 ,
115 1628 190 1697 κότος
203 1629 283 1709 όχλου
297 1628 329 1687 τὸ
346 1632 430 1707 βῆμα.
474 1627 508 1689 ‘0
532 1629 558 1688 δῖ
585 1629 689 1707 μκλλων
715 1632 825 1708 ἄγεσθαι
845 1637 894 1701 την

115 1717 196 1795 κόρην
212 1717 315 1784 Ἰκίλιος
335 1714 464 1797 ἐμρύιταί
486 1741 515 1776 τι
535 1719 616 1790 αὐτῆς
630 1719 677 1778 καί
695 1742 789 1801 φησιν·
805 1746 818 1773 ιι
836 1722 895 1780 Οὐκ

65 1826 90 1866 ιο
117 1808 207 1883 oinct
229 1829 260 1883 γε
285 1809 393 1878 ζῶντος,
423 1800 537 1880 Ἄππιε,
561 1807 661 1881 ταύτην
688 1807 818 1877 indicaui
844 1832 893 1876 τις.

61 2714 90 2752 25

59 3140 90 3181 8⁰

117 1921 129 1946 o
146 1894 216 1954 Ἀλλ’
226 1892 251 1953 ιί
271 1917 312 1953 σοι
324 1893 445 1954 δι’θοκται
461 1894 520 1963 τοὺς
535 1895 629 1974 νόμους
641 1896 801 1971 καταλύειν,
820 1897 853 1959 τθι
868 1896 895 1956 δὲ

117 2011 130 2035 ι
145 1985 234 2044 δίκαια
248 1986 371 2063 συγχιῖν,
391 1982 437 2043 καί
449 1983 499 2055 τήν
515 1986 664 2067 ἀλιυθιρίαν
678 1989 756 2063 ήμῶν
777 1989 897 2069 ἀραιριῖ·

24 2092 29 2109 ·
118 2077 219 2145 «σθαι,
242 2074 339 2150 μηκότι
352 2071 400 2143 τήν
418 2072 609 2151 όνιιδιζομίνην
629 2078 691 2151 ὑμῖν
706 2077 784 2156 ἀρνοῦ
795 2100 894 2157 τυραν-

119 2188 131 2213 ι
145 2163 218 2235 νῖδα,
231 2161 300 2220 ἀλλά
312 2161 355 2218 τὸν
371 2159 434 2237 ίμδν
448 2160 587 2242 ἀποκόβας
598 2163 732 2243 τράχηλον
752 2162 853 2237 ταύτην
867 2185 896 2222 τε

118 2278 131 2302 ιι
146 2250 250 2327 άπαγι,
272 2250 333 2309 όποι
354 2272 397 2308 σοι
411 2250 497 2323 δοκεῖ,
516 2249 563 2309 καὶ
577 2247 624 2317 τθις
643 2250 726 2319 ἄλλας
749 2251 894 2331 παρθένους

118 2339 189 2398 ικαὶ
204 2339 347 2418 γυναῖκας·
362 2336 406 2397 too
422 2336 455 2410 δή
477 2340 597 2415 μάθωσιν
613 2338 665 2413 ήδη
684 2339 749 2401 ποτῖ
763 2339 896 2419 Ῥωμαῖοι

118 2455 130 2479 o
145 2429 232 2487 δοῦλοι
253 2425 387 2506 γεγονότες
410 2428 469 2487 ἀντὶ
495 2427 652 2509 ἀλιυθάρων,
677 2429 722 2487 καλ
752 2431 834 2507 μηδὲν
856 2429 896 2489 ἔτι

118 2544 130 2568 ιι
146 2517 233 2592 μεῖζον
249 2519 364 2597 φρονῶσι
387 2519 434 2590 τῆς
447 2515 539 2597 τύχης.
581 2518 618 2579 Τί
638 2507 683 2578 σύν
706 2518 746 2577 ln
772 2520 895 2598 μόλλεις,

118 2633 130 2658 ιι
147 2605 206 2664 ἀλλ’
220 2607 250 2665 οῦ
265 2603 363 2682 τούμθν
381 2607 467 2685 δκχεῖς
484 2598 552 2684 αἷμα
571 2607 624 2686 πρθ
642 2612 688 2666 τοῦ
714 2606 850 2688 βήματος,
869 2611 896 2668 ἀν

118 2720 130 2745 u
146 2702 199 2759 τοῖς
214 2693 339 2752 ἁπάντων
352 2693 514 2773 θρθαλμοῖς,
533 2689 604 2755 'lobi
617 2692 708 2773 μέντοι
720 2698 822 2776 σαρῶς,
836 2695 896 2767 ἤτοι

118 2810 130 2835 ιι
147 2783 271 2860 μεγάλων
286 2783 374 2841 κακῶν
396 2779 468 2860 ἀρξιι
485 2779 630 2861 Ῥωμαίοις
647 2787 661 2841 δ
679 2782 789 2852 θάνατος
803 2785 896 2862 θύμὀς,

116 2896 129 2923 «
146 2869 164 2942 ἥ
180 2869 304 2946 μεγάλων
319 2872 435 2948 ἀγαθῶν.
449 2897 462 2924 υ

156 2959 276 3021 ΧΧΚΙΙ.
299 2956 364 3019 'Ere
380 2956 407 3016 δὲ
420 2959 498 3018 αὐτοῦ
512 2957 672 3039 βουλομένου
685 2959 788 3038 λέγειν,
805 2960 829 3018 οῖ
845 2958 893 3037 μὲν

117 3048 274 3129 βαῦδοῦχοι,
290 3047 472 3113 κελευσθέντας
490 3047 541 3106 ὑπὸ
562 3051 609 3119 τῆς
627 3047 760 3122 ίξονσίας,
775 3042 895 3129 ἀνεῖργού

117 3137 209 3204 αὐτοὺς
220 3136 273 3196 ἀπὸ
286 3144 332 3197 τοῦ
347 3134 485 3217 βήματος,
510 3138 556 3196 καῖ
570 3142 723 3221 πειθαρχεῖν
740 3143 794 3206 τοῖς
808 3163 895 3219 κεκρι-

12 3292 16 3301 ,
117 3226 205 3303 μίνοις
225 3224 359 3285 ἀκίλευον·
381 3229 396 3283 θ
415 3223 443 3284 δί
467 3225 613 3300 Κλαύδιος,
637 3226 827 3307 ἐπιλαθόμενος
848 3233 895 3302 τῆς

10 3310 17 3403 j
116 3316 225 3387 παιδὸς,
240 3314 353 3393 ἀπάγιιν
368 3313 490 3374 ίόοόλιτο
504 3320 549 3374 τοῦ
565 3316 634 3375 θιίου
650 3317 696 3375 καί
712 3322 757 3378 τοῦ
775 3321 894 3394 μνηστῆ-

1667 436 1731 504 θθθ

949 590 963 615 ιι
977 584 1056 636 quom
1066 572 1117 623 duo
1128 572 1186 635 sint,
1200 572 1241 637 qui
1254 574 1373 638 postiam
1388 573 1436 625 sibi
1455 575 1601 639 vendicent,
1616 578 1730 633 dominus

950 677 963 702 ι
980 663 1006 709 et
1022 661 1102 723 pater,
1114 660 1136 709 si
1149 663 1255 726 uterque
1274 661 1354 725 adsit,
1369 666 1398 714 ut
1408 665 1486 727 pater,
1502 665 1626 729 pendente
1635 667 1694 732 iite,
1704 671 1730 722 iu

951 767 963 791 ι
978 761 1025 798 sua
1040 751 1163 812 potestate
1170 763 1227 800 eam
1239 749 1329 801 bobert
1346 769 1354 799 :
1369 764 1470 814 verum,
1486 751 1586 816 quando
1595 754 1730 821 ilieebest,

951 839 1009 884 ιι-υι
1021 833 1136 886 dominus
1147 850 1208 888 eom
1219 837 1336 901 abducat,
1356 838 1421 890 datis
1436 840 1532 891 idoneis
1550 841 1671 901 vadibus,
1685 842 1731 906 qui

952 941 964 965 ι
979 922 1125 986 promittant
1146 923 1198 974 iore
1210 926 1239 974 ut
1250 938 1305 975 earo
1329 925 1361 976 ad
1382 928 1554 991 magistratum
1575 930 1672 989 sistant,
1688 931 1731 981 ubi

951 1030 964 1053 ι
980 1014 1051 1074 ροισι
1065 1011 1120 1060 eius
1132 1011 1248 1063 adiuerit.
1282 1016 1319 1064 De
1338 1014 1444 1064 vadibus
1461 1030 1536 1077 vero,
1559 1019 1644 1070 etiitis
1660 1020 1730 1070 oesti-

952 1120 965 1143 ιι
979 1100 1103 1161 motione,
1123 1114 1154 1152 ne
1174 1101 1223 1152 ulia
1241 1101 1266 1151 in
1282 1117 1309 1153 re
1322 1117 1367 1154 vos
1390 1104 1414 1154 in
1430 1106 1525 1168 judicio
1540 1109 1594 1159 sitis
1611 1109 1732 1161 deteriore

953 1205 965 1235 ιι
981 1187 1128 1251 conditione,
1149 1202 1203 1251 ego,
1219 1191 1359 1251 Numitori,
1378 1191 1567 1257 diligentissimo
1587 1196 1729 1260 providebo.

951 1297 964 1320 ι
983 1275 1032 1328 Sed
1046 1291 1112 1328 nuno
1137 1277 1243 1342 pueliam
1259 1279 1338 1330 trade.
1354 1300 1366 1323 ι
1391 1284 1442 1331 Ηισ
1463 1284 1586 1335 sententia
1606 1283 1638 1335 ab
1654 1284 1733 1350 Appio

951 1363 1131 1427 pronunciata,
1145 1364 1232 1428 ingens
1249 1365 1333 1417 luctus
1356 1372 1382 1418 et
1396 1368 1508 1432 planctus
1529 1370 1624 1434 uirgine
1641 1375 1666 1422 et
1678 1386 1733 1422 mu·

951 1451 1053 1502 lieribus
1064 1466 1120 1503 eam
1134 1453 1355 1506 circumstantibus
1376 1460 1416 1507 est
1434 1462 1543 1520 exortus,
1561 1460 1732 1525 ingemetiam

952 1539 1044 1591 clamor
1068 1544 1095 1592 et
1117 1542 1281 1605 indignatioa
1306 1546 1387 1606 turba,
1410 1561 1467 1611 que
1486 1549 1594 1600 tribuual
1623 1552 1732 1604 circum-

952 1626 1042 1677 stabat.
1090 1628 1174 1678 icilius
1199 1643 1272 1692 voro,
1292 1632 1337 1697 qui
1356 1633 1475 1698 uirginem
1499 1636 1526 1686 in
1547 1638 1732 1691 matrimonium

951 1715 1073 1767 ducturus
1082 1722 1144 1778 erat,
1164 1733 1220 1770 eam
1234 1721 1372 1774 arctissime
1388 1725 1532 1787 prehendit,
1543 1730 1587 1777 ct:
1606 1749 1618 1771 ιι
1636 1729 1732 1792 Nullus,

953 1824 966 1849 ιι
981 1804 1069 1869 inquit,
1081 1820 1122 1858 me
1140 1809 1229 1861 suom
1245 1810 1344 1861 vivente
1361 1811 1441 1874 bano,
1460 1814 1533 1878 Appi,
1547 1814 1655 1867 abducet
1669 1838 1675 1867 :
1689 1817 1734 1868 sed

954 1914 966 1938 ι
981 1893 1003 1943 si
1017 1894 1060 1944 tibi
1075 1896 1156 1959 piacet
1171 1896 1250 1961 legem
1264 1898 1365 1961 toliere,
1382 1899 1439 1963 jura
1452 1900 1611 1963 confundere,
1624 1908 1650 1955 et
1659 1904 1732 1954 iiber-

954 2003 966 2027 ιι
987 1985 1062 2034 ιιιεωα
1076 1984 1148 2035 nobis
1169 1985 1279 2051 eripere,
1298 2001 1329 2039 ne
1342 1989 1496 2053 tyrannidem
1515 1991 1586 2042 vobis
1598 1994 1739 2057 exprobras

953 2088 968 2117 ιι
983 2073 1034 2122 bru
1052 2071 1159 2137 amptius
1171 2073 1289 2125 occulta:
1312 2074 1371 2137 sed,
1392 2077 1455 2128 colio
1469 2078 1530 2128 mibi
1551 2084 1646 2130 resecto
1660 2080 1733 2145 bauo,
1832 2098 1835 2105 ·

955 2180 970 2205 ιι
984 2164 1139 2225 caeterasque
1157 2162 1265 2227 virgines
1283 2167 1358 2228 atque
1380 2170 1506 2216 matronas
1519 2170 1652 2228 Romanas,
1673 2183 1735 2233 quo·

955 2262 1082 2316 «cunque
1104 2249 1223 2312 libuerit,
1248 2252 1330 2303 abduc
1352 2274 1359 2303 ι
1382 2257 1409 2304 ut
1428 2254 1481 2318 lom
1508 2255 1608 2306 taudem
1632 2256 1736 2307 Romani

954 2358 967 2381 ιι
981 2341 1138 2402 cognoscant,
1154 2349 1181 2388 se
1196 2351 1228 2387 ex
1250 2338 1333 2390 tiberis
1358 2353 1444 2392 servos
1462 2342 1554 2405 iactos,
1570 2357 1617 2394 nec
1630 2345 1736 2409 amplius

953 2443 967 2467 ιι
981 2408 1086 2488 majores
1099 2429 1185 2487 gerant
1205 2426 1320 2490 spiritus,
1333 2440 1408 2490 qoam
1427 2427 1536 2492 ipsorum
1551 2430 1615 2480 ierat
1628 2431 1735 2484 fortuna.

954 2531 966 2555 ι
980 2512 1044 2569 Quid
1057 2511 1133 2576 igitur
1153 2513 1235 2564 adbuc
1254 2515 1400 2565 cunctaris?
1414 2508 1475 2581 quin
1492 2518 1634 2582 ιιυαυῖιιοιυ
1651 2534 1736 2573 meum

954 2625 966 2648 ι
982 2605 1040 2655 ente
1050 2603 1157 2655 tribunal
1172 2604 1198 2655 in
1220 2602 1330 2654 omnium
1346 2608 1480 2669 conspectu
1500 2605 1599 2658 tundis?
1618 2608 1681 2659 iliud
1693 2612 1736 2660 ta·

954 2714 967 2739 ιι
981 2707 1039 2745 men
1051 2697 1121 2744 certo
1132 2693 1211 2753 scias,
1226 2695 1332 2744 mortem
1347 2707 1427 2743 meam
1445 2694 1537 2759 popuio
1550 2698 1677 2759 Romano,
1691 2700 1737 2751 aut

954 2802 966 2827 ι
981 2795 1124 2846 roaguorom
1136 2781 1272 2841 maiorum,
1286 2784 1332 2831 aut
1341 2794 1485 2846 magnorum
1494 2782 1625 2845 bonorum,
1637 2784 1736 2837 initium

952 2891 965 2916 ιι
981 2870 1100 2921 futuram.
1116 2890 1128 2915 ν

982 2995 1082 3045 xxiiii.
1099 2995 1162 3043 Eum
1172 2997 1257 3044 autem
1268 2991 1340 3057 ptura
1357 2991 1441 3043 dicere
1452 2991 1578 3044 volentem
1592 2994 1709 3059 lictores,
1720 3008 1737 3049 a

952 3090 1099 3155 magistratu
1113 3087 1186 3152 jussi,
1201 3087 1346 3139 atribunaii
1372 3088 1500 3150 arcobant,
1520 3092 1546 3139 et
1564 3104 1650 3152 parere
1667 3093 1737 3157 judi-

952 3186 1015 3236 catis
1036 3184 1179 3248 jubebant:
1203 3182 1324 3234 claudius
1355 3196 1432 3247 vero,
1446 3184 1543 3249 iniectis
1566 3186 1682 3239 manibus
1709 3190 1736 3241 in

953 3282 1144 3346 puellamque
1159 3280 1282 3330 eroncoio
1294 3280 1321 3330 et
1339 3293 1431 3343 sponso
1444 3258 1598 3344 adbaerebai,
1618 3297 1673 3334 eam
1690 3284 1736 3337 ab·

953 3381 1043 3432 οιιιιι
1058 3377 1163 3429 vernn
1186 3376 1234 3427 ssu
1254 3377 1298 3439 qur
1314 3352 1424 3427 ιιιοιιιιῖιι
1439 3376 1644 3443 circumsonant,
1657 3394 1737 3444 quum

15 3410 19 3421 '
118 3428 160 3488 ρος
176 3404 367 3484 ἀντεχομίνην.
412 3403 519 3468 Ἰδόντες
537 3404 656 3470 δῖπάθος
673 3405 783 3464 ἀλιεινδν
801 3405 896 3487 οῖπερί

1 3516 16 3528 ‘¹
116 3496 148 3555 τθ
158 3499 232 3575 βῆμα
244 3494 342 3559 πάντας
355 3490 500 3572 ἀνέκραγον
516 3491 586 3569 epo,
599 3492 645 3551 καὶ
659 3495 723 3573 παρ’
736 3495 810 3553 οὐδὲν
824 3499 896 3573 ἡγη-

6 3612 18 3627 ν
59 3589 90 3628 ³⁵
117 3583 227 3657 σάμτνοι
241 3584 290 3653 τήν
303 3588 350 3640 τοῦ
369 3583 525 3658 κρατοῦντος
546 3578 677 3653 ἐξουσίαν,
701 3583 830 3640 ὠθοῦνται
844 3589 897 3648 τοῖς

1 3686 20 3717 ιι
118 3672 282 3752 βιαζομένοις
302 3671 402 3748 δμόσι,
417 3668 486 3728 ῶσττ
501 3668 624 3728 δείσαντα
640 3668 688 3742 τήν
702 3667 831 3750 ἕπιρορδιν
844 3669 895 3726 αθ-

7 3794 17 3825 ι
116 3765 170 3820 τῶν
184 3762 228 3821 siv
248 3760 396 3831 Κλαύδιον,
421 3756 470 3830 τήν
494 3780 523 3816 τι
546 3755 626 3838 κόρην
653 3761 758 3838 (ipsisne
779 3756 827 3816 καῖ
846 3757 896 3817 ὑπὸ

0 3902 7 3927 „
115 3850 177 3917 τοὺς
187 3850 270 3916 πόδας
283 3855 329 3908 τοῦ
343 3851 493 3926 στρατηγοῦ
506 3856 677 3928 καταφυγιῑν.
688 3844 722 3907 Ὁ
733 3844 760 3904 δί
771 3841 896 3923 Ἄππιος,

14 3986 20 3995 .
116 3935 257 4018 καταρχθις
271 3935 318 4013 μὲν
335 3938 371 4004 ιίς
383 3933 485 4007 πολλήν
499 3934 622 4015 ταραχὴν
642 3932 775 4009 κατίστη,
798 3939 896 4015 ἠγριω-

58 4041 90 4082 ιθ
118 4026 212 4101 με’νους
230 4025 349 4094 ἅπαντας
364 4028 448 4104 δρῶν,
460 4024 506 4082 καὶ
517 4023 599 4083 πολὺν
622 4023 717 4105 ἠπόρει
731 4022 826 4104 χρόνον
842 4022 896 4082 ότι

10 4110 20 4125 ’
116 4116 171 4196 χρὴ
186 4119 285 4177 ποιεῖν·
311 4115 403 4174 ἔπιιτα
428 4112 473 4172 τὸν
499 4112 631 4173 Κλαύδιον
656 4111 769 4179 κολάσας
799 4112 843 4171 tsi
867 4112 898 4171 τθ

1 4190 20 4236 '³
119 4185 217 4287 βῆμα,
233 4204 280 4266 καῖ
295 4203 379 4284 μικρὰ
393 4204 541 4283 διαλεχθεὶς
554 4201 619 4282 πρὸς
639 4203 717 4261 sossi
742 4205 778 4270 ῶς
798 4202 900 4276 ἐδόκει,

1 4322 10 4330 “
117 4307 174 4364 τοῖς
190 4319 218 4355 τι
234 4297 392 4375 περιεστῶσι
411 4290 576 4367 διασημήνας
595 4291 710 4372 ἡσυχίαν
732 4300 896 4372 παρασχεῖν,

10 4394 17 4424 ⁶
117 4386 192 4464 λέγει
215 4384 321 4443 τοιάδε·
349 4409 362 4436 ι
375 4381 449 4460 Ἐγὼ
467 4379 498 4440 τὸ
521 4380 570 4458 μὶν
593 4368 754 4462 ἀκριόίς,ῶ
771 4380 898 4458 δημόται,

52 4482 89 4524 eb
119 4501 133 4527 ι
147 4472 211 4553 περλ
223 4476 271 4545 τῆς
284 4470 458 4548 διεγγυήσιως
470 4476 516 4530 τοῦ
530 4469 667 4547 σώματος,
683 4468 774 4542 ἐπειδὴ
794 4492 899 4550 τραχυ·

120 4590 134 4614 ιι
147 4562 271 4639 νομίνους
287 4562 356 4636 ὑμᾶς
369 4559 435 4639 πρὸς
454 4558 503 4631 τὴν
528 4558 661 4640 ἀπόφασιν
680 4561 733 4638 δρῶ
741 4606 752 4633 ,
766 4557 900 4639 παρίημι·

119 4678 133 4702 ι
148 4653 303 4729 χαρίζεσθαι
318 4647 345 4706 ii
360 4649 422 4721 ὑμῖν
435 4646 609 4727 βουλόμινος,
625 4646 741 4707 πίπιικα
755 4646 800 4707 τθν
817 4649 901 4724 ἀμαυ·

120 4765 133 4791 ιι
149 4744 196 4797 τοῦ
211 4738 328 4807 πελάτην
340 4737 418 4795 ἀῦσαι
428 4735 476 4811 μίν
487 4738 540 4803 τοῖς
557 4738 693 4814 συγγενέσι
708 4741 756 4807 τῆς
771 4736 901 4817 παρθένου

120 4855 132 4879 ι
150 4829 240 4886 δοῦναι
254 4824 302 4898 τήν
317 4824 487 4903 διεγγύησιν,
503 4824 553 4892 iore
570 4828 585 4884 δ
606 4825 696 4904 πατὴρ
715 4826 797 4898 αὐτῆς
812 4847 901 4904 παρα·

121 4944 135 4969 ιι
151 4916 271 4993 γίνηται.
315 4912 460 4991 Ἀπόγεσθι
477 4901 579 4990 oduei
603 4914 773 4993 Νομιτόιριε,
794 4913 843 4984 τὴν
858 4913 902 4973 κό·

121 5034 135 5059 ιι
151 5029 214 5087 ρην,
227 5005 274 5063 καῖ
288 5002 336 5077 τὴν
354 5002 450 5082 ίγγύην
464 5004 617 5081 δμολογιῑτε
631 5002 694 5081 περί
708 5003 789 5073 αὐτῆς
803 5004 840 5069 εἰς
854 5002 901 5074 τήν
958 5029 971 5051 ιι
988 5008 1097 5060 crastino
1115 5008 1227 5060 discam
1248 5007 1328 5073 injus
1351 5006 1476 5060 sistatis:
1500 5006 1549 5057 boo
1562 5006 1629 5057 enim
1640 5008 1740 5070 tempus

120 5124 133 5149 ι
152 5092 243 5174 αὔριον
260 5094 375 5173 ἡαόραν.
391 5091 509 5172 ’ἀπόχρη
528 5094 579 5173 γάρ
598 5093 717 5173 θχρόνος
733 5096 796 5167 ύμῖν
815 5082 899 5163 οὗτος,
958 5099 1159 5150 orobissuiticit
1180 5097 1279 5149 adrem
1293 5098 1404 5161 Virginio
1420 5095 1495 5149 bodie
1513 5096 1691 5159 conflandam,
1713 5102 1740 5150 et

120 5156 315 5266 «ἀπαγγεῖλαί
339 5208 369 5244 τι
391 5182 539 5265 Οὔιργινῖυρ
561 5183 691 5263 τήμερον,
717 5182 763 5242 καί
785 5188 865 5264 τριῶν
883 5182 901 5254 ἢ
958 5209 970 5233 ι
986 5190 1094 5254 spatium
1103 5190 1192 5247 inum,
1207 5191 1246 5241 vei
1261 5193 1368 5253 quatuor
1387 5188 1505 5238 borarom
1525 5188 1626 5242 crastini
1644 5188 1695 5242 diei
1706 5188 1738 5239 ad

120 5304 134 5327 ιι
149 5276 284 5359 τιττάρων
298 5279 375 5359 ὑμῶν
389 5273 468 5336 «cdv
484 5273 514 5332 tx
536 5277 583 5331 τοῦ
597 5274 716 5354 χάρακος
734 5273 810 5352 διῦρο
834 5274 900 5354 ιἰγα·
958 5300 971 5325 ι
987 5294 1047 5332 eum
1065 5294 1098 5332 ex
1115 5280 1205 5333 metris
1230 5279 1443 5334 bucducendum.
1468 5300 1481 5326 ι
1504 5280 1557 5333 liiis
1579 5285 1663 5335 aaron
1681 5280 1749 5347 pins*

953 3478 1073 3528 vidissent
1092 3473 1258 3525 miserabilem
1277 3473 1390 3532 luctum,
1410 3486 1496 3524 omues
1508 3476 1583 3526 simui
1601 3478 1736 3531 clamorem

954 3571 1124 3631 sustulerunt3
1137 3571 1172 3629 et,
1189 3571 1271 3633 spreta
1287 3569 1449 3633 magistratus
1461 3573 1597 3634 potestate,
1617 3573 1737 3638 impetum

955 3665 1170 3725 ieceruntineos,
1194 3663 1238 3727 qui
1249 3664 1301 3714 rim
1321 3664 1462 3716 iaciebant:
1495 3667 1530 3717 ito
1548 3671 1578 3719 ut
1600 3670 1735 3736 claudius,

955 3776 1042 3817 eorum
1055 3762 1148 3825 impeto
1161 3760 1272 3823 territus,
1284 3761 1391 3825 puellam
1403 3760 1549 3827 dimitteret,
1563 3769 1589 3817 et
1605 3768 1653 3819 sub
1662 3769 1737 3833 pedes

954 3848 1026 3918 ducis
1052 3869 1096 3916 sui
1106 3862 1258 3925 confugeret.
1300 3859 1394 3923 Appius
1413 3869 1474 3908 vero
1498 3861 1617 3927 principio
1637 3864 1737 3928 quidem

956 3965 1027 4017 ratde
1038 3964 1155 4015 turbatus
1166 3963 1213 4021 est,
1230 3970 1317 4009 omnes
1331 3956 1449 4009 eiieratos
1462 3973 1565 4011 cernam
1574 3963 1601 4012 et
1614 3961 1668 4023 diu,
1676 3964 1736 4027 quid

954 4066 1021 4117 esset
1035 4060 1189 4121 iaciendum,
1209 4056 1330 4108 dubitarit
1352 4056 1485 4119 :demum
1511 4073 1588 4123 quom
1606 4061 1738 4115 Claudium

955 4163 988 4214 ad
1001 4159 1109 4213 tribunal
1123 4156 1290 4217 vocasset,.et
1309 4168 1366 4205 cum
1377 4168 1407 4207 eo
1420 4155 1506 4221 paucis
1528 4158 1668 4210 collocutus
1679 4160 1739 4212 iuis·

955 4268 1002 4327 eet,
1019 4268 1130 4318 utrisne
1148 4267 1202 4323 est,
1215 4267 1241 4315 et
1260 4261 1403 4314 bominibus
1426 4258 1646 4310 circumstantibus
1662 4260 1737 4312 silen-

955 4361 1018 4411 tium
1032 4361 1101 4426 signo
1120 4362 1180 4412 dato
1197 4361 1357 4424 imperasset,
1383 4356 1419 4407 ite
1433 4358 1473 4407 est
1487 4354 1586 4406 locutum
1601 4373 1608 4404 ι
1628 4375 1641 4399 ιι
1661 4354 1738 4419 Equi·

957 4477 969 4501 ιι
984 4456 1059 4518 dem,
1073 4456 1193 4518 Quirites,
1217 4453 1279 4506 iilud
1302 4453 1407 4519 rigidam
1429 4451 1540 4514 corporis
1554 4450 1661 4501 radendi
1679 4452 1735 4516 jus,

944 4568 969 4597 ἰ
987 4554 1086 4618 quando
1103 4567 1150 4604 ros
1176 4553 1223 4603 bae
1237 4564 1294 4602 mea
1315 4548 1439 4601 sententis
1464 4550 1625 4612 exasperatos
1649 4545 1737 4607 unm,

957 4668 969 4692 ι
988 4648 1099 4697 omitto:
1116 4644 1189 4696 vobis
1205 4647 1288 4696 autem
1311 4638 1444 4705 gratificari
1467 4637 1562 4697 volens,
1579 4649 1635 4687 meo
1655 4635 1740 4687 clienti

957 4758 970 4781 ι
986 4735 1112 4802 persuasi,
1134 4739 1162 4785 ut
1171 4735 1325 4800 permitteret
1339 4732 1442 4798 virginis
1457 4729 1568 4795 cognatis
1578 4727 1655 4778 vades
1667 4727 1737 4788 dare,

958 4850 971 4874 ιι
985 4829 1065 4881 donee
1074 4832 1145 4894 puter
1156 4829 1209 4893 ejus
1221 4828 1326 4879 venerit.
1361 4825 1481 4879 Abducitc
1497 4823 1581 4889 igitur,
1599 4820 1737 4882 Numitori,

958 4939 970 4962 ι
984 4919 1108 4983 motam,
1125 4923 1152 4969 et
1165 4918 1321 4982 sponsiomm
1335 4918 1424 4980 tacite,
1439 4930 1470 4967 sc
1487 4914 1635 4980 promittite,
1649 4916 1699 4964 iore
1710 4917 1739 4964 ut
