4088 5936
239 414 300 473 tit
767 407 933 470 DIONYSll
955 405 1333 469 flntlctttrtnssnnsts

237 544 369 618 λούθησαν
382 543 428 605 καί
441 544 635 621 Ταρκυνιῆται,
648 540 696 601 καί
708 542 861 600 τελευτῶσα
884 545 910 601 ἐν
925 539 1017 608 όπλοις
1072 552 1098 599 et
1109 516 1208 599 tendero
1222 551 1275 600 tutu
1292 548 1392 599 Etruria
1408 547 1434 598 in
1450 549 1525 600 umis
1543 548 1599 600 ruit.
1632 551 1686 600 Hoc
1702 547 1795 600 heitom
1809 536 1856 613 per

238 626 272 707 ἦν
284 633 364 694 ἀπαά
377 637 395 705 ἡ
409 630 557 712 Τυρρηνία.
600 620 686 697 Οὗτος
708 628 852 705 imitus<
870 627 954 690 είκοσι
968 628 1019 689 διέ-
1073 645 1203 695 eontinnos
1211 658 1246 694 κιι
1254 658 1330 697 annos
1343 645 1396 695 sine
1404 644 1454 695 uiis
1460 644 1642 697 intermissione
1651 648 1750 709 gestum
1762 648 1817 710 est;
1828 653 1855 700 et

240 746 330 801 μιινεν
341 724 386 794 tre
400 725 515 800 συνεχῶς
523 719 733 797 πολεμούμενος,
744 719 906 788 είσόολάςτε
918 717 1019 785 πολλάς
1072 742 1172 806 utrique
1189 756 1248 792 cum
1263 742 1358 807 magni„
1371 743 1449 807 mpii„
1461 743 1553 794 mun„
1563 742 1713 808 irruptione,
1726 744 1751 795 γη
1766 758 1854 811 agrum

241 810 395 892 ἀμφοτέρων
411 810 535 887 θείάθοῑί
546 806 729 889 στίατῑύμαθῑ
742 807 905 884 πθῑθυθίνωθί
918 806 955 875 ίίθ
969 807 1019 879 *θ*
1073 839 1189 891 hostilem
1205 841 1333 901 iecerunt,
1347 846 1374 893 et
1390 842 1484 907 saepius
1499 841 1595 892 eoilntis
1612 842 1688 906 signis
1702 850 1853 909 pugnarunt

200 913 213 953 o
241 897 361 970 ἀλλήλων
377 897 423 957 καλ
434 893 593 976 παρατάξεις
608 894 691 963 ἄλλας
704 899 745 955 ἐπ’
760 894 854 962 ἀλλαις
863 896 1020 973 συνισταμέ-

593 992 603 1003 .
654 980 662 1004 γ
834 988 850 1001 η
929 984 937 1005 ,
1074 938 1236 988 Curnontem
1253 937 1406 989 inomnibus
1424 939 1519 1004 proeliis
1536 944 1631 991 etcum
1645 942 1748 1004 singulis
1769 936 1854 996 ‹rttsss

239 1009 303 1048 νων.
346 984 1020 1063 ἘνάπάσαιςδέταιςμαχαιςκατορθωνθΤυλλιος,
1854 1004 1857 1011 ·

239 1072 300 1134 όσαι
311 1074 380 1135 κατά
388 1074 477 1139 πόλεις
487 1096 514 1131 τε
524 1071 570 1131 καὶ
580 1073 643 1153 πρὸς
653 1070 713 1130 ὅλον
729 1073 799 1151 αύτῷ
807 1070 838 1131 τδ
849 1071 918 1141 έθνος
928 1071 1020 1130 συνέσ-
1074 1034 1142 1085 Ubus
1154 1037 1181 1087 et
1192 1050 1248 1086 cum
1261 1040 1314 1087 ¹⁰¹⁸
1325 1043 1398 1102 geme
1412 1050 1562 1101 ‘mmmm'
1576 1039 1671 1105 Tuum
1683 1052 1735 1091 κω
1751 1039 1855 1090 ‘ehem

239 1188 343 1236 mm,
359 1161 404 1221 καὶ
423 1163 506 1240 τρισὶν
528 1160 743 1244 ἐπιφανεστάτοις
765 1160 905 1234 xoquteie
924 1162 1018 1240 θριάμ·
1073 1136 1204 1201 gessisset,
1216 1140 1243 1186 et
1253 1137 1334 1188 tribus
1353 1138 1496 1189 eterissimis
1514 1138 1648 1204 triumphis
1664 1142 1766 1192 onustus
1778 1145 1854 1204 esset,

241 1249 304 1326 όοις,
317 1252 444 1310 τελευτῶν
462 1248 597 1326 ἠνάγκασε
611 1248 670 1315 τοὺς
682 1251 729 1307 οὐκ
743 1248 874 1314 ἀξιοῦντας
892 1248 1021 1361 ἄρχεσθαι
1074 1235 1176 1286 ”fldem
1188 1250 1247 1297 ⁰⁰⁵³
1260 1238 1307 1301 ’(1ιιί
1319 1236 1450 1302 imperium
1470 1238 1655 1302 delumbant·
1679 1242 1765 1305 ⁵1³⁰¹¹te
1786 1241 1855 1293 stem

189 1368 214 1407 η)
240 1338 284 1398 τὸν
311 1338 420 1419 χαλινόν
442 1338 548 1404 ἑκόντας
573 1334 675 1396 λαὸεῑν.
720 1339 842 1421 Εἰκοστῷ
856 1340 879 1397 δ’
895 1362 940 1397 ουν
968 1338 1021 1398 ἐτει
1074 1341 1185 1406 recipere
1200 1343 1288 1405 coegit.
1322 1342 1447 1407 Vigesimo
1460 1343 1534 1409 igitur
1551 1358 1629 1405 enno,
1643 1344 1774 1396 duodeoim
1790 1345 1855 1396 oiri·

241 1427 514 1488 constutonenos
537 1429 563 1484 αἱ
579 1426 682 1485 δώδεκα
695 1424 798 1500 πολεις,
821 1425 1020 1505 ἐξανηλωμέναι
1074 1442 1139 1491 tetes
1159 1438 1185 1489 in
1210 1439 1289 1519 totius
1308 1441 1388 1503 gentis
1410 1442 1526 1505 oonsilio,
1549 1442 1608 1495 riris
1633 1445 1659 1495 et
1678 1443 1769 1508 opibus
1790 1442 1855 1493 betto

240 1519 278 1597 τῷ
293 1515 404 1597 πολέμῳ
426 1514 462 1573 τά
476 1538 505 1573 τε
520 1514 634 1594 σώματα
651 1514 696 1574 καί
714 1512 749 1574 τδι
761 1513 891 1595 χρήματα
911 1516 1021 1593 γνώμην
1075 1538 1241 1603 musumpus,
1260 1539 1423 1591 decreverunt
1441 1540 1473 1592 ad
1493 1542 1612 1607 populum
1629 1545 1765 1594 Romanum
1785 1543 1859 1607 prin.

242 1604 320 1685 ἷψθ
338 1605 503 1686 παραδοῦναί
518 1601 663 1683 Ῥωμαίοις
684 1603 732 1677 ‘ii'
750 1605 909 1683 θίῑμθνίανι
925 1608 965 1687 ἐθ’
984 1598 1022 1673 οἷ(
1075 1639 1184 1699 cipetum
1201 1634 1297 1690 deterre
1313 1638 1344 1689 iis
1361 1639 1557 1701 conditionibus,
1576 1640 1667 1707 quibus
1687 1641 1736 1693 iarn
1757 1646 1814 1694 onte
1830 1643 1856 1695 id

240 1694 365 1775 πρότερον
381 1692 553 1775 ἐψηφίσαντο.
597 1691 657 1753 tint
666 1697 790 1770 παρῆσαν
804 1694 856 1753 ἀπὸ
872 1694 961 1767 πάσης
974 1695 1022 1754 πό·

190 1802 214 1847 ις
241 1783 306 1847 λεως
319 1783 343 1840 οί
364 1780 588 1862 προχειρισθέντες
602 1778 649 1839 σὺν
663 1781 822 1860 ἱκετηρίαις,
840 1780 1023 1863 ἐπιτρέποντες

241 1871 350 1949 ’Τυλλίῳ
365 1870 413 1937 τάς
433 1872 521 1937 πόλεις
544 1872 590 1929 καί
610 1870 691 1946 μηδὲν
716 1870 860 1943 ἀνήκεστον
883 1874 1022 1951 βουλεῦσαι

243 1962 304 2039 περί
317 1963 403 2020 αὐτῶν
419 1958 560 2028 ἀξιοῦντες.
602 1958 715 2025 Τύλλιος
731 1957 759 2017 δί
777 1963 825 2030 τῆς
840 1958 888 2034 μὲν
903 1960 1021 2041 ἀρροού-

241 2068 287 2119 νης
309 2047 385 2109 ἕνεκα
410 2047 469 2119 osnig
482 2051 534 2107 τῶν
550 2050 587 2114 εἰς
601 2045 662 2114 τοὺς
676 2046 748 2113 θεοὺς
768 2047 964 2125 ἀσεόημάτων,
978 2049 1023 2117 οθς

241 2136 369 2216 ἐγγυητάς
384 2135 559 2213 ποιησάμενοι
576 2138 629 2194 τῶν
642 2137 788 2213 ὁμολογιῶν
810 2135 968 2216 παρέόησαν
987 2138 1021 2196 τά

187 2257 215 2298 20
242 2233 411 2306 συγκείμενα,
422 2227 527 2285 πολλῶν
539 2223 632 2291 αὐτούς
646 2224 696 2306 ἐρη
708 2227 841 2304 τιμωριῶν
856 2224 942 2303 ἀξίους
954 2215 1021 2286 εἶναι

241 2314 286 2375 καί
299 2314 438 2392 μεγάλων·
451 2317 498 2385 τῆς
510 2313 537 2373 δέ
550 2312 695 2392 Ῥωμαίων
707 2316 848 2384 ἐπιεικείας
861 2315 906 2375 καὶ
916 2315 1020 2396 μετριό-

240 2426 334 2481 τητος,
351 2402 441 2474 ἐπειδὴ
454 2402 606 2481 συγγνόντες
618 2403 717 2461 ἀδικεῖν
733 2402 868 2480 στέμμασι
881 2411 927 2465 καί
943 2408 1019 2464 λιτα-

239 2491 320 2559 νείαις
341 2497 507 2573 παρῃτοῦντο
523 2490 572 2563 τὴν
595 2490 692 2572 ὀργὴν,
707 2490 781 2551 οθδίν
803 2495 829 2553 ἐν
851 2488 888 2575 τῷ
912 2495 1022 2575 παρόντι

242 2580 395 2662 ἀτυχήσειν.
439 2583 528 2641 Ταῦτ’·
538 2578 629 2653 εἰπὼν,
648 2582 810 2640 καταλύεται
823 2578 867 2641 τόν
888 2582 953 2662 πρὸς
974 2584 1022 2641 αὖ·

186 2703 212 2741 25
240 2668 298 2738 τοὺς
316 2669 446 2749 πόλεμον,
471 2671 529 2737 ταῖς
550 2670 597 2747 μὲν
613 2669 707 2737 ἀλλαις
730 2669 836 2730 πολεσιν
861 2672 952 2738 ἁπλῶς
976 2672 1022 2731 καί

240 2758 302 2838 δίχα
317 2763 396 2838 ὀργῆς
418 2758 580 2834 μνησικάκου
596 2758 779 2818 πολιτεύεσθαί
795 2780 822 2818 τε
840 2758 966 2833 ἀποδοὺς,
987 2764 1022 2830 ὡς

239 2846 379 2926 πρότερον,
394 2848 440 2907 καί
456 2845 489 2905 sd
510 2846 564 2906 ίδια
582 2852 746 2926 καρποῦσθαι
761 2849 900 2925 μενούσαις
915 2851 940 2908 ἐν
966 2853 1023 2917 ταῖς

240 2934 394 3014 γραρείσαις
408 2934 473 3014 πρὸς
486 2936 567 3003 eost<
581 2935 722 3003 συνθήκαις
734 2935 786 2995 tot
801 2935 931 3016 βασιλέως
949 2939 1022 3019 Ταρ·

242 3024 344 3085 κυνίου·
370 3026 438 3107 τρεῖς
462 3023 484 3083 δ’
499 3024 525 3093 ἐξ
540 3026 627 3085 αὐτῶν
649 3024 753 3097 πόλεις,
780 3022 809 3083 αθ
830 3023 1023 3106 προεξανέστη·

186 3147 214 3189 30
243 3114 293 3173 σάν
316 3137 345 3174 τι
367 3114 414 3173 καί
434 3111 480 3180 τάς
500 3113 584 3182 ἀλλας
606 3112 773 3193 ὑπηγάγοντο
793 3114 862 3173 κατδι
877 3111 1021 3190 Ῥωμαίων

242 3200 382 3282 ἐξενεγκεῖν
397 3202 440 3262 τόν
450 3204 582 3278 πόλεμον,
597 3200 778 3280 Καιρητανοὺς
791 3200 838 3261 καί
849 3202 1023 3270 Ούίεντανοθς

241 3292 287 3351 καί
301 3291 487 3372 ’Ταρκυνιήτας
502 3290 621 3370 [ταύτας]
635 3289 772 3369 ἀφαιρέσει
792 3288 882 3371 χώρας
900 3313 1022 3371 τιμωρη-

241 3379 370 3454 σάμενος,
386 3379 419 3450 ἣν
443 3379 678 3460 κατεκληρούχησε
697 3377 841 3456 Ῥωμαίων
855 3387 909 3448 τοῖς
928 3380 1023 3440 νεωστὶ

240 3468 447 3548 προσεληλυθόσι
464 3469 529 3547 πρὸς
540 3467 588 3540 τὴν
603 3467 750 3529 πολιτείαν.
793 3471 889 3529 Ταῦτα
906 3470 1021 3549 διαπρα-

186 3576 213 3617 tn
241 3554 351 3632 ξάμενος
375 3558 401 3615 ἐν
418 3556 508 3636 εἰρήνη
531 3578 560 3615 τε
582 3556 628 3615 καὶ
649 3555 717 3615 κατὰ
731 3557 933 3634 πολέμους,καί
947 3556 1022 3624 ναοὺς

241 3646 286 3707 δύο
307 3646 573 3723 κατασκευασάμενος
597 3645 703 3725 Τύχης,
726 3636 745 3718 ἦ
766 3645 840 3725 παρδι
865 3645 952 3705 πάντα
977 3645 1022 3705 τὸν

242 3734 298 3814 βίον
314 3733 399 3803 ἔδοξεν
420 3738 505 3815 ἀγαθῇ
520 3739 686 3815 κεχρῆσθαι,
701 3734 745 3794 τὸν
760 3734 808 3813 μὲν
828 3740 854 3796 ἐν
873 3742 957 3820 ἀγορᾷ
971 3760 1020 3796 κα-

239 3824 353 3905 λουμένη
372 3814 484 3905 θοαρίσρ,
497 3822 541 3881 τὸν
555 3825 577 3880 δ’
591 3823 678 3902 ἕτερον
692 3823 736 3882 ἐπί
750 3832 808 3892 ταῖς
824 3823 895 3898 ἠῖόσι
907 3830 954 3883 τοῦ
974 3828 1022 3885 Τι-

241 3911 343 3991 όίριος,
370 3913 403 3985 ἣν
424 3914 545 3992 ἀνδρείαν
562 3913 833 3992 προσηγόρευσιν,ὡς
852 3914 897 3972 καί
912 3918 957 3970 νῦν
972 3913 1023 3973 ὑπὸ

187 4020 213 4060 ευ
240 3998 383 4077 Ῥωμαίων
399 4003 534 4073 καλεῖται,
550 4000 654 4073 ἡλικίας
668 4023 696 4058 τε
712 4000 885 4079 προθεόηκὼς
899 4002 942 4061 ἐπὶ
955 4002 1022 4061 πολὺ

241 4090 348 4160 καὶτῆς
373 4090 443 4150 κατὰ
467 4090 544 4171 φύσιν
570 4092 693 4161 τελευτῆς
716 4090 745 4148 ού
770 4091 872 4170 μακρλν
899 4090 1021 4169 ἀπόρων,

243 4173 436 4245 ἐπιὸουλευθείς
448 4179 498 4237 ὑπὸ
513 4178 661 4259 Ταρκυνίου
678 4202 707 4238 τε
721 4184 766 4238 τοῦ
783 4177 906 4259 γαμόροῦ
916 4179 961 4238 καί
975 4183 1022 4249 τῆς

240 4268 335 4325 ἑαυτοῦ
352 4266 476 4346 θυγατρός
509 4267 678 4338 ἀποθνήσκει.
721 4272 891 4346 Διηγήσομαι
920 4266 947 4327 δέ
975 4266 1021 4327 καί

239 4360 286 4428 τῆς
299 4352 439 4424 tridentes
460 4354 505 4414 τὀν
519 4354 614 4436 τρόπον
636 4355 720 4435 μικρά
741 4358 793 4414 τῶν
817 4355 963 4437 ἔμπροσθεν
977 4378 1021 4435 γε·

187 4464 213 4504 to
239 4443 353 4522 νομένων
368 4440 519 4502 ἀναλαόών.

280 4533 414 4596 xxvlii.
439 4521 529 4595 Ἦσαν
545 4534 583 4612 τῷ
598 4532 706 4615 Τυλλίιρ
718 4533 765 4595 δύο
775 4534 916 4615 θυγατέρες
930 4538 960 4596 ἐκ
970 4559 1022 4614 γυ-

240 4622 327 4690 ναικὸς
351 4622 490 4702 γενόμεναι
512 4622 678 4705 Ταρκυνίας,
705 4622 738 4695 ἣν
768 4624 923 4703 ἐνεγγύησεν
949 4625 1021 4705 αὐτῷ

242 4709 363 4792 βασιλεὺς
379 4710 535 4793 Ταρκύνιος.
594 4713 703 4779 Ταύτας
716 4712 764 4782 τδις
784 4714 864 4793 κόρας
878 4712 1021 4788 ἐπιγάμους

239 4796 380 4879 γενομένας
402 4801 537 4861 ἐκδίδωσιν
555 4801 608 4869 τοῖς
625 4802 770 4880 ἀδελφιδοῖς
794 4806 841 4875 τῆς
857 4798 955 4880 μητρὸς
969 4801 1020 4858 αθ-

187 4916 214 4957 ςς)
240 4892 304 4959 τῶν,
327 4891 428 4957 υίωνοῖς
452 4889 478 4949 δὲ
502 4890 668 4968 Ταρκυνίου,
685 4895 723 4971 τῷ
742 4915 770 4951 τε
787 4889 957 4969 πρεσόυτέρῳ
972 4892 1020 4962 την

241 4974 422 5058 πρισύυτέραν
445 4979 564 5059 ἁρμόσας
578 4981 623 5037 καί
637 4983 675 5059 τῷ
688 4979 808 5061 νεωτέρῳ
818 4978 866 5052 τὴν
878 4978 1019 5055 νεωτέραν·

239 5063 321 5130 οὕτως
334 5065 449 5142 οἰόμενος
461 5069 542 5134 αύτθις
549 5067 664 5143 μάλιστα
679 5070 844 5128 συνοίσεσθαι
856 5075 909 5135 τοῖς
923 5066 1021 5127 λαθοῦ-

240 5173 294 5211 σιν.
335 5146 437 5231 Ἔτυχε
454 5153 482 5213 δέ
495 5158 547 5213 τῶν
564 5154 691 5235 γαμόρῶν
708 5156 828 5236 ἑκάτερος
842 5156 948 5235 ἐναντία
962 5178 1022 5214 συν-

242 5237 331 5321 αρθιίς
345 5242 418 5320 ψυχῃ
436 5242 506 5301 κατά
527 5242 575 5314 τὴν
590 5243 638 5321 οὐχ
655 5245 830 5325 ὁμοτροπίαν·
846 5243 950 5321 Λευκίῳ
972 5243 1021 5319 μίν

1075 1738 1246 1789 decreverant.
1278 1738 1361 1797 ernre
1383 1753 1415 1791 ex
1439 1738 1543 1804 singuiis
1566 1740 1710 1791 ciuitatibus
1731 1741 1855 1806 supptices

1076 1840 1198 1917 venerunt
1211 1838 1313 1901 deiecti,
1329 1844 1357 1890 ut
1371 1839 1445 1891 nrbes
1456 1841 1536 1892 Tullio
1548 1841 1668 1893 dederent
1681 1842 1708 1892 et
1721 1855 1781 1894 eum
1795 1856 1853 1894 oru-

1075 1943 1130 1989 rent
1144 1952 1175 1989 ne
1192 1938 1254 2002 quid
1269 1941 1407 2002 grnrtnstn
1420 1953 1447 1991 se
1469 1945 1597 1992 statueret
1631 1943 1664 1992 tt
1678 1942 1773 1995 Tullius
1789 1944 1857 2008 ipsos

1074 2040 1107 2090 ob
1123 2052 1194 2089 suern
1208 2038 1358 2090 dementium
1373 2047 1399 2090 et
1424 2040 1631 2105 contemptionem
1651 2041 1768 2103 deornm,
1792 2056 1857 2106 quos

1077 2136 1199 2187 foderunt
1217 2139 1296 2188 testes
1314 2142 1339 2187 et
1352 2150 1483 2201 sponsores
1501 2139 1622 2201 tenerum,
1642 2144 1668 2190 et
1687 2142 1769 2191 nmen
1781 2141 1857 2205 pects

1075 2235 1210 2297 violarent,
1233 2236 1318 2288 rnuitis
1329 2239 1355 2287 et
1372 2236 1488 2300 gravibus
1497 2238 1623 2304 suppliciis
1633 2237 1720 2304 dignos
1730 2252 1786 2290 esse
1798 2251 1856 2291 res·

1075 2320 1161 2408 pendit
1187 2361 1193 2392 ι
1212 2355 1299 2393 rernm
1317 2345 1482 2393 Romanorum
1494 2344 1637 2408 equitntem
1650 2347 1676 2395 et
1687 2343 1854 2407 elementiam,

1076 2440 1193 2505 qnoniam
1208 2439 1291 2505 ngoitn
1314 2439 1403 2490 iniuria
1422 2455 1467 2490 sue
1482 2455 1538 2491 euro
1552 2441 1622 2493 vittis
1642 2444 1667 2491 et
1685 2441 1776 2493 esteris
1795 2454 1857 2507 sup·

1077 2539 1167 2605 ptinnrn
1192 2539 1327 2604 insignibus
1349 2539 1411 2590 irnru
1429 2539 1585 2604 deprecaturi
1604 2540 1732 2603 venerint,
1747 2541 1807 2606 ipsis
1830 2541 1857 2593 in

1076 2654 1186 2706 prensens
1201 2654 1250 2690 non
1264 2639 1416 2691 defuturam.
1450 2640 1495 2689 liis
1506 2640 1580 2691 dietis
1603 2641 1695 2692 betturn
1715 2644 1858 2692 contrusus

1077 2745 1219 2804 susceptum
1233 2738 1357 2804 deposuit,
1367 2742 1393 2789 et
1407 2738 1497 2790 eetens
1510 2738 1612 2803 quidem
1627 2737 1769 2789 civitatibus
1786 2737 1858 2801 incito

1077 2841 1168 2892 obiitus
1197 2840 1241 2891 irre
1265 2841 1424 2904 omniumque
1451 2840 1596 2891 iniuriamne
1619 2845 1678 2891 unte
1698 2843 1857 2905 wreptsrnrn

1077 2938 1188 3003 permisit
1207 2943 1235 2988 ut
1248 2938 1334 2989 eedem
1348 2952 1397 3003 quo
1418 2940 1490 2988 untes
1503 2951 1586 2989 rerum
1603 2938 1757 3003 publicorum
1775 2939 1857 2990 torino

1077 3044 1215 3101 uterentur,
1252 3042 1329 3102 ιιιιμιε
1356 3037 1409 3088 suis
1439 3038 1515 3089 rebus
1550 3037 1698 3098 fruerentur,
1729 3040 1858 3090 servantes

1077 3136 1232 3189 conditiones
1244 3135 1367 3186 inderiso
1383 3149 1440 3200 rege
1451 3136 1584 3200 Tarquinio
1594 3135 1761 3201 proscriptas.
1794 3139 1857 3188 Tres

1078 3257 1136 3295 vero
1153 3245 1281 3303 eiuitetes,
1304 3254 1361 3304 qnae
1380 3240 1467 3304 prime
1492 3241 1517 3290 in
1536 3243 1658 3291 ltornsnos
1681 3244 1855 3306 surrexerunt,

1076 3356 1182 3413 qunque
1207 3340 1269 3390 otios
1294 3338 1326 3389 nd
1343 3338 1437 3390 bellum
1456 3338 1504 3390 iltis
1522 3337 1674 3390 inserendum
1695 3340 1856 3407 impulerunt,

1077 3446 1103 3493 et
1128 3440 1243 3491 veientes
1267 3438 1409 3488 caeretnoos
1429 3440 1456 3488 et
1479 3437 1681 3501 Tarquinienses,
1708 3439 1762 3504 egri
1787 3445 1857 3505 perte

1077 3541 1191 3603 adempto
1208 3535 1338 3595 ιιιιιίεενίί,
1355 3548 1431 3600 quarn
1455 3534 1540 3586 divisit
1558 3536 1603 3594 iis,
1618 3536 1662 3600 qui
1675 3537 1811 3587 nouissime
1830 3538 1857 3590 in

1076 3641 1202 3691 civitatem
1223 3640 1358 3688 itomanam
1372 3636 1464 3700 recepti
1482 3638 1560 3686 erent.
1595 3636 1707 3699 Cumque
1720 3636 1776 3688 hose
1788 3637 1857 3690 domi

1076 3738 1219 3802 militiaeque
1242 3736 1373 3802 gessisset,
1396 3739 1423 3785 et
1437 3734 1489 3785 duo
1506 3733 1598 3796 tempto
1612 3735 1777 3787 exstruxisset
1794 3739 1856 3789 For-

1076 3841 1153 3897 tnnee,
1165 3850 1215 3900 qne
1237 3838 1290 3885 toto
1305 3835 1364 3884 vitre
1386 3837 1496 3896 ternpore
1516 3832 1627 3883 seeundo
1642 3846 1703 3885 usus
1720 3833 1856 3899 videretur,

1077 3935 1181 3985 alterum
1203 3932 1303 3997 quidem
1320 3932 1346 3982 in
1362 3932 1416 3982 toro
1438 3930 1540 3992 Boario,
1568 3931 1673 3982 sitorum
1691 3946 1752 3984 reru
1772 3934 1803 3984 sd
1822 3935 1856 3986 ri·

1076 4052 1134 4104 pam
1154 4033 1261 4093 Tiberis,
1280 4044 1356 4096 quem
1375 4030 1472 4082 virilem
1484 4029 1629 4096 appellarit,
1653 4032 1683 4082 ut
1702 4045 1768 4081 nune
1780 4030 1857 4085 ettam

1077 4152 1092 4189 ιι
1111 4136 1228 4186 itonrenis
1246 4135 1425 4198 nuncupetur:
1448 4131 1499 4181 ism
1525 4132 1600 4181 etate
1616 4130 1766 4195 provectior,
1781 4144 1858 4182 neon

1077 4241 1183 4294 naturali
1207 4239 1266 4290 vito
1283 4237 1388 4288 ternoirw
1406 4234 1478 4299 longe
1496 4236 1618 4296 remotus,
1632 4233 1758 4299 Tarquinii
1773 4237 1857 4301 generi

1077 4345 1103 4395 et
1118 4342 1175 4392 tiiine
1192 4353 1245 4391 sun
1266 4336 1360 4387 insidiis
1386 4335 1501 4387 subintus
1521 4335 1604 4400 periit.
1637 4337 1749 4388 Nnrrebo
1771 4342 1857 4390 ιιιιιειιι

1076 4443 1195 4506 etipsum
1214 4436 1359 4489 insidiosum
1378 4434 1494 4496 modurn,
1507 4446 1535 4485 re
1547 4433 1715 4500 peultonltins
1727 4434 1842 4501 repetitu

1108 4549 1221 4599 xxviii.
1238 4544 1333 4595 Tutlins
1345 4542 1410 4594 enirn
1424 4542 1487 4592 dues
1501 4540 1565 4592 iilins
1583 4554 1614 4592 ex
1626 4553 1705 4591 uxore
1720 4540 1855 4605 Tarquinio

1076 4660 1316 4725 susceperat,qunm
1326 4654 1349 4705 ei
1359 4667 1404 4704 ren
1415 4650 1564 4714 Tarquinius
1581 4646 1607 4697 in
1619 4645 1855 4698 mutrirooniumde·

1076 4763 1154 4813 derat.
1188 4762 1239 4810 Hes
1260 4757 1355 4822 puellas
1375 4755 1424 4804 ium
1446 4750 1543 4803 nobiles
1562 4747 1631 4799 dedit
1654 4761 1744 4797 uxores
1765 4761 1856 4799 conso·

1076 4864 1168 4925 tinnis,
1178 4861 1306 4926 Tarquinii
1318 4858 1462 4925 nepotibus,
1481 4869 1539 4906 euro
1550 4849 1638 4901 mniori
1650 4851 1710 4899 nutu
1722 4847 1855 4913 maiorem,

1076 4975 1133 5013 euru
1146 4960 1235 5011 minod
1248 4959 1368 5010 rninorem
1382 4957 1543 5018 coniungens,
1568 4955 1593 5001 et
1606 4948 1752 5000 existiment
1763 4947 1816 4997 sore
1827 4950 1858 4997 ui

1075 5057 1124 5109 hoo
1133 5062 1206 5122 poeto
1223 5061 1316 5122 optime
1327 5058 1376 5108 ittte
1392 5055 1488 5106 moritis
1502 5051 1657 5117 prodessent.
1696 5046 1745 5098 Sed
1758 5045 1857 5108 utrique

1076 5169 1166 5220 genero
1174 5156 1277 5219 obtigit,
1291 5160 1320 5207 ut
1329 5158 1429 5220 propter
1440 5154 1531 5205 horum
1547 5147 1718 5200 diversitatem
1733 5144 1858 5196 sonuerit

1076 5256 1141 5305 sorte
1157 5255 1286 5304 uteretur:
1307 5253 1384 5304 Lusio
1405 5251 1470 5303 enirn
1483 5252 1540 5315 tqrri
1551 5255 1611 5313 outo
1630 5250 1684 5301 erut
1696 5246 1785 5308 mutor,
1795 5244 1856 5308 qui·
