3980 5936
244 404 306 466 594

247 562 260 588 «ι
275 532 349 614 Φέρε
359 532 411 612 γάρ
432 530 523 590 εἴπατέ
537 555 600 609 μοι,
615 529 770 613 Οὐεργίνιε,
787 535 811 593 οῖ
824 534 859 593 τδι
873 532 946 592 δεινά
961 557 1021 593 πει·

247 651 260 676 a
274 626 397 700 σόμενοι,
410 618 484 696 παρδι
498 619 575 679 τίνων
589 618 711 689 ἀδεζασθε
722 619 757 679 τδι
768 621 915 700 γράμματα
926 620 1021 695 {tuum

247 740 260 765 a
274 715 326 771 τῶν
347 715 398 770 ποῶ
420 707 663 785 κατοικούντων,ή
684 708 762 769 πόθεν
782 713 851 786 ὑμᾶς
866 706 1023 784 εἷδότων,ῖ“,

248 820 261 847 α
276 798 332 860 πῶς
347 793 458 853 τάνθάδε
472 797 679 874 συνεδρευόμενα
697 798 894 876 ἕπεσταμένων,
909 800 947 861 Τί
962 803 1027 858 ἀνα-

248 908 261 935 ιι
279 879 406 940 όάλλεσθε
418 880 463 940 καῖ
476 881 545 957 μετδι
559 889 642 943 ταῦτα
659 887 726 964 ἐρεῖν
739 886 834 952 αὐτοὺς
847 889 1024 966 ὑπισχνεῖσθε,

248 997 261 1024 ιι
278 970 337 1028 ἀλλ’
351 972 381 1030 οὐ
394 970 480 1029 πάλαι
494 970 600 1050 λέγετες
612 974 662 1040 Τίς
676 974 703 1032 δέ
718 973 780 1034 ὑτδι
793 977 940 1053 γράμματα
951 977 1025 1053 κομί·

248 1086 261 1112 α
277 1079 325 1124 σας
337 1058 398 1134 ὑμῖν
414 1056 482 1140 ἀνήρ
498 1061 570 1134 ἐστις
585 1061 622 1122 Τί
636 1063 683 1122 οὐκ
699 1063 775 1141 ἄγετε
792 1063 870 1122 αὑτὸν
884 1068 919 1132 εἰς
932 1063 1026 1141 μέσον,

249 1177 261 1203 ι
275 1146 309 1205 ἵν’
323 1146 369 1206 ἀπ’
384 1146 482 1209 ἐκείνου
498 1153 602 1229 πρῶτον
618 1150 756 1232 ἀρξώμεθα
772 1156 867 1225 ζητεῖν,
878 1153 930 1213 εἴτε
941 1155 1026 1224 ἀληθῗ1

250 1265 262 1289 u
277 1234 362 1296 ταύτά
377 1239 447 1296 ίστιν
458 1237 520 1313 είτε,
532 1242 570 1307 ῶς
583 1240 636 1321 ίγώ
647 1263 726 1323 φημι,
737 1241 883 1319 πλάσματα
896 1242 1026 1321 ὑμέτερας

250 1354 262 1379 ν
277 1328 314 1386 At
329 1323 357 1384 δέ
375 1325 408 1398 δή
424 1327 583 1409 συνᾴδουσαι
596 1329 650 1397 τοῖς
667 1327 773 1398 ξενικοῖς
787 1329 930 1409 γράμμασι
945 1328 1026 1407 μηνύ-

252 1442 264 1469 u
279 1439 333 1482 σεις
352 1414 425 1495 παρά
449 1419 502 1475 τῶν
517 1417 609 1477 ἐνθάδε
625 1416 740 1489 τίνεςτέ
755 1420 806 1478 εἰσι
820 1418 865 1478 καῖ
884 1417 934 1477 ὑπὸ
950 1418 1027 1476 τίνων

253 1531 266 1558 ν
281 1504 433 1583 γενόμεναι;
448 1505 486 1567 Τί
500 1505 628 1587 κρύπτετε
639 1506 684 1576 νδις
696 1507 807 1581 πίστεις,
818 1509 877 1567 ἀλλ’
891 1508 939 1566 οὐκ
953 1511 989 1575 είς
999 1507 1028 1566 τὸ

252 1624 264 1649 ν
280 1592 391 1673 ἐπιφανὲς
401 1593 494 1671 άγετες
509 1596 576 1655 Αλλ’
588 1583 949 1674 οῖμαιτῶνμήτεγενομένων
959 1597 1028 1676 μήτε

251 1710 264 1736 ν
280 1682 411 1758 ἐσομένων
429 1683 556 1741 ἀδύνατον
575 1686 712 1762 εὑρεθῆναι
727 1685 823 1744 πίστιν.
839 1684 934 1745 Ταῦτά
945 1686 1026 1758 ἔστιν,

198 1789 224 1828 ιε
251 1800 263 1824 ι
278 1759 301 1829 ῶ
318 1770 409 1849 βουλὴ,
430 1771 586 1848 μηνύματα,
608 1773 638 1830 οὐ
652 1772 722 1831 κατὰ
736 1773 836 1831 τούτων
850 1770 1026 1846 συνωμοσίας,

251 1887 264 1914 ιι
280 1857 350 1917 till
364 1856 432 1917 κατά
445 1863 520 1934 ὑμῶν
537 1861 613 1920 δολου
628 1858 674 1919 καῖ
690 1869 805 1942 πονηρῶς
818 1859 937 1937 γνώμης,
952 1865 970 1940 ᾑ
984 1859 1029 1919 κέ-

250 1976 264 2003 n
277 1939 1026 2031 χρηνταικρύψαντεςοὑτοι·τθιγδιρπράγματααὑτάβοᾷ.

245 2074 258 2097 ιι
274 2048 361 2107 Αίτιοι
381 2048 408 2105 δὲ
421 2047 496 2123 ὑμεῖς
519 2048 542 2104 οῖ
563 2045 597 2105 τά
618 2049 710 2126 πρῶτα
729 2044 914 2127 ίπιτρέψαντες
932 2046 1021 2111 αὐτοῖς

190 2131 227 2206 ειν
246 2162 257 2185 t
274 2134 319 2194 καί
337 2134 367 2195 τὸ
387 2135 496 2207 Mutet
513 2137 561 2206 τῆς
582 2137 667 2214 ἀρχῆς
687 2134 790 2216 μεγάλῃ
814 2133 1021 2199 καθοπλίσαντες

188 2680 215 2721 db

188 3120 215 3159 ὅθ

187 4026 215 4066 40

186 4474 213 4514 db

185 4908 212 4947 ῑιθ

246 2250 258 2275 «
276 2220 388 2304 ἐξουσία,
418 2224 462 2282 ὅτε
493 2222 614 2284 Κοίντιον
644 2222 774 2284 Καίσωνα
803 2226 842 2305 τῷ
865 2219 1021 2302 παρελθόντι

246 2338 257 2361 ν
273 2313 385 2394 ἐνιαυτῷ
400 2312 495 2392 κρίνειν
519 2315 561 2371 ἐπ’
573 2311 660 2380 αἰτίας
679 2311 803 2394 ψευδέσιν
827 2311 951 2383 εἰάσατε,
974 2308 1022 2369 καῖ

245 2429 257 2454 ν
271 2407 393 2462 τοσοῦτον
406 2401 512 2483 φύλακα
530 2405 578 2474 τῆς
588 2401 791 2485 ἀριστοκρατίας
805 2399 1021 2481 ἅναρπαζόμενον

244 2514 257 2543 α
272 2492 317 2548 ὑπ’
330 2493 417 2551 αὐτῶν
437 2490 592 2572 περιείδετε.
635 2495 784 2571 Τοιγαροῦν
805 2488 893 2550 οὐκέτι
910 2488 1020 2567 μιτριά·

244 2607 256 2633 α
273 2583 360 2649 ζουσιν
374 2580 434 2642 οὐδέ
455 2586 516 2642 καθ’
531 2580 577 2641 ῖνα
593 2584 646 2641 τῶν
670 2583 780 2660 εὐγενῶν
803 2577 1020 2659 περικόπτουσιν,

245 2697 257 2722 ν
275 2670 334 2729 ἀλλ’
350 2671 458 2750 ἀθρόους
470 2670 523 2745 ἤδη
539 2671 726 2752 περιόαλόντες
737 2669 796 2737 τοὺς
811 2666 923 2743 άγαθούς
937 2665 1022 2725 ἐλαύ-

244 2784 256 2807 ι
271 2781 357 2817 νουσιν
372 2761 402 2817 ἐκ
416 2762 463 2830 τῆς
477 2758 591 2827 πόλεως·
610 2758 735 2839 καὶπρὸς
752 2767 806 2825 τοῖς
821 2757 909 2821 ἀλλοις
930 2757 1021 2822 κακοῖς

244 2874 255 2895 ι
271 2847 324 2904 οὐδ’
342 2847 472 2906 ἀντειπεῖν
489 2849 577 2914 αὐτοῖς
599 2847 713 2915 ἀξιοῦσιν
729 2844 824 2907 οὐδένα
838 2846 933 2923 ὑμῶν,
949 2841 1019 2900 ἀλλά

244 2960 255 2983 u
274 2936 309 3000 είς
323 2933 436 3014 ὑποψίας
449 2935 496 2993 καὶ
513 2932 638 3004 διαὺολάς
659 2935 766 3014 άγοντες
787 2936 822 3000 ῶς
843 2936 1019 2992 κοινωνοῦντα

244 3048 255 3073 ιι
271 3023 322 3079 τῶν
343 3019 500 3102 ἀπορρήτων
519 3020 679 3080 δεδίττονται
700 3021 744 3080 καῖ
774 3018 925 3098 μισόδημον
948 3018 1021 3086 εὐθὺς

244 3138 255 3161 ν
271 3097 338 3168 εἶναί
357 3132 438 3190 φασι,
460 3108 506 3169 καί
528 3108 699 3189 προλέγουσιν
716 3107 791 3181 ήκειν
813 3109 857 3168 ἐπὶ
872 3108 917 3167 τόν
936 3108 1019 3184 δῆμον

243 3226 254 3249 «ι
271 3196 395 3276 ὑφέξοντα
406 3201 458 3257 τῶν
480 3198 570 3258 ἐνθάδε
593 3196 723 3281 ῥηθέντων
737 3196 822 3264 δίκας.
865 3196 937 3256 Ἀλλ’
954 3195 1020 3275 ὑπὲρ

243 3313 255 3336 ν
270 3284 317 3361 μὲν
331 3284 429 3345 τούτων
443 3283 530 3361 έτερος
544 3283 621 3347 ἔσται
635 3284 724 3365 καιρὸς
737 3285 947 3363 ἐπιτηδειότερος
965 3286 1019 3352 τοῖς

243 3401 255 3424 ιι
269 3371 371 3450 λόγοις·
386 3373 444 3433 νυνλ
462 3370 507 3447 δί,
523 3375 568 3431 ῖνα
591 3374 712 3452 συντέμω
732 3371 868 3451 τὸνλόγον
885 3371 932 3430 καί
947 3370 1017 3430 παύ-

242 3489 255 3515 ιι
271 3484 360 3540 σωμαι
382 3460 415 3520 τά
429 3462 513 3521 πλείω
532 3461 739 3537 διατεινόμενος,
763 3461 942 3542 φυλάττεσθαι
957 3462 1019 3538 ὑμῖν

244 3580 256 3603 ν
270 3554 392 3631 παραινῶ
414 3550 502 3618 τούςδε
520 3550 580 3618 τούς
599 3551 711 3630 ἄνδρας,
735 3552 771 3619 ῶς
794 3548 1019 3629 συνταράττοντας

244 3668 256 3693 ι
272 3640 320 3712 τήν
334 3640 412 3701 πόλιν
427 3639 473 3700 καί
494 3639 617 3718 μεγάλων
632 3638 801 3722 εἰσφέροντας
820 3637 905 3720 ἀρχάς
919 3643 1017 3699 κακῶν·

243 3757 256 3783 «
270 3729 316 3789 καὶ
330 3730 378 3788 οὐκ
390 3728 480 3789 ἐνθάδε
492 3728 540 3808 μέν
551 3736 636 3790 ταὺτα
657 3727 745 3809 λέγω,
756 3727 822 3808 πρδς
835 3728 862 3788 δὲ
875 3727 919 3787 τὸν
934 3728 1018 3805 δῆμον

242 3817 477 3899 «ἀποκρύψομαι,
503 3819 572 3879 ἀλλὰ
589 3820 666 3879 κάκεῖ
684 3821 823 3902 παρρησία
837 3820 928 3903 δικαία
949 3821 1019 3901 χρή-

242 3936 254 3960 ιι
271 3931 371 3986 οομαι,
386 3908 517 3968 διδάσκων
537 3908 655 3975 bastela
675 3911 764 3975 αὐτοῖς
780 3909 957 3990 ἀπικρέματαί
970 3907 1019 3993 [τι]

242 4025 255 4051 «ι
270 3998 367 4071 δεινὸν,
388 3994 429 4056 ότι
451 3996 488 4076 μή
512 3997 590 4057 κακοὶ
611 3997 657 4056 καῖ
671 3997 753 4059 δόλιοι
768 3997 915 4081 προστάται
940 4001 1020 4058 πολε·

244 4114 256 4140 ιι
272 4083 339 4161 μίων
361 4085 425 4165 ἔργα
451 4087 478 4145 έν
494 4086 693 4166 προσποιήματι
717 4086 799 4168 φίλων
826 4086 1022 4168 διαπραττόμε-

243 4202 256 4228 u
269 4196 320 4234 νοι.
338 4200 350 4226 ν
372 4178 465 4235 Ταῦτα
482 4173 598 4243 εἰπόντος
613 4183 659 4237 τοὺ
673 4175 792 4247 ὑπάτου,
811 4175 914 4257 κραυγή
928 4199 957 4235 τε
974 4177 1021 4236 καῖ

240 4261 321 4330 πολὺς
343 4261 449 4331 ἔπαινος
471 4268 501 4324 ἐκ
515 4267 568 4323 τῶν
590 4270 726 4345 παρόντων
753 4263 865 4344 ἐγίνετο·
894 4265 941 4326 καῖ
959 4265 1019 4326 οὐδὲ

239 4351 318 4430 λόγου
334 4359 387 4419 τοῖς
400 4351 547 4434 δημάρχοις
569 4351 606 4412 ἔτι
632 4355 802 4430 μεταδόντες,
827 4354 951 4415 διέλυσαν
974 4354 1018 4415 τὸν

240 4443 377 4523 σύλλογον.
431 4438 548 4503 Ἔπειτα
579 4451 594 4502 b
616 4443 665 4520 μὲν
693 4445 846 4524 Οὐεργίνιος
873 4444 1018 4515 ἐκκλησίαν

239 4528 395 4611 συναγαγὼν
406 4528 549 4610 κατηγόρει
563 4534 610 4603 τῆς
624 4555 652 4590 τε
668 4536 765 4613 βουλῆς
779 4534 824 4593 καῖ
837 4537 889 4594 τῶν
900 4534 1018 4594 ὑπάτων·

244 4620 260 4676 ό
293 4619 320 4678 δὲ
342 4618 470 4685 Κλαύδιος
495 4622 650 4697 ἀπελογεῖτο
664 4619 724 4689 τούς
743 4620 837 4691 αὐτούς
857 4622 951 4696 λόγους
965 4624 1020 4682 διε-

240 4708 315 4783 ξιὼν,
332 4709 375 4777 οὑς
390 4699 462 4769 εῖπεν
478 4710 522 4770 ἐπὶ
543 4713 592 4778 τῶς
607 4712 711 4790 βουλῆς.
752 4713 786 4773 Oi
811 4709 858 4787 μίν
875 4702 919 4771 οὑν
934 4713 1018 4771 ἐπιει·

240 4799 359 4880 κέστεροι
372 4803 424 4858 τῶν
447 4800 600 4874 δημοτικῶν
614 4798 687 4860 κενόν
710 4800 864 4861 ὑπώπτευον
886 4790 954 4860 εῖναι
974 4801 1019 4861 τὸν

239 4889 334 4968 φόόον,
349 4892 372 4948 οῖ
386 4890 409 4948 δ’
425 4889 588 4971 εὐηθέστεροι
604 4890 741 4951 ἐπίστευον
756 4899 814 4959 ταῖς
830 4890 942 4972 φήμαις·
959 4889 1018 4950 όσοι

239 4978 268 5037 δέ
278 4980 415 5052 κακοήθεις
430 4970 498 5052 ήσαν
519 4981 546 5040 ἐν
564 4982 652 5049 αὐτοῖς
671 4981 717 5041 καί
733 4979 884 5059 μεταόολῆς
898 4982 940 5040 ἀεὶ
955 4980 1016 5040 δεό-

239 5089 332 5144 μενοι,
345 5073 392 5127 τοῦ
403 5066 451 5144 μίν
466 5067 594 5138 ἐξετάζειν
605 5069 717 5142 τάληθὲς
731 5071 779 5129 οὐκ
793 5060 865 5150 εἶχον
880 5069 1016 5147 πρόνοιαν,

239 5153 362 5232 ἀφορμήν
380 5155 409 5214 δί
423 5158 595 5236 διχοστασίας
609 5158 717 5231 ῖζήτουν
729 5158 774 5218 καῖ
791 5157 914 5238 θορύύοο.

279 5241 358 5301 XlV.
382 5241 430 5302 Ἐν
446 5247 555 5325 τοιαύτγΙ
572 5244 599 5305 δῖ
620 5250 726 5328 ταραχῇ
746 5249 793 5318 τῆς
814 5245 914 5312 ποθιειος
937 5246 1017 5321 οὔσης

768 400 931 462 lllONYStl
954 402 1336 464 HALIGARNASSENSIS

1079 562 1091 585 a
1110 542 1213 607 Virgilii,
1239 555 1346 608 εοεριιε,
1358 541 1450 606 quibm
1466 544 1517 594 mm
1535 556 1611 606 mare
1633 544 1746 596 imminet
1756 544 1870 610 perieu-

1079 647 1091 671 ν
1107 626 1168 689 lum,
1184 627 1268 689 dieite,
1290 643 1305 678 a
1328 628 1420 692 quibus
1441 629 1582 693 hospitibus
1603 630 1689 681 literas
1711 631 1870 697 aeeepistis?

1079 736 1091 760 ν
1107 716 1154 767 Ubi
1167 716 1350 778 babitantibus,
1377 721 1423 769 aut
1448 717 1515 769 unde
1529 718 1600 769 robis
1621 720 1704 770 notis?
1727 724 1770 770 aut
1795 734 1870 785 qno·

1079 822 1093 851 α
1107 804 1182 855 modo
1199 809 1283 856 nostra
1296 805 1351 854 beo
1364 803 1467 856 uouulia
1478 804 1686 857 rescissentibus?
1700 806 1767 867 Quid
1779 821 1870 859 enne·

1079 911 1092 936 a
1106 892 1214 943 tamini?
1232 905 1278 942 sur
1287 895 1374 957 postea
1386 904 1472 943 eorum
1487 891 1588 942 nomina
1602 907 1647 943 ros
1658 893 1770 944 dicturos
1789 894 1872 958 polli-

1080 1002 1093 1026 α
1107 980 1205 1042 centul,
1218 993 1247 1031 ae
1257 993 1308 1031 nou
1320 980 1405 1046 potius
1414 980 1563 1046 iamdudum
1574 981 1691 1034 dixistis?
1724 984 1789 1041 Quis
1801 998 1872 1035 sero
1903 1019 1909 1025 ⁴

1080 1069 1212 1134 «estqui
1230 1069 1300 1120 robis
1328 1070 1374 1120 llas
1395 1069 1480 1121 literas
1501 1070 1604 1122 attulit?
1635 1071 1701 1131 Quin
1725 1085 1784 1123 eum
1801 1087 1871 1138 pro-

1080 1180 1093 1205 ι
1107 1158 1199 1210 θοοίθσ
1217 1157 1243 1208 in
1268 1158 1393 1220 medium,
1406 1162 1436 1209 ut
1454 1159 1487 1210 ub
1501 1158 1543 1209 illu
1555 1161 1681 1224 querendi
1700 1160 1801 1212 initium
1824 1162 1869 1212 la·

1080 1269 1093 1294 ι
1109 1248 1213 1309 eumue,
1226 1251 1312 1299 utrum
1323 1248 1378 1299 bue
1400 1262 1460 1299 reru
1483 1250 1541 1313 sint,
1558 1264 1590 1300 an
1602 1253 1686 1302 restro
1695 1250 1823 1314 timeum,
1837 1256 1871 1303 nt

1081 1359 1093 1383 tt
1108 1352 1154 1404 ego
1166 1337 1287 1401 suspicor.
1320 1339 1377 1388 Jam
1392 1351 1450 1387 uero
1461 1338 1596 1390 domestica
1614 1338 1722 1400 tudda,
1733 1353 1793 1403 quse
1804 1354 1871 1391 cum

1081 1449 1094 1474 ι
1107 1430 1216 1480 externis
1238 1429 1377 1480 consentire
1403 1429 1503 1489 dieitts,
1526 1443 1641 1494 quisnam
1664 1430 1707 1481 illa
1723 1434 1792 1492 sunt,
1807 1437 1837 1482 et
1852 1445 1871 1482 a

1080 1539 1092 1563 a
1106 1518 1198 1583 quibus
1211 1517 1310 1568 delata?
1318 1517 1384 1580 quod
1394 1518 1551 1582 probationes
1565 1518 1667 1581 celatis,
1678 1533 1764 1570 aenon
1776 1520 1872 1585 potius

1080 1620 1150 1658 «eas
1161 1606 1291 1657 manifeste
1307 1605 1332 1656 in
1350 1604 1459 1657 medium
1475 1606 1612 1672 profertis?
1643 1607 1692 1657 Sed
1706 1608 1746 1671 (ut
1764 1607 1870 1672 opinor)

1080 1715 1092 1737 ν
1107 1708 1199 1755 rerum,
1220 1707 1278 1758 ques
1293 1705 1339 1743 nee
1349 1695 1401 1756 jam
1415 1696 1482 1753 snut,
1496 1706 1541 1743 neo
1554 1693 1645 1745 tutores
1657 1697 1725 1755 sunt,
1735 1694 1870 1759 probatio·

1082 1803 1166 1841 onem
1190 1787 1300 1840 iuvenire
1319 1786 1420 1839 dillieile
1444 1792 1494 1839 est.
1529 1789 1591 1838 liaeo
1604 1790 1673 1849 sunt,
1692 1791 1867 1841 Patresoous-

1081 1900 1094 1924 «
1108 1879 1190 1944 eripti,
1204 1877 1293 1929 indicia
1305 1891 1354 1928 non
1369 1876 1547 1942 coniurationls
1559 1876 1585 1927 in
1599 1877 1672 1937 istos,
1687 1876 1732 1927 sed
1744 1879 1867 1931 malitiosi

1081 1990 1093 2013 ιι
1107 1968 1157 2020 doli
1180 1972 1267 2019 eontra
1282 1980 1327 2017 nos
1349 1967 1447 2032 parati,
1468 1981 1545 2032 quem
1563 1968 1605 2017 isti
1624 1971 1707 2031 tegere
1732 1976 1867 2023 sonantur.

1081 2079 1093 2101 ν
1110 2062 1168 2122 ipsa
1184 2057 1250 2108 enin
1267 2071 1308 2107 res
1330 2058 1390 2107 satis
1403 2056 1521 2121 loquitor.
1555 2058 1585 2106 ln
1606 2069 1697 2107 mussa
1717 2061 1801 2109 sotem
1817 2073 1869 2111 ros

1082 2167 1095 2191 ι
1111 2147 1157 2210 ipsi
1181 2145 1250 2207 estis,
1265 2129 1450 2210 qni'prinuiplo
1477 2147 1575 2195 mutum
1589 2144 1652 2208 ipsis
1671 2146 1824 2209 permisistis,
1835 2154 1864 2199 et

1081 2256 1094 2280 ι
1107 2236 1220 2286 insanum
1232 2235 1310 2285 istum
1326 2235 1498 2299 magistratum
1519 2237 1591 2284 unta
1607 2236 1728 2298 potestate
1739 2236 1863 2298 armatis,

1083 2344 1096 2367 ν
1103 2322 1202 2387 quoodo
1211 2323 1277 2388 passi
1287 2322 1348 2373 estis
1356 2323 1485 2373 Gaesonem
1494 2322 1624 2380 Quintium
1637 2322 1703 2374 trlsis
1714 2321 1867 2377 criminibus

1083 2411 1308 2463 «circumventum
1325 2409 1445 2472 damnari,
1465 2411 1560 2460 ettam
1576 2410 1693 2475 insignem
1710 2410 1865 2475 optimatum

1082 2503 1319 2579 «propugnatorem
1340 2498 1372 2548 ab
1398 2496 1446 2547 illis
1461 2496 1533 2548 robis
1555 2497 1618 2562 eripi
1638 2497 1736 2550 sinistis.
1767 2503 1867 2567 ltaque

1083 2588 1176 2639 «baud
1191 2588 1299 2653 amplius
1322 2586 1449 2637 moderate
1466 2600 1494 2637 se
1510 2592 1610 2651 gerunt,
1631 2601 1677 2639 neo
1690 2589 1800 2653 ungulos
1816 2606 1869 2643 no.

1083 2695 1096 2719 ν
1111 2674 1173 2726 biles
1186 2674 1233 2725 sibi
1246 2674 1370 2726 vexandos
1384 2679 1525 2739 proponunt
1543 2693 1550 2723 ι
1570 2675 1614 2726 sed
1634 2675 1686 2727 iam
1698 2690 1748 2728 ιιοο
1765 2679 1868 2743 agmine

1082 2786 1095 2810 ι
1112 2767 1178 2817 rims
1188 2767 1279 2831 probos
1292 2766 1401 2832 aggressi
1413 2779 1445 2818 ex
1460 2767 1521 2817 urbe
1532 2766 1628 2831 pellunt
1645 2787 1652 2816 z
1667 2772 1701 2829 et,
1712 2767 1781 2831 quod
1794 2770 1868 2833 longe

1083 2853 1283 2919 ugradmimnm
1296 2856 1344 2914 est,
1365 2853 1460 2919 ipsine
1488 2853 1570 2904 lerunt
1588 2852 1690 2917 quidem
1713 2868 1867 2921 quemqnam

1083 2960 1097 2985 ι
1110 2939 1142 2991 de
1149 2940 1223 2991 robis
1242 2944 1330 2991 eontra
1349 2953 1376 2991 se
1390 2940 1483 3002 dicere,
1502 2940 1546 2991 sed
1560 2940 1676 2992 territant
1698 2956 1754 3001 ros.
1766 2944 1792 2993 in
1806 2958 1866 2994 sns-

1083 3048 1095 3071 ν
1109 3027 1218 3092 pieiooes
1237 3041 1450 3093 ιιαιιιιιριεσιιεριεε
1464 3029 1620 3090 adducendo,
1636 3032 1664 3081 et
1686 3031 1712 3080 in
1732 3032 1867 3084 eriminum

1083 3130 1096 3153 ι
1108 3107 1223 3158 insidiam
1245 3108 1372 3174 rapiendo,
1387 3112 1416 3159 ut
1432 3109 1586 3160 occultorum
1608 3110 1772 3162 consiliorum
1785 3116 1865 3177 parti-

1083 3215 1095 3239 ι
1107 3195 1200 3259 eipem,
1225 3199 1252 3245 et
1270 3196 1356 3247 statim
1367 3196 1445 3262 plebis
1470 3197 1599 3247 inimicum
1619 3211 1675 3249 esse
1693 3199 1780 3260 aiunt.
1792 3203 1868 3266 eique

1082 3303 1094 3326 ν
1109 3282 1175 3332 diem
1188 3282 1284 3345 dicunt,
1297 3287 1327 3334 ut
1337 3285 1404 3350 apud
1419 3286 1535 3349 populum
1547 3299 1664 3336 caussam
1676 3287 1708 3337 de
1719 3289 1806 3341 uerbis
1818 3293 1867 3343 troc

1082 3370 1243 3423 «loeolactis
1254 3371 1330 3423 dieat.
1364 3374 1411 3424 Sed
1424 3373 1456 3425 de
1476 3373 1516 3424 tris
1529 3373 1591 3425 elias
1611 3378 1779 3439 opportunius
1796 3380 1867 3432 diee-

1081 3479 1093 3503 «
1107 3463 1159 3511 tur.
1192 3462 1334 3513 liunerero
1346 3462 1432 3527 paucis
1452 3475 1505 3513 reru
1522 3464 1662 3529 expediam,
1674 3467 1866 3530 neeproliriore

1082 3570 1095 3594 ν
1108 3550 1220 3601 oratione
1243 3555 1309 3602 utar.
1342 3552 1455 3613 Suadeo,
1480 3556 1510 3602 ut
1530 3554 1562 3603 ab
1577 3553 1619 3604 his
1637 3553 1790 3619 hominibus,
1805 3562 1867 3608 tan·

1080 3658 1092 3681 ν
1106 3651 1183 3701 quaro
1197 3637 1339 3702 reipublice
1362 3640 1578 3705 perturbatoribus
1595 3644 1622 3692 et
1641 3655 1788 3707 magnorum
1809 3658 1866 3695 ma-

1080 3741 1093 3767 «
1108 3723 1189 3775 lorum
1210 3725 1362 3783 auctoribus,
1391 3725 1462 3777 vobis
1485 3729 1604 3778 caveatis.
1627 3730 1714 3792 Neque
1735 3743 1798 3780 vero
1823 3730 1867 3782 bie

1080 3830 1092 3855 ι
1108 3813 1210 3877 quidem
1222 3813 1271 3865 ista
1283 3813 1349 3876 dieu
1364 3814 1431 3879 apud
1447 3815 1565 3879 populum
1578 3829 1638 3866 uero
1649 3830 1680 3868 ea
1692 3817 1775 3869 celabo
1789 3837 1796 3867 ε
1817 3821 1866 3871 sed

1079 3920 1092 3945 ι
1107 3901 1250 3966 ibiquoque
1262 3902 1332 3967 justa
1341 3901 1439 3954 direndi
1456 3902 1571 3955 libertate
1587 3908 1651 3965 utar,
1664 3904 1756 3956 doeens
1765 3906 1866 3958 nullum

1079 3989 1205 4040 «aliunde
1226 3991 1364 4055 perieulum
1387 3991 1437 4043 illis
1457 3991 1595 4050 imminere,
1611 3992 1660 4043 uisi
1680 3993 1785 4058 abipsis
1808 4007 1864 4045 roa-

1079 4097 1092 4122 νι
1107 4070 1197 4129 litiosis
1210 4092 1240 4128 ae
1251 4078 1366 4136 tribunis.
1384 4078 1427 4144 qui
1438 4078 1503 4128 lacta
1514 4077 1614 4128 bestilia
1626 4077 1744 4129 simulata
1755 4080 1867 4132 amicitia

1079 4185 1092 4209 ι
1105 4165 1198 4217 vetant.
1219 4185 1232 4209 ν
1264 4167 1324 4217 llus
1345 4165 1455 4218 consulis
1471 4165 1552 4216 oratio
1569 4165 1602 4216 ab
1624 4164 1672 4225 iis,
1686 4166 1732 4228 qui
1749 4165 1865 4229 adeunt,

1076 4254 1288 4321 ingentiolamore
1311 4257 1338 4305 et
1361 4253 1476 4305 laudibus
1490 4257 1531 4304 est
1549 4256 1669 4317 exeepta3
1694 4266 1742 4304 nee
1755 4255 1867 4319 amptius

1075 4342 1174 4394 dicendi
1192 4346 1316 4409 potestate
1330 4342 1438 4394 tribunis
1456 4342 1537 4399 laeta.
1558 4344 1659 4392 senatus
1682 4343 1720 4393 est
1733 4342 1865 4398 dimissus.

1074 4433 1144 4482 Tune
1163 4431 1306 4497 Virginius,
1321 4435 1458 4482 conroeata
1472 4431 1606 4493 οοοοίοοε,
1621 4430 1647 4479 in
1660 4435 1745 4495 patres
1758 4435 1786 4483 et
1798 4446 1863 4484 oon·

1076 4508 1143 4574 eules
1158 4522 1336 4575 invehebatur:
1360 4523 1405 4575 sed
1427 4522 1547 4575 claudius
1564 4521 1687 4587 purgabat
1706 4535 1751 4573 eos
1775 4522 1867 4575 iisdern

1075 4617 1166 4680 verbis,
1190 4631 1247 4681 quae
1273 4618 1298 4669 iu
1322 4623 1409 4671 senatu
1434 4620 1535 4669 lecerat.
1570 4616 1731 4668 cordatiores
1755 4617 1837 4682 igitur
1851 4632 1869 4669 e

1074 4706 1146 4772 plebe
1168 4707 1235 4758 buue
1266 4710 1388 4759 terrorem
1410 4721 1503 4758 vanum
1524 4719 1580 4757 esse
1603 4704 1813 4775 suspicabantur3
1839 4712 1866 4757 at

1074 4796 1215 4858 studiturus,
1244 4797 1385 4848 minoribus
1417 4796 1473 4849 istis
1509 4795 1583 4848 tidem
1606 4794 1746 4856 babentes,
1773 4809 1866 4847 rernm

1074 4881 1218 4934 eredebant.
1253 4883 1621 4936 lllorumseromalitiosissimi
1630 4884 1867 4948 proruentem

1074 4983 1195 5021 nonarum
1209 4971 1303 5036 cupidi,
1318 4986 1367 5023 non
1375 4972 1498 5025 curabant
1511 4971 1653 5038 hujusmodi
1664 4970 1865 5035 inquisitionem.

1072 5060 1100 5108 et
1118 5058 1191 5123 parvi
1206 5059 1337 5119 iaciebant,
1366 5062 1452 5111 utrum
1471 5060 1519 5111 boo
1533 5073 1620 5111 renim
1632 5074 1664 5110 an
1675 5058 1766 5109 tabum
1778 5064 1866 5121 essen

1073 5145 1118 5197 sed
1131 5146 1260 5199 seditionis
1273 5149 1433 5200 autumultus
1446 5149 1600 5201 oeeasiomm
1609 5148 1764 5213 querebant.

1112 5255 1177 5304 xll'.
1200 5258 1228 5305 lu
1244 5259 1295 5307 tam
1309 5257 1454 5321 perturbato
1468 5256 1576 5308 civitatis
1596 5258 1679 5319 statu,
1704 5254 1745 5304 sir
1758 5251 1871 5318 quidam
