4048 5924
240 427 301 487 tau
756 421 924 483 btoNYsli
950 418 1327 483 HALICARNASSENSIS

244 579 260 614 ιι
273 557 374 633 μᾶλλον
386 560 433 627 τῆς
442 558 521 627 τιμῆς
532 596 540 628 ,
552 545 571 631 ᾗ
586 575 620 624 με
630 562 745 630 τιμᾶτε,
759 554 833 611 οὐθὲν
845 550 904 611 οὔτε
922 574 1017 627 μνησι-

244 647 434 717 ιινιακήσαντες
459 641 519 702 οὔτε
549 642 784 718 ὑπολογισάμενοι,
815 630 852 698 ῶν
878 641 922 698 ὑπ’
949 639 1014 715 ίμοῦ

242 756 258 794 ο
271 734 397 813 πρότερον
412 730 524 789 ίπάθετι
539 728 610 789 κατὰ
624 728 684 794 τοὺς
698 725 839 802 πολέμους.

279 823 343 881 Vll.
366 840 381 877 ιν
399 817 473 897 Φέρε
491 818 523 886 δὴ
535 861 544 889 ,
558 815 598 884 τίς
611 816 644 875 ἂν
664 815 719 887 εἴην
738 816 821 893 άνηρ,
844 817 866 874 εί
882 813 957 887 δόξης
969 813 1015 875 καί

202 933 216 973 ε
242 931 258 970 ιι
270 911 373 984 τιμῶν,
393 898 430 967 ὧν
443 905 562 985 προσῆκέ
584 928 629 981 μοι
650 903 724 984 παρὰ
736 911 789 970 τοῖς
805 907 921 979 ἐμαυτοῦ
939 904 1015 963 πολί·

1072 579 1084 601 ι
1099 562 1126 610 et
1145 559 1224 610 multo
1247 561 1368 611 maiorem
1392 573 1437 624 pro
1452 557 1548 610 bonore
1571 572 1622 623 quo
1644 572 1685 610 me
1704 558 1854 621 honoratis,

1072 668 1084 691 ι
1098 647 1208 698 omnium
1221 648 1344 699 maiorum
1360 650 1387 698 ei
1401 647 1546 698 iniuriarum
1567 649 1640 699 autea
1656 661 1724 699 ame
1738 651 1853 711 accepta·

1072 756 1084 781 ι
1100 750 1156 788 rum
1166 738 1287 788 memoria
1301 736 1423 802 deposita.

1101 827 1157 876 Vll.
1176 845 1188 869 ι
1202 831 1253 890 Age
1265 838 1341 886 vero,
1352 825 1434 890 qualis
1445 825 1485 875 vir
1493 838 1591 887 moena,
1609 827 1631 875 si
1644 825 1721 887 gloria
1732 829 1758 875 et
1770 825 1851 876 bono·

1071 934 1084 959 «
1098 914 1167 965 ribus
1185 913 1275 964 mibia
1292 914 1355 966 mels
1374 913 1471 964 civibus
1491 913 1583 965 debitis
1605 915 1637 965 ab
1657 914 1706 966 illis
1726 915 1849 979 priuatus.

240 1019 329 1065 (ταις
338 994 557 1078 τυγχάνειν,ὑπδ
567 998 618 1053 τῶν
628 983 657 1054 εὑ
671 991 806 1053 παθόντων
816 994 1017 1072 ἀποστερηθείς,
1071 1003 1131 1054 ude
1156 1000 1248 1066 quibus
1268 1002 1361 1067 optime
1385 1015 1455 1053 cram
1480 1003 1593 1064 mentua,
1621 1007 1743 1069 proterea
1774 1002 1851 1055 simin

241 1111 255 1144 α
272 1087 336 1168 πρὸς
357 1084 385 1144 bl
398 1082 498 1152 τοὺτοις
516 1082 641 1163 πατρίδος
663 1105 692 1141 τε
717 1081 762 1140 καὶ
779 1079 851 1140 οίκου
865 1080 911 1140 καί
933 1081 1015 1162 ριλων

245 1202 259 1235 ιι
273 1175 319 1236 καί
342 1177 407 1234 θεῶν
429 1170 560 1254 πατρῴων
595 1171 642 1231 καί
665 1172 754 1249 τάρων
782 1172 946 1249 προγονικῶν
970 1169 1016 1228 καί

245 1287 259 1322 ιι
271 1262 368 1329 παντὸς
394 1261 475 1322 ἄλλου
502 1258 641 1326 ἀπελαθεὶς
667 1261 779 1336 ἀγαθοῦ,
802 1256 867 1336 παρ’
891 1260 966 1333 ὑμῶν
988 1258 1016 1318 δὲ

243 1377 259 1412 ι
273 1354 378 1412 ἅπαντα
390 1354 476 1409 ταῦτα
487 1348 581 1428 εὑρὼν,
593 1337 631 1414 οἷς
645 1345 752 1406 ίκείνυνν
763 1344 842 1426 χάριν
857 1345 1015 1421 ἐπολέμουν,

244 1465 258 1502 ιι
272 1445 296 1502 al
316 1440 354 1518 μὴ
369 1438 493 1519 γενοίμην
509 1436 625 1519 χαλεπδς
641 1434 689 1512 μδν
710 1426 748 1502 οἷς
770 1434 828 1494 ἀντὶ
844 1436 959 1496 πολιτῶν
971 1437 1017 1515 tp-

243 1536 340 1609 ειθροῖς
354 1529 509 1608 κίχρημαι,
528 1525 643 1606 χρηστὸς
660 1525 686 1584 δὲ
701 1515 738 1592 οἷς
749 1525 808 1583 ἀντὶ
823 1523 957 1602 πολεμίοιν
973 1524 1016 1606 pl·

243 1622 344 1693 ολοις;
360 1617 420 1676 ἀλλ’
435 1615 513 1695 ἔγωγ’
528 1615 581 1674 οὔδ’
598 1616 624 1673 tr
639 1612 732 1693 ἀνδρὸς
755 1613 836 1694 μοίρᾳ
854 1616 947 1690 θείμην
961 1611 1016 1691 θιν,

244 1730 259 1766 ιι
273 1708 345 1774 ὅστις
358 1704 426 1785 μήτε
447 1704 478 1764 τὸ
502 1705 634 1780 πολεμοῦν
656 1704 689 1762 δι’
704 1704 785 1784 ὀργῆς
802 1701 875 1783 ἔχει,
897 1702 965 1779 μήτε
987 1703 1018 1763 τδ

1072 1111 1084 1134 ι
1099 1091 1179 1154 patria
1197 1089 1272 1142 domo
1289 1091 1376 1142 amicis
1390 1091 1439 1143 diis
1456 1091 1544 1158 patriis
1555 1092 1677 1143 maiorum
1692 1088 1812 1154 sepulcris
1823 1091 1854 1139 et

1072 1196 1085 1220 ι
1100 1177 1277 1230 omnibusaltis
1287 1178 1357 1230 bonis
1369 1179 1497 1244 spoliatum,
1513 1184 1589 1244 nique
1603 1179 1642 1229 iris
1655 1178 1769 1230 omnibus
1783 1176 1853 1242 apud

1100 1278 1144 1316 vos
1157 1267 1278 1331 inventis,
1289 1283 1348 1320 cum
1363 1268 1453 1333 quibus
1475 1267 1569 1319 bellum
1592 1267 1617 1317 in
1634 1267 1733 1317 illorum
1746 1267 1853 1328 mabam

1074 1370 1087 1395 ε
1101 1366 1239 1417 gesseram,
1251 1370 1294 1408 eos
1308 1371 1357 1407 non
1369 1356 1525 1416 infestum,
1544 1368 1609 1418 quos
1626 1353 1778 1419 precicibus
1789 1353 1850 1402 lme-

1100 1446 1139 1494 lcs
1164 1458 1220 1496 sum
1237 1449 1371 1512 expertus,
1396 1457 1443 1496 nec
1462 1444 1631 1496 metatorem
1656 1444 1700 1502 iis,
1723 1456 1786 1506 quos
1807 1455 1854 1505 pro

1074 1556 1087 1581 «
1102 1537 1216 1589 hostibus
1228 1533 1428 1605 amicusflbsbui?
1450 1534 1569 1597 Equidem
1591 1546 1637 1597 pro
1655 1532 1782 1582 virosum
1802 1543 1854 1580 non

1074 1627 1244 1697 «habuerim,
1272 1635 1316 1698 qui
1336 1646 1383 1684 nec
1406 1628 1523 1681 hostibus
1546 1625 1657 1677 intensus
1679 1623 1713 1674 sit
1730 1635 1778 1672 nec
1800 1631 1854 1669 suae

1075 1740 1087 1765 ·
1102 1724 1189 1775 salutis
1207 1728 1323 1775 auctores
1338 1718 1510 1772 benevolentia
1534 1716 1709 1781 prosequatur.
1744 1707 1853 1760 Patriam

242 1822 257 1853 t
272 1793 459 1866 ῦῶίῠνὲαυτθν
475 1793 507 1852 δι’
525 1792 635 1859 οὖνοίας.
674 1793 798 1871 neptia
812 1814 841 1850 τε
858 1795 974 1870 ἡγοῦμαί
987 1793 1031 1862 0¹3.
1074 1828 1088 1857 υ
1102 1826 1161 1862 vero
1187 1811 1303 1863 existimo
1323 1822 1373 1860 non
1388 1821 1443 1859 eam
1466 1806 1604 1865 civitatem,
1627 1816 1685 1867 qum
1711 1814 1754 1851 me
1772 1799 1853 1850 civem

243 1884 320 1955 «τὴν
335 1879 561 1960 ἀπαρνησαμένην
582 1903 616 1956 με
630 1878 725 1952 πολιν,
745 1880 804 1938 ἀλλ’
825 1871 857 1951 ἧς
881 1880 1017 1958 ἀλλότριος

243 1993 259 2027 ιι
275 1970 311 2029 διν
326 1969 434 2041 πολίτης
452 1969 483 2049 γά
500 1988 561 2027 ονα·
573 1972 622 2046 γῆν
636 1990 664 2026 τε
685 1969 731 2027 οὐκ
748 1970 775 2027 lv
794 1959 813 2047 ᾖ
828 1966 959 2043 ἠδίκημαι
974 1967 1014 2046 pl·

241 2081 257 2114 ιι
271 2060 336 2130 λην,
353 2059 413 2116 ἀλλ’
436 2057 463 2115 ίν
475 1993 499 2134 ί
507 2054 539 2115 ab
554 2053 670 2135 άσραλὲς
684 2055 749 2136 ἔχω.
805 2054 859 2116 Καί
871 2054 903 2114 ἂν
918 2055 974 2121 θεάς
986 2079 1016 2115 τε

241 2172 257 2204 ιι
272 2144 466 2225 συλλαμὺάνη,
480 2142 527 2203 καί
541 2143 572 2203 ri
590 2143 704 2226 ὑμέτερα
720 2147 756 2210 ιὺς
769 2142 837 2211 εἰκὸς
851 2142 973 2224 πρόθυμα
986 2134 1015 2224 ᾖ,

243 2258 259 2294 ιι
274 2235 393 2312 μεγάλην
402 2234 448 2292 καί
457 2237 567 2312 ταχεῖαν
579 2233 677 2303 ίλπίξω
686 2233 842 2312 γενήσεσθαι
853 2233 1014 2312 perstetis.

244 2347 260 2393 ις
273 2313 314 2384 Ei
327 2322 379 2401 γὰρ
393 2320 465 2395 ίστι,
486 2321 526 2381 ὅτι
546 2324 651 2383 πολλῶν
665 2324 716 2395 ἤδη
738 2322 862 2399 πολέμων
881 2321 1016 2402 πειραθίν·

245 2436 259 2471 ιι
273 2436 315 2480 τες
329 2411 461 2488 Ῥωμαῖοι
483 2413 590 2481 οὑδίνας
609 2413 710 2492 μᾶλλον
728 2412 829 2471 ἔδεισαν
845 2414 937 2488 ὑμῶν,
959 2411 1018 2473 οθδί

1074 1917 1087 1942 ι
1101 1899 1242 1963 abuegarit3
1263 1897 1306 1949 sed
1324 1910 1395 1957 eam,
1416 1909 1432 1945 a
1451 1907 1501 1957 qua
1526 1893 1585 1943 licet
1603 1890 1763 1956 peregrinus,
1791 1886 1854 1938 civis

1105 2000 1160 2037 sum
1176 1986 1269 2045 tactus;
1287 1986 1314 2035 et
1327 1983 1451 2047 regionem
1464 1980 1569 2032 amicum
1594 1980 1655 2043 puto
1678 1990 1728 2027 non
1748 1988 1812 2033 eam,
1827 1975 1855 2024 in

1073 2096 1085 2119 e
1101 2077 1262 2140 quaeffectus
1271 2088 1328 2125 sum
1341 2073 1444 2133 iniuria,
1457 2071 1502 2122 sed
1517 2072 1543 2122 in
1554 2083 1603 2134 qua
1615 2071 1674 2121 tuto
1685 2080 1784 2117 manere
1795 2079 1853 2129 pus-

1073 2186 1085 2209 «
1099 2180 1164 2219 sum.
1195 2169 1227 2216 ut
1247 2165 1269 2215 ei
1285 2164 1348 2215 <leus
1366 2175 1413 2213 nos
1431 2161 1536 2220 iuverit,
1562 2162 1589 2210 et
1610 2171 1657 2207 vos
1676 2156 1725 2221 (ut
1736 2168 1780 2220 pur
1793 2155 1853 2218 est)

1072 2252 1213 2305 «alacriter
1240 2265 1341 2317 operam
1365 2248 1528 2309 paraveritis,
1548 2260 1622 2312 spero
1643 2245 1715 2298 brevi
1731 2256 1844 2308 magnam

1072 2359 1085 2383 ι
1100 2339 1152 2391 lore
1173 2339 1345 2390 mutationem
1378 2335 1443 2387 liluti
1461 2335 1526 2387 enirn
1545 2335 1623 2398 probe
1639 2331 1740 2394 sciatis,
1761 2331 1855 2396 populo

1072 2448 1084 2471 ι
1099 2430 1208 2479 Romano
1229 2429 1279 2478 mm
1305 2426 1391 2478 multis
1408 2424 1479 2477 bellis
1499 2423 1610 2475 exercito
1634 2421 1732 2472 nullum
1756 2419 1855 2471 bostem

244 2504 343 2561 ιιίστιν
359 2503 400 2582 ἐρ’
421 2490 445 2581 ᾧ
466 2502 566 2579 μᾶλλον
589 2500 775 2570 σπουδάζοντες
800 2503 974 2577 διατελοῦσιν,
997 2498 1016 2573 ἢ
1073 2516 1184 2580 «magis
1204 2515 1368 2568 metuendum
1397 2527 1471 2576 esse,
1489 2526 1566 2577 quam
1593 2524 1653 2572 ros,
1679 2524 1726 2561 nec
1745 2523 1802 2559 eum
1825 2510 1855 2559 in

242 2614 257 2646 ιι
272 2588 344 2659 ὅπως
354 2592 386 2652 τδ
399 2587 526 2670 ὑμίτιρον
538 2589 609 2658 ἔθνος
624 2589 728 2658 ἀοθενίς
750 2590 925 2660 ἀποδείξουσι.
961 2591 1016 2652 Καί

209 2714 213 2726 ·
243 2681 319 2740 (ιδιά
334 2686 411 2741 τοῦτο
423 2678 470 2745 τὰς
492 2679 540 2754 μίν
562 2678 673 2759 πολίμιρ
692 2678 816 2745 λαθόντες
838 2681 911 2753 ὑμῶν
926 2677 1016 2759 ἔχουσι

1072 2623 1084 2647 ιι
1100 2603 1176 2654 uliam
1197 2602 1271 2656 aliam
1290 2616 1344 2654 rem
1365 2600 1458 2652 maiore
1479 2598 1565 2651 studio
1589 2610 1689 2662 semper
1710 2596 1854 2647 incumbere

1071 2712 1083 2735 a
1099 2706 1175 2756 quam
1189 2695 1216 2743 ut
1234 2694 1325 2744 vesus
1346 2689 1426 2753 gentis
1442 2688 1507 2740 vires
1527 2686 1648 2738 debilitet.
1681 2688 1714 2737 ut
1736 2688 1854 2749 propter·

242 2767 379 2837 ιπάλεις,
394 2766 442 2831 τδς
456 2764 484 2824 δὲ
498 2765 586 2847 ριλίας
599 2768 685 2828 ἐλπίδι
696 2767 957 2847 παρακρουσάμενοι,
972 2762 1016 2825 ἵνα
1072 2798 1085 2829 η
1099 2794 1129 2832 οε
1146 2783 1241 2832 vestras
1268 2780 1358 2840 urbes,
1379 2778 1470 2843 partim
1493 2777 1558 2828 bello
1576 2779 1670 2840 captas,
1688 2775 1855 2840 pariirnam·

243 2876 259 2911 ιι
272 2854 310 2934 μὴ
323 2853 383 2913 καθ’
405 2852 433 2913 ir
456 2852 570 2921 ἅπαντες
596 2853 731 2929 γενόμενοι
756 2854 841 2913 κοινὸν
865 2851 1015 2931 ἐξενέγκητε

1074 2893 1087 2918 e
1102 2873 1167 2923 citiae
1189 2885 1233 2937 spe
1253 2870 1382 2936 deceptas,
1395 2872 1493 2929 tenere,
1512 2880 1545 2917 ne
1557 2879 1644 2918 omnes
1660 2865 1800 2917 coniunctis
1810 2878 1856 2917 co-

242 2940 330 3003 «κατ’
355 2942 442 3000 αὐτῶν
462 2940 589 3016 πόλεμον.
633 2939 699 3001 Ἐὰν
726 2930 770 2999 οὑν
795 2939 922 2998 τοίναντία
943 2942 1017 3018 ὑμεῖς
1073 2960 1146 3026 «ρης
1170 2972 1301 3010 commune
1322 2956 1415 3008 bellum
1435 2955 1483 3020 ipsi
1504 2953 1628 3005 interulis.
1662 2955 1689 3004 Si
1712 2953 1788 3018 igitur
1808 2965 1856 3002 νοε

243 3025 543 3111 ιιάντιριλοτιμοὺμενοι
569 3029 723 3101 διατελῆτε,
749 3033 795 3087 καί
819 3031 882 3106 μίαν
903 3029 1017 3098 ἅπαντες

187 3133 214 3173 so
240 3140 255 3176 ε
269 3119 349 3200 ίχητε
363 3117 424 3198 περὶ
436 3121 483 3177 τοῦ
494 3114 611 3192 πολέμου
629 3114 753 3193 γνώμην,
770 3115 784 3175 δ
798 3125 897 3176 ποιεῖτε
909 3121 1015 3201 rimba-

241 3236 254 3260 ι
271 3208 332 3274 δίως
342 3209 428 3266 αὑτῶν
440 3206 471 3265 τὸ
483 3204 579 3285 κράτος
590 3204 718 3264 παύσετε.

277 3295 358 3356 Vlll.
381 3289 491 3352 «⁶0vti
508 3293 605 3374 τρόπον
628 3295 779 3373 ἀγωνιεῖσθε
802 3294 847 3354 καὶ
867 3298 923 3364 πῶς
943 3297 1016 3378 χρή-

242 3387 347 3444 οσεοθε
366 3385 420 3450 τοῖς
436 3381 608 3463 πράγμασιν,
628 3381 719 3455 ἐπειδὴ
735 3382 843 3462 γνώμην
860 3383 964 3454 ἀξιοῦτέ
982 3410 1016 3463 με

243 3495 257 3529 ιι
271 3472 466 3552 ἀποφήνασθαι,
482 3471 530 3531 εἴτ’
544 3472 682 3552 ἐμπειρίαν
697 3495 742 3550 μοι
755 3479 949 3555 μαρτυροῦντες
965 3475 1017 3535 εἴτε

188 3594 214 3634 ³5
243 3560 389 3639 «sisoius,
402 3562 455 3620 εἴτε
471 3559 517 3619 καί
536 3561 689 3674 ἀμφότερα,
706 3563 801 3643 φράσω
815 3563 862 3622 καί
881 3567 928 3623 οὑκ
953 3566 1018 3624 είπο·

243 3673 258 3705 ιι
270 3648 416 3732 κρὺρομαι.
431 3651 543 3727 Πρῶτον
562 3649 611 3724 μὲν
623 3672 667 3709 ουν
680 3651 741 3725 ὑμῖν
758 3653 882 3732 παραινῶ
895 3652 1015 3725 σκοπεῖν,

243 3760 258 3794 ιι
273 3734 344 3806 ὅπως
357 3735 453 3808 εθσεὸἥ
474 3737 520 3796 καί
543 3737 646 3798 δικαίαν
666 3738 808 3810 ποιήσεσθε
828 3744 874 3799 τοῦ
899 3741 1017 3818 πολέμου
1075 3765 1158 3802 usum
1171 3751 1279 3803 nancisci
1292 3750 1417 3815 quaerulis.
1439 3752 1558 3808 Quoeuem
1568 3750 1651 3800 eutem
1665 3750 1691 3798 et
1705 3745 1853 3810 piaetiusta

240 3850 257 3881 u
272 3826 411 3908 πρόφασιν.
426 3824 549 3897 Elicuit<
558 3824 587 3885 δδ
598 3826 644 3885 καί
654 3827 743 3887 δικαία
757 3833 804 3887 τοῦ
819 3828 937 3905 πολέμου
951 3830 1018 3910 πρό·

244 3939 258 3973 ιι
272 3938 351 3995 ραοις
360 3915 419 3987 ἥτις
437 3913 470 3974 ἂν
484 3913 584 3992 γίνοιτο
604 3913 652 3974 καὶ
675 3914 732 3992 ἅμα
753 3914 924 3998 συμρίρουσα
939 3918 1017 3991 ὑμῖν,

189 4034 217 4074 ⁴⁰
243 4024 257 4059 ιι
271 4001 400 4062 θκοιίσατί
416 4025 476 4079 μου.
518 4000 663 4079 Ῥωμαίοις
678 4007 695 4075 ί]
710 4002 758 4081 μὲν
773 4002 801 4072 ίξ
821 4006 906 4083 ἀρχῆς
930 4005 1018 4085 ὑπάρ-

243 4110 258 4146 ιι
271 4088 337 4157 ξασα
351 4095 386 4167 γῆ
411 4092 524 4171 βραχεῖά
547 4095 603 4153 ἔστι
624 4092 670 4152 καί
683 4092 787 4170 λυπρά·
804 4097 821 4164 ἡ
840 4095 863 4152 δ’
878 4092 1018 4167 ἐπίκτητος

241 4176 302 4250 «ἣν
317 4177 377 4243 τοὺς
391 4181 538 4259 περιοίκους
557 4182 715 4262 ἀφελόμενοι
733 4186 837 4262 ἔχουσι,
864 4179 951 4253 πολλὴ
972 4186 1017 4244 καὶ

1072 3068 1086 3094 ε
1103 3062 1200 3113 quoque
1213 3047 1323 3098 vicissim
1336 3045 1456 3110 perpetuo
1468 3041 1518 3093 iilis
1528 3041 1691 3104 obnitimini,
1703 3045 1730 3093 et
1739 3041 1772 3093 de
1789 3039 1862 3092 bello

1073 3158 1085 3181 ι
1099 3150 1186 3188 omncs
1195 3134 1370 3194 consentiatis,
1383 3132 1451 3198 quod
1462 3145 1528 3183 nunc
1540 3131 1636 3195 tacitis,
1651 3131 1724 3182 iacile
1735 3130 1791 3184 eius
1808 3144 1854 3195 po-

1073 3244 1085 3269 «
1103 3223 1205 3274 tentiam
1214 3220 1340 3273 erermlis.

1102 3312 1171 3362 viil.
1190 3310 1337 3371 uouentem
1352 3311 1438 3362 autem
1449 3308 1482 3361 de
1499 3307 1575 3359 modo
1585 3308 1612 3358 et
1625 3307 1718 3358 ratione
1735 3303 1794 3355 belli
1804 3316 1852 3367 ge-

1074 3417 1086 3440 «
1101 3397 1171 3448 rendi
1184 3397 1262 3449 vultis
1277 3410 1357 3449 meam
1377 3410 1418 3447 me
1437 3394 1583 3448 sententiam
1599 3393 1708 3459 aperire,
1728 3392 1781 3442 sive
1801 3390 1850 3442 boc

1074 3502 1086 3526 ι
1104 3498 1165 3536 mem
1177 3485 1273 3551 peritiae
1292 3485 1345 3537 sire
1363 3483 1540 3537 benevolentiae
1555 3483 1609 3534 sire
1623 3483 1698 3534 etiam
1721 3478 1853 3544 utriusque

1075 3592 1087 3616 ι
1102 3576 1141 3624 est
1151 3574 1332 3636 testimonium,
1345 3573 1439 3636 (licam,
1453 3575 1480 3626 et
1491 3571 1552 3623 nillil
1571 3585 1615 3622 vos
1634 3570 1728 3621 celabo.
1741 3568 1853 3620 Primum

1075 3681 1087 3707 ο
1102 3663 1175 3729 igilur
1187 3664 1259 3715 vobis
1271 3668 1439 3725 auclorsum,
1453 3662 1557 3727 utpium
1575 3665 1601 3712 et
1613 3661 1705 3711 iustam
1721 3658 1780 3709 beili
1795 3671 1851 3709 euu-
1900 3713 1904 3719 ,

1074 3843 1126 3891 σοί
1137 3840 1210 3891 οἰοιοῖ
1225 3844 1372 3891 erevsstra
1381 3840 1415 3890 sii
1425 3840 1523 3900 lutura,
1543 3851 1575 3889 ex
1596 3851 1636 3888 me
1647 3835 1742 3888 audite.
1777 3841 1851 3899 Αεεν,

1074 3946 1087 3975 ι
1100 3942 1175 3995 quem
1186 3929 1292 3995 populus
1302 3931 1428 3980 llomanus
1439 3926 1560 3992 principio
1573 3924 1689 3987 babebat,
1700 3928 1740 3975 est
1750 3923 1852 3986 exiguos

1073 4035 1086 4059 ι
1098 4020 1125 4067 et
1136 4016 1242 4067 sterilis:
1256 4015 1279 4066 is
1289 4028 1359 4075 vero,
1370 4028 1444 4079 quem
1458 4014 1535 4064 armis
1546 4014 1594 4065 sibi
1610 4013 1727 4076 quesivit
1738 4014 1765 4063 et
1776 4011 1850 4061 inili-

1073 4123 1086 4148 ι
1101 4104 1148 4154 mis
1157 4103 1263 4165 ademit,
1275 4107 1302 4154 et
1312 4103 1408 4168 amplus
1416 4106 1443 4153 et
1461 4103 1550 4153 leriiiis
1559 4105 1606 4162 est,
1618 4102 1674 4153 etsi
1683 4101 1851 4164 uuusquisque

1073 4209 1086 4235 ι
1103 4196 1197 4256 partem
1210 4205 1281 4244 suam
1292 4231 1299 4253 ‚
1311 4190 1359 4241 sibi
1377 4190 1515 4242 contraius
1537 4194 1563 4241 et
1580 4188 1619 4239 sus
1641 4191 1769 4252 ereptam,
1793 4187 1852 4238 velit

243 4290 258 4327 ιι
272 4266 372 4343 ἀγαθή·
388 4267 434 4326 καλ
448 4270 472 4327 εί
486 4273 539 4330 τῶν
554 4270 721 4349 ἠδικημένων
735 4276 844 4332 ἕκαστοι
854 4270 903 4344 τὴν
917 4275 1016 4334 ίαυτῶν
1073 4287 1235 4344 «repetere.
1256 4278 1317 4330 nibil
1335 4279 1383 4329 erit
1404 4281 1457 4330 tum
1477 4290 1597 4342 parvum,
1618 4278 1671 4328 tam
1689 4275 1788 4338 debile,
1801 4279 1851 4326 tam

241 4379 257 4412 ιι
272 4352 366 4424 ἀξιοῖεν
379 4355 541 4431 ἀπολαὸεῖν,
564 4359 639 4418 οὐδὲν
654 4358 736 4427 οὑτως
759 4361 853 4441 μικρὸν
867 4359 926 4421 οὐδὲ
940 4366 1018 4422 tete-

190 4481 216 4519 ts
240 4468 256 4500 α
271 4443 313 4511 νίς
333 4442 391 4503 otti
410 4441 509 4524 sinopes
522 4447 558 4512 ὡς
572 4448 603 4506 τὸ
617 4445 762 4522 Ῥωμαίων
780 4452 846 4508 εῖστυ
863 4447 1015 4524 γενήσεται.

243 4553 258 4589 ιι
273 4531 376 4592 Τούτου
397 4530 425 4591 δί
445 4531 535 4610 οἴομαι
556 4533 609 4592 δεῖν
630 4538 698 4611 ὑμᾶς
719 4534 806 4618 ἄρξαι.
831 4536 957 4612 Πέμπετε
971 4527 1016 4596 οθν

240 4643 256 4675 ιι
270 4621 392 4702 πρίοὺεις
417 4625 453 4689 ὡς
473 4622 581 4693 αὑτοὺς,
608 4627 780 4692 ἀπαιτοῦντες
802 4622 832 4691 ἃς
860 4625 1016 4704 κατέχουσιν

242 4731 258 4767 ιι
271 4711 345 4786 ὑμῶν
359 4710 460 4785 πόλεις,
474 4711 520 4770 καί
533 4714 583 4771 ὅσα
602 4713 678 4792 τείχη
692 4715 718 4773 ἐν
734 4718 768 4793 τῇ
782 4713 897 4794 ὑμετέρᾳ
911 4719 946 4792 γῇ
961 4717 1016 4775 ἓνε·

242 4820 258 4855 ιι
271 4799 422 4879 τειχίσαντο
438 4800 569 4869 ἀξιοῦντες
591 4802 725 4876 ίκλιπεῖν,
749 4802 795 4862 καὶ
807 4804 833 4861 εἴ
844 4825 870 4862 τι
883 4801 948 4862 ἄλλο
970 4802 1017 4887 βία

1072 4387 1085 4412 ι
1100 4382 1219 4433 egenum,
1238 4381 1313 4431 quam
1324 4365 1384 4416 urbs
1398 4368 1515 4416 llomana.
1550 4365 1612 4416 ilinc
1629 4362 1705 4426 igitur
1718 4363 1790 4414 nobis
1802 4363 1850 4413 iui-

1072 4476 1086 4502 «
1100 4457 1165 4507 tium
1186 4455 1326 4507 ducendum
1353 4455 1467 4506 arbitror.
1502 4454 1594 4505 Mittite
1614 4453 1691 4519 igitur
1709 4453 1802 4518 legatos
1819 4453 1852 4503 οδ

1072 4564 1085 4589 ε
1104 4543 1223 4608 populum
1248 4547 1398 4605 Romanum,
1423 4544 1469 4609 qui
1494 4545 1609 4608 repetent
1636 4546 1733 4595 vestras
1757 4542 1849 4601 urbes,

1072 4650 1084 4674 a
1098 4642 1162 4695 ques
1174 4634 1295 4695 occupet,
1306 4635 1332 4682 ei
1347 4633 1390 4696 qui
1405 4630 1542 4697 postulent,
1565 4633 1595 4682 ot
1620 4644 1653 4682 ex
1673 4629 1854 4682 munitionibus

1071 4737 1085 4762 ι
1102 4717 1230 4778 omnibus,
1243 4730 1307 4782 quas
1327 4718 1354 4769 in
1365 4722 1450 4771 restro
1466 4732 1526 4784 agro
1539 4718 1658 4779 munivit,
1680 4722 1707 4769 ei
1719 4718 1849 4778 suadeant.

1073 4825 1086 4850 ι
1100 4809 1144 4869 ut,
1160 4807 1181 4858 si
1203 4804 1265 4872 quid
1283 4806 1352 4858 eliud
1371 4808 1403 4859 tle
1417 4811 1502 4859 vestro
1525 4807 1640 4873 pervim
1660 4807 1803 4873 usurparit,
1825 4808 1850 4857 iu

190 4920 216 4960 ςη
242 4888 487 4968 οσιρετερισάμενοι
518 4893 570 4949 τῶν
597 4890 730 4970 ὑμετέροιν
766 4890 857 4972 ἔχουσι
885 4890 1017 4961 πείθοντες
1073 4895 1173 4947 «vobis
1189 4895 1287 4948 reddat.
1320 4897 1370 4949 Nec
1381 4896 1451 4960 prius
1462 4895 1510 4961 ipsi
1524 4894 1619 4947 beilum
1630 4894 1759 4958 inieratis,
1776 4908 1850 4959 quam

244 4976 437 5037 <combibebam
453 4976 571 5057 πολέμου
585 4978 612 5038 δί
627 4979 710 5058 μήπω
724 4980 836 5062 ἄρχετε,
852 4981 915 5062 πρίν
933 4982 1015 5056 ἣλο-

1072 5003 1085 5029 a
1100 4999 1246 5049 responsum
1259 4985 1291 5037 ub
1308 5000 1338 5037 eo
1354 4985 1507 5051 acceperitis.
1540 4986 1566 5039 Si
1577 4987 1643 5038 enim
1654 4985 1711 5037 hoec
1724 4986 1847 5045 feceritis,

243 5078 258 5115 ιι
271 5058 327 5118 θεῖν
339 5062 386 5130 τδς
403 5064 468 5145 παρ’
479 5066 564 5124 αὑτῶν
576 5067 738 5148 ἀποκρίσεις.
784 5068 851 5131 ’Ele
863 5072 915 5149 γὰρ
930 5077 1016 5131 ταῦτα
1073 5089 1086 5121 ο
1099 5072 1246 5125 alterutrum
1255 5087 1357 5137 eorum,
1374 5086 1431 5137 quie
1442 5073 1528 5136 vultis,
1540 5073 1743 5139 consequemini:
1755 5074 1850 5125 autres

240 5168 256 5202 ιι
270 5146 407 5220 ποιήσητε,
420 5154 489 5211 δυεῖν
502 5145 539 5213 ῶν
554 5155 678 5230 βούλεσθε
693 5157 804 5236 ὑπάρξει
816 5161 925 5240 θάτερον
944 5163 1015 5237 ὑμῖν·

241 5232 333 5306 οῆτδι
346 5237 444 5298 ἑαυτῶν
461 5242 629 5325 ἀπολήψεσθε
642 5246 704 5305 ἄνευ
720 5246 847 5306 κινδύνων
865 5250 911 5308 καὶ
926 5249 1014 5309 δαπά-

1073 5179 1085 5203 a
1101 5164 1198 5211 testres
1208 5161 1261 5211 siue
1271 5161 1380 5226 periculo
1391 5166 1417 5212 et
1428 5165 1529 5226 sumptu
1542 5162 1680 5227 recipietis,
1700 5164 1745 5213 aut
1757 5160 1849 5213 bones·

1072 5268 1085 5292 ι
1102 5251 1154 5299 tum
1173 5253 1199 5299 et
1212 5248 1303 5301 iustam
1320 5249 1490 5303 bellicensem
1506 5251 1638 5305 babebitis.
1672 5250 1699 5303 Si
1709 5250 1766 5315 quis
1783 5248 1850 5302 enim
