4048 5924
85 2283 114 2323 θθ

639 444 934 519 nuuruulunuuu
956 449 1107 513 ROMAN.
1133 454 1205 518 LiB.
1231 456 1309 517 viii.

143 600 157 628 ι
176 572 305 654 δγγυηταλ
326 576 419 634 πασῶν
435 597 514 654 εσμεν
528 577 563 644 ὥς
580 575 676 637 αὐτίκα
689 578 764 654 μάλα
775 579 922 658 γενησομά·

143 690 157 716 ιι
175 687 238 724 νων.
283 666 340 726 Νῦν
353 662 401 741 μὲν
416 666 468 742 γδιρ
485 663 546 745 οὐχὶ
564 668 652 734 καλῶς
673 657 730 748 εἶχε
754 666 922 748 ψηφίσασθαί

144 777 157 804 ι
175 773 215 812 σοι
235 749 285 826 τὴν
305 751 403 832 βουλὴν
425 748 502 823 ἢτδν
523 752 607 827 δῆμον
622 753 697 813 οὐδὲν
708 754 853 828 όπιεικδςῆ
870 756 921 833 μά-

1697 466 1755 527 465

978 609 991 634 ι
1006 593 1205 657 prustandcrnm
1238 610 1284 647 nos
1314 596 1360 648 tibi
1388 611 1519 663 sponsores
1541 614 1637 653 sumus.
1686 607 1758 656 Nunc

980 696 993 720 ι
1005 679 1072 730 enim
1083 694 1132 731 non
1148 681 1248 734 deomet
1259 696 1291 734 ex
1305 688 1542 750 senatusconsulto,
1554 694 1600 740 aut
1615 691 1755 757 plebiscito,

977 786 991 811 ιι
1004 767 1052 819 tibi
1066 769 1207 835 quidquam
1221 773 1288 839 aqui
1304 778 1349 825 aut
1361 776 1485 827 moderati
1498 776 1613 839 decerni,
1627 780 1688 832 duur
1701 796 1755 834 cas·

143 865 157 892 ιι
174 862 262 920 τρεον,
290 839 339 908 ἕως
361 841 718 921 ἀντιπαρεστρατοπέδευκας
740 849 805 920 ἡμῖν
827 844 873 904 καί
887 844 921 903 τά
977 860 1044 907 «tra
1058 862 1202 911 contranos
1217 862 1388 928 positahabes
1406 868 1431 916 et
1444 869 1470 917 te
1486 865 1611 919 hostiliter
1621 870 1694 932 geris.
1729 873 1755 924 Si

144 954 157 981 ιι
174 931 310 1008 πολεμίων
322 928 387 1011 ἔργα
401 930 474 1010 δρᾷς.
519 931 552 991 Εἰ
565 931 587 989 δ’
601 931 749 1005 ἀποσταίης
760 937 812 993 τῶν
824 932 921 1008 όπλων,

145 1044 158 1070 ιι
178 1017 236 1091 ἥξει
256 1043 297 1080 σοι
316 1019 346 1079 τό
364 1019 426 1096 περὶ
442 1023 491 1092 τῆς
504 1019 617 1082 καθόδου
631 1021 758 1104 ψήφισμα
780 1023 921 1105 φερόμενον

145 1134 159 1159 ιι
178 1107 220 1190 ὑφ’
234 1110 309 1185 ἡμῶν
320 1108 369 1169 οῦκ
381 1110 417 1176 εἰς
428 1109 542 1188 μακράν.

182 1198 290 1262 XXVI.
312 1224 325 1252 ι
345 1196 444 1276 Ἀγαθδι
460 1197 508 1276 μὲν
524 1199 556 1270 δὴ
572 1205 657 1259 ταῦτα
670 1199 780 1282 ὑπάρξει
794 1226 836 1262 σοι
847 1162 930 1260 δεαλ·Ι

145 1311 158 1337 ιι
175 1284 338 1366 λοιττομάνῳ·
353 1287 459 1364 μόνοντι
475 1284 501 1344 δ’
518 1287 563 1346 ίπὶ
584 1291 631 1359 τῆς
643 1288 723 1368 ὀργῆς
737 1288 783 1348 καί
798 1288 837 1366 μὴ
858 1292 921 1348 δια.-

144 1400 157 1426 ιι
174 1376 294 1458 λυομένῳ
307 1376 337 1436 τό
352 1382 429 1451 μῖσος
444 1375 508 1454 π’ρδς
531 1380 604 1452 ἡμᾶς
627 1376 714 1436 πολλὰ
735 1378 781 1436 καὶ
796 1376 920 1459 χαλεπά,

145 1489 158 1514 ιι
176 1462 202 1532 t}
220 1455 257 1523 διν
271 1464 324 1544 ipis
337 1462 383 1522 δόο
398 1462 433 1521 τδι
455 1463 568 1542 μίγιστα
586 1464 640 1523 νυνὶ
660 1464 834 1547 φανερώτατα
857 1468 918 1547 δρῶ.

144 1576 157 1601 ιι
176 1553 287 1630 Πρῶτον
311 1549 358 1630 μὲν
387 1552 427 1610 ότι
449 1551 576 1610 δυσκόλου
599 1551 740 1631 γενέσθαι,
766 1556 867 1630 μᾶλλον
893 1555 920 1613 at

144 1664 157 1690 ι
175 1640 304 1700 ἀδυνάτου
313 1640 471 1721 πράγματος
490 1640 605 1720 πονηρόν
621 1642 708 1721 ἔρωτα
723 1643 805 1723 ίχεις,
820 1644 921 1711 πόλεως

143 1752 157 1779 ν
176 1731 223 1798 τῆς
238 1727 382 1806 Ῥωμαίων
396 1731 517 1788 καθελεῖν
535 1729 583 1802 τὴν
606 1728 681 1811 ίσχθν
700 1732 849 1791 καὶταῦτα
867 1736 921 1801 τοῖς

143 1840 157 1867 ιι
178 1815 353 1878 occisianus
376 1814 475 1885 όπλοις·
496 1817 588 1878 ἔπειτα
608 1822 648 1881 ότι
669 1843 711 1881 σοι
725 1819 921 1903 κατορθώσαντί

142 1929 157 1956 ιι
175 1927 206 1964 τε
229 1905 275 1966 καὶ
303 1905 341 1983 μὴ
365 1905 476 1987 τυχόντι
503 1906 611 1966 πάντων
641 1908 787 1987 ἀνθρώπων
811 1909 920 1989 ὑπάρξει

142 1995 380 2077 «δυστυχεστάτῳ
404 1994 567 2071 νομίζεσθαι.
591 1996 639 2066 Ἐξ
664 1989 700 2057 ὧν
725 1997 851 2058 δὲταῦτα
865 2024 919 2058 πα-

143 2107 157 2135 ιι
177 2082 299 2163 ρίσταταί
320 2105 365 2159 μοι
380 2082 442 2163 περὶ
465 2089 526 2155 σοῦ,
545 2085 647 2165 φρονεῖν
662 2085 788 2160 ἄκουσον,
805 2075 829 2145 ῦι
844 2087 920 2169 Μάρ·

144 2198 157 2225 ι
174 2195 233 2250 κιε,
247 2170 330 2249 μηδὲν
354 2170 418 2253 πρδς
437 2172 485 2244 τὴν
510 2174 658 2256 ἐλευθερίαν
682 2198 733 2255 μου
756 2178 809 2235 τῶν
834 2175 919 2256 λόγων

144 2289 157 2316 ιι
175 2261 377 2344 τραχυνόμενος.
422 2261 523 2323 Σκόπει
545 2262 573 2321 δὲ
597 2266 701 2342 πρῶτον
714 2262 781 2344 ῦπδρ
795 2268 840 2322 τοῦ
855 2266 918 2324 ttu-

143 2378 157 2405 ιι
172 2352 263 2412 νάτου.
306 2348 465 2428 Ῥωμαίοις,
486 2353 522 2417 ὡς
536 2340 612 2410 οἶσθα
633 2352 679 2412 καθ
702 2354 752 2426 οὔ,
765 2351 851 2424 πολλά,
869 2356 917 2430 μέν

143 2468 156 2494 ιι
173 2445 228 2501 ἐστι
242 2441 332 2511 νιότης
350 2429 556 2524 ίπιχυίριοςῆς
577 2443 600 2501 τί
617 2440 648 2500 τδ
680 2442 820 2513 στασιάζον
845 2442 918 2512 ἐξαι-

977 962 990 987 ι
1005 958 1066 995 vero
1081 945 1114 997 ab
1129 947 1205 997 armis
1218 947 1379 1012 discesseris,
1392 950 1522 1004 decretum
1539 953 1573 1005 de
1584 953 1667 1006 reditu
1684 956 1755 1007 tibia

976 1052 989 1077 ιι
1006 1032 1078 1085 nobis
1088 1034 1159 1086 brevi
1173 1035 1302 1091 atieretur.

1007 1210 1094 1258 xxvi.
1114 1228 1127 1253 ιι
1142 1212 1223 1273 Atque
1237 1211 1292 1262 hoec
1301 1217 1361 1263 sunt
1371 1214 1434 1265 bona
1444 1253 1451 1277 ,
1460 1230 1520 1281 qum
1531 1218 1663 1269 habiturus
1676 1232 1717 1281 es,
1732 1219 1755 1269 si

975 1316 988 1339 ι
1003 1310 1061 1346 cnm
1074 1297 1155 1362 patria
1171 1299 1315 1363 ingratiam
1338 1302 1452 1356 redieris.
1485 1307 1558 1366 Quod
1570 1310 1593 1359 si
1609 1310 1684 1363 irasci
1697 1327 1755 1378 per·

1004 1398 1121 1448 gas,nec
1132 1385 1219 1437 odium
1242 1391 1328 1439 contra
1352 1404 1396 1443 nos
1424 1398 1570 1459 conseptum
1586 1397 1710 1463 deponas,
1728 1402 1755 1452 in

976 1493 988 1516 ι
1003 1474 1083 1524 muita
1101 1478 1127 1524 et
1142 1476 1228 1540 gravia
1242 1476 1336 1529 incides
1355 1479 1438 1540 mala,
1452 1494 1561 1545 quorum
1582 1484 1634 1536 dno
1645 1487 1755 1539 maxima

975 1582 988 1605 ι
1002 1565 1027 1612 et
1038 1562 1177 1614 certissima
1187 1578 1255 1616 nunc
1268 1564 1359 1618 dicam.
1392 1568 1520 1630 Primum,
1541 1585 1595 1623 ram
1610 1573 1753 1638 difficilem,

976 1670 989 1694 ι
1005 1650 1055 1699 imo
1070 1665 1143 1709 vero,
1157 1666 1216 1717 quoe
1245 1654 1313 1705 nullo
1339 1656 1413 1707 modo
1435 1656 1489 1708 lieri
1518 1663 1617 1724 potest,
1643 1663 1754 1728 improbe

975 1756 988 1780 ιι
1005 1736 1158 1802 concupisti,
1181 1752 1271 1804 nempe
1289 1741 1374 1805 populi
1397 1743 1502 1793 Romani
1519 1745 1655 1807 potentiam
1678 1747 1753 1813 idque

975 1840 988 1865 ιι
1005 1822 1152 1873 volscorum
1176 1824 1253 1875 armis
1273 1830 1385 1876 evertere
1409 1827 1523 1879 :deiude
1547 1843 1620 1888 vero,
1642 1832 1695 1883 sive
1713 1847 1754 1885 res

975 1930 988 1955 ι
1001 1912 1149 1962 successerit
1161 1911 1215 1963 sive
1234 1927 1284 1963 non
1295 1914 1358 1964 nihii
1375 1914 1445 1965 aliud
1464 1918 1638 1982 consequeris,
1655 1920 1705 1970 nisi
1724 1926 1753 1971 ut

975 2018 987 2042 ι
1001 1999 1115 2050 omnium
1130 2000 1261 2051 hominurn
1279 2002 1436 2053 miserrimus
1447 2003 1571 2056 habearis.
1605 2007 1657 2057 Gur
1668 2011 1753 2058 nutem

975 2109 987 2133 ι
1001 2087 1064 2139 mihi
1078 2089 1103 2139 in
1116 2094 1226 2141 mentem
1237 2091 1333 2149 veniat,
1352 2096 1381 2142 ut
1393 2092 1428 2142 ita
1440 2092 1472 2143 de
1491 2098 1517 2144 te
1535 2095 1656 2157 sentiam,
1678 2097 1751 2157 audi,

974 2196 987 2220 ι
1004 2176 1097 2238 Marci,
1108 2191 1154 2229 nee
1166 2192 1222 2230 mea
1232 2178 1331 2230 dicendi
1342 2179 1458 2233 libertate
1469 2195 1624 2248 exasperare.
1658 2188 1693 2236 Αο
1705 2187 1753 2251 pri·

974 2284 987 2309 ι
1003 2279 1072 2336 mum
1094 2266 1238 2330 considera,
1265 2282 1318 2319 rem
1342 2272 1381 2328 te,
1404 2283 1463 2335 quoa
1486 2271 1539 2323 tieri
1560 2279 1686 2339 nequeat,
1708 2290 1752 2341 ag·

968 2378 980 2403 ιι
998 2360 1075 2422 gredi.
1110 2366 1179 2413 lt'am
1188 2364 1294 2427 populus
1303 2367 1438 2423 Romanus,
1453 2370 1481 2416 ut
1491 2367 1545 2431 ipse
1554 2368 1612 2430 scis,
1624 2369 1704 2420 muita
1712 2372 1749 2421 iu·

968 2466 980 2491 ι
998 2451 1100 2501 νοτίοιο
1113 2449 1250 2502 domestica
1269 2452 1394 2515 abundat,
1408 2468 1484 2518 qnam
1496 2456 1532 2518 (si
1545 2456 1635 2508 seditio
1649 2459 1748 2511 subiate

143 2556 156 2581 ιι
176 2528 271 2609 ρεθείη·
283 2526 424 2604 γενήσεται
441 2527 469 2588 δὲ
492 2535 571 2590 τοῦτο
590 2527 660 2588 κατά
682 2529 784 2602 πολλὴν
799 2531 917 2611 ἀνάγκην

144 2644 157 2667 ιι
175 2616 231 2675 νυνι
252 2615 296 2676 tat
309 2616 382 2677 τόνδε
397 2617 441 2677 τδν
459 2617 586 2695 πόλεμον·
601 2618 690 2679 πάντα
710 2618 762 2701 γδιρ
777 2619 830 2680 tet
845 2621 918 2689 δέους

144 2732 158 2759 ιι
175 2709 263 2765 κοινοῦ
277 2704 441 2767 συνίστασθαι
451 2708 522 2782 φιλεῖ
535 2706 569 2764 τδι
587 2706 708 2788 διάφοροι·
725 2710 775 2789 οὐχ
788 2708 829 2767 ὅτι
848 2712 918 2772 Οὐο-

85 2824 97 2836 ·
118 2822 125 2835 ·
143 2820 157 2847 ιι
175 2795 282 2854 λοῦσκοι
296 2795 489 2876 κρατήσουσιν,
503 2795 563 2854 ἀλλ’
576 2795 629 2856 οὐδ’
641 2797 708 2857 ἄλλο
718 2801 771 2857 τῶν
787 2798 856 2860 κατδι
871 2800 917 2872 τὴν

143 2912 156 2938 ι
176 2884 293 2945 Ἰταλίαν
312 2886 392 2945 ίθνῶν
409 2883 492 2946 attis.
536 2887 629 2959 Πολλὴ
651 2888 674 2946 δ’
690 2892 707 2959 ἡ
726 2888 850 2949 Λατίνων
869 2889 916 2950 καλ

141 2998 155 3025 ιι
171 2974 224 3031 τῶν
240 2971 328 3032 τίλλων
343 2972 494 3052 συμμάχων
509 2971 555 3032 καὶ
570 2972 687 3032 ἀποίκων
703 2977 750 3047 τῆς
760 2975 860 3042 πόλεως
875 2980 917 3037 to·

142 3087 155 3114 ι
171 3059 267 3141 χδς,ἡν
292 3060 382 3141 όλίγου
397 3070 487 3120 πᾶσαν
509 3062 645 3142 ἐπίκουρον
664 3061 735 3135 ἥξειν
759 3063 917 3145 προσδέχου·

967 2557 980 2581 ιι
997 2536 1087 2599 inerit,
1102 2539 1171 2604 quod
1186 2540 1227 2591 θοι
1240 2540 1272 2592 ob
1286 2555 1386 2605 gravem
1398 2542 1474 2594 huius
1489 2543 1548 2595 beili
1558 2547 1746 2611 necessitatem

969 2644 981 2674 ιι
998 2641 1085 2679 omnes
1095 2629 1170 2692 enim,
1180 2630 1226 2695 qui
1237 2631 1302 2681 inter
1314 2645 1342 2682 se
1351 2630 1480 2692 dissident,
1496 2633 1634 2683 communis
1644 2636 1747 2698 periculi

967 2734 981 2759 ιι
996 2718 1080 2766 metus
1090 2716 1222 2768 conciliare
1235 2717 1309 2783 solet)
1325 2731 1375 2769 non
1388 2718 1469 2769 solnm
1481 2718 1564 2769 Volsci
1577 2732 1625 2770 non
1637 2721 1745 2784 vincent,

967 2820 979 2850 ι
996 2803 1041 2855 sed
1060 2819 1091 2855 ne
1110 2804 1160 2855 ulla
1178 2806 1281 2871 quidem
1298 2806 1348 2857 alia
1367 2821 1438 2870 gens,
1458 2820 1516 2872 qua
1535 2807 1633 2858 ltaliam
1651 2809 1743 2861 incolit.

967 2895 1084 2957 «Manna
1103 2908 1203 2959 quoque
1223 2898 1262 2946 est
1281 2895 1427 2947 Latinorum
1445 2903 1471 2949 et
1495 2897 1599 2949 aliorum
1621 2898 1746 2951 sociorum

965 3000 979 3025 ι
995 2986 1088 3033 nostra
1111 2983 1181 3035 urbis
1206 2988 1232 3035 et
1255 2985 1399 3037 colonorum
1421 2990 1547 3052 potentia,
1570 3002 1645 3052 quam
1668 2992 1745 3041 toturn

965 3090 978 3115 ι
995 3072 1174 3135 propemodum
1192 3073 1264 3125 nobis
1283 3075 1375 3126 auritio
1389 3080 1519 3128 venturam
1536 3081 1659 3143 exspecta.
1691 3080 1745 3128 Du·

141 3175 155 3201 ιι
172 3149 315 3229 στρατηγοί
328 3173 358 3209 τε
371 3141 423 3217 οἷος
433 3148 465 3210 σθ
480 3150 524 3209 καὶ
540 3149 713 3232 πρεοόότιροι
728 3152 774 3211 καὶ
788 3151 858 3225 νίοι,
871 3178 917 3215 το·

142 3266 155 3293 ιι
173 3244 261 3301 σοῦτοι
274 3240 305 3298 τὸ
321 3241 434 3313 πλῆθος,
456 3240 566 3321 ὅσοιπερ
588 3239 706 3309 άπάσαις
728 3245 777 3302 οὐκ
793 3241 844 3302 εἰσί
858 3247 917 3311 ταῖς

141 3355 155 3381 ιι
174 3328 268 3396 ἄλλοις
286 3327 391 3389 πόλεσι.
415 3327 538 3407 Μεγίστη
564 3327 592 3388 δδ
612 3333 706 3390 πασῶν
737 3331 845 3411 βοήθεια
870 3330 917 3392 καί

141 3443 154 3469 ιι
170 3417 256 3484 τδςίν
277 3420 330 3484 τοῖς
351 3418 442 3484 δεινοῖς
463 3417 572 3485 ίλπίδας
591 3418 712 3480 οὐδέποθ’
724 3422 802 3495 ἡμῶν
815 3422 916 3499 ψευσα-

141 3532 155 3558 ιι
172 3505 240 3583 μάνη
258 3505 400 3584 συμπάσης
411 3529 441 3565 τε
454 3506 568 3585 ἀμείνων
592 3505 758 3587 ἀνθρωπίνης
776 3506 867 3587 θσχόος
899 3513 917 3581 η

142 3620 155 3647 ιι
171 3593 248 3674 παρά
258 3595 311 3651 τῖεν
325 3595 390 3652 θεῶν
402 3593 505 3672 εὔνοια,
519 3596 553 3654 δι’
570 3593 614 3662 οθς
631 3599 662 3655 οὐ
675 3594 754 3672 μόνον
778 3597 916 3677 ίλευθάραν

142 3710 156 3736 ι
175 3684 212 3748 είς
228 3680 287 3743 τόδε
311 3681 405 3762 χρόνου
428 3681 475 3756 τλν
496 3683 573 3744 πόλιν
588 3682 660 3755 τήνδ’
677 3687 799 3763 οἰκοῦμεν
819 3686 915 3765 θγδόην

141 3798 155 3825 ι
171 3770 226 3846 ἤδη
239 3770 287 3842 τὴν
301 3775 347 3831 νῦν
359 3768 470 3852 γενεάν,
485 3770 556 3833 δλλδι
569 3772 616 3832 καὶ
630 3773 772 3851 εὐδαίμονα
788 3775 834 3835 καὶ
851 3779 917 3836 πολ-

141 3886 155 3912 ι
171 3861 225 3919 λῶν
246 3860 326 3919 ίθνιῗιν
350 3858 496 3942 άρχουσαν.
552 3859 602 3933 Μὴ
629 3861 661 3935 δὴ
684 3863 812 3932 Πεδανοῖς
846 3869 917 3941 ἡμᾶς

141 3976 154 4001 ι
172 3948 281 4028 εἰκάσῃς
296 3947 365 4028 μηδδ
380 3948 530 4030 Τολερίνοις
552 3949 619 4028 μηδὲ
643 3952 697 4019 τοῖς
711 3952 800 4025 ἄλλοις
824 3975 917 4033 μικρο-

140 4064 154 4091 ιι
172 4037 307 4113 πολίταις,
316 4029 354 4098 ὧν
365 4037 495 4119 κατάσχες
509 4038 543 4098 τδι
557 4039 690 4120 πολίχνια·
702 4039 748 4101 καί
763 4040 815 4120 γδιρ
829 4041 917 4115 ἥττων

141 4154 153 4180 ιι
174 4125 204 4185 ds
223 4125 262 4194 τίς
281 4148 328 4186 σου
352 4126 500 4205 στρατηγός
514 4127 561 4188 καὶ
575 4127 621 4187 ἀπ’
636 4128 805 4201 ίλάττονοςῆ
821 4128 916 4191 τοσοῦ·

140 4242 153 4267 ιι
170 4238 218 4288 της
233 4223 358 4294 στρατιᾶς
381 4215 591 4296 ὀλιγανθρωπίαν
613 4218 658 4277 καὶ
675 4217 830 4298 φαυλότητα
854 4220 917 4299 θρυ-

140 4332 152 4355 ιι
171 4305 262 4379 μάτων
277 4302 412 4364 ἐθιάσατο·
426 4304 484 4364 ἀλλ’
498 4307 609 4383 ἐνθυμοῦ
629 4306 660 4366 τδ
684 4306 792 4387 με’γιθος
804 4312 852 4381 τῆς
866 4306 917 4368 πό-

139 4420 152 4446 ιι
171 4394 239 4460 λαως
262 4391 373 4466 καλιὴν
398 4392 576 4476 λαμπρότητα
599 4397 651 4454 τῶν
673 4397 701 4455 ἐν
715 4396 769 4465 τοῖς
790 4396 917 4476 πολίμοις

139 4510 152 4537 ιι
169 4481 290 4562 πράξεων
304 4483 351 4542 καί
365 4482 414 4557 τὴν
432 4484 463 4543 όκ
478 4489 523 4544 τοῦ
538 4484 607 4547 θείου
630 4489 765 4565 παροῦσαν
787 4487 854 4568 αιἰτῇ
870 4484 915 4544 τό·

139 4600 152 4625 ιι
169 4594 235 4651 χην,
258 4572 292 4630 δι’
307 4571 340 4644 ἣν
364 4574 395 4631 dx
416 4581 512 4653 μικρᾶς
533 4571 649 4646 τοσαότη
673 4572 787 4653 γίγονεν·
803 4575 849 4637 καὶ
867 4576 916 4651 τὴν

139 4687 152 4713 ιι
171 4664 282 4719 σεαυτοῦ
297 4661 425 4739 δύναμιν,
439 4661 472 4734 ἣν
489 4662 594 4741 όπάγων
615 4660 685 4744 ίργιρ
704 4661 797 4745 τοσῷδ
811 4665 916 4745 δπεχεε·

138 4775 152 4800 ιι
171 4749 238 4827 ρεῖς,
253 4747 291 4823 μὴ
302 4751 392 4828 νόμιζε
406 4749 560 4831 ἠλλάχθαι,
573 4751 642 4811 titt
654 4756 777 4830 μέμνησο
786 4751 914 4834 δαρεθῶς,

138 4863 151 4890 ι
170 4833 211 4895 ότι
226 4836 403 4898 Οὐολούσκων
417 4861 446 4897 τε
463 4837 648 4899 astitissent
671 4838 798 4920 στρατιάν
819 4839 915 4922 ίπάγῃ,

138 4950 152 4975 ιι
170 4921 214 4990 οθς
232 4928 309 5003 ἡμεῖς
328 4925 382 4986 οἵδε
396 4928 421 4986 st
435 4931 481 4986 νῦν
503 4926 631 5006 παρόντες
647 4928 674 4985 όν
689 4928 799 4995 πολλαῖς
822 4931 914 4990 evon-

139 5041 152 5067 ι
171 5037 220 5091 μεν
235 5014 351 5095 μάχαις,
372 5015 464 5084 όσάιεες
479 5019 544 5091 ἡμῖν
566 5014 717 5095 ἐτόλμησαν
742 5018 779 5084 είς
799 5017 915 5095 πόλεμον

140 5130 153 5155 ιι
171 5106 346 5174 καταστῆναι.
389 5102 478 5166 Ὥστε
488 5102 535 5164 σὺν
549 5102 602 5171 τοῖς
613 5102 729 5185 χείροσιν
743 5104 914 5184 ἀγωνίζεσθαι

138 5216 152 5242 ν
170 5191 276 5270 μέλλων
292 5189 346 5252 ίσθι
371 5193 437 5275 πρός
459 5191 520 5262 τοθς
542 5192 709 5274 κρείττονας,
728 5194 774 5252 καί
794 5193 841 5254 σὺν
861 5197 914 5263 τοῖς

74 5336 80 5343 ,
138 5304 151 5330 ιι
169 5277 334 5355 ήττωμίνοις
355 5278 399 5340 δεδι
422 5280 518 5350 παντός
543 5281 606 5362 πρὸς
630 5280 690 5349 τοῦς
713 5285 839 5350 νικῶντας
858 5283 909 5343 tat.

215 5388 329 5427 [imisit.

966 3179 978 3204 ι
996 3173 1038 3210 ces
1057 3174 1117 3212 vero
1139 3161 1178 3212 tui
1199 3163 1307 3225 simiies,
1321 3168 1374 3216 un
1395 3166 1503 3218 seniores
1524 3180 1599 3230 quam
1619 3167 1742 3225 iuniores,

972 3249 1038 3296 «tot
1062 3244 1135 3296 nobis
1158 3249 1233 3305 sunt,
1254 3250 1318 3311 quot
1337 3247 1382 3297 vix
1401 3246 1428 3297 in
1450 3247 1574 3299 universis
1595 3248 1651 3299 aiiis
1673 3263 1753 3314 popu·-

972 3356 984 3379 ιι
1000 3335 1039 3386 tis.
1084 3334 1133 3386 Sed
1155 3334 1226 3399 longe
1242 3335 1355 3385 omnium
1370 3335 1510 3386 maximum
1527 3336 1666 3397 auxilinm,
1683 3338 1753 3403 quod

972 3446 984 3470 ι
1001 3440 1130 3491 nunquam
1142 3425 1168 3475 in
1181 3424 1293 3476 adversis
1307 3438 1376 3490 spem
1390 3429 1501 3477 nostram
1515 3425 1621 3488 fefellit,
1635 3432 1669 3485 et.
1683 3429 1752 3493 quod

972 3535 984 3559 ιι
998 3515 1115 3565 omnibus
1123 3514 1240 3565 humanis
1254 3513 1351 3564 viribus
1363 3517 1402 3564 est
1420 3514 1586 3582 prestantius,
1593 3518 1632 3566 ast
1648 3516 1754 3567 deorum

973 3622 985 3646 ι
1001 3601 1181 3660 benevolentia,
1194 3614 1303 3666 quorum
1316 3600 1435 3651 beneficio
1447 3600 1536 3652 adhoc
1552 3616 1633 3667 usqne
1654 3606 1754 3666 tempus

974 3713 986 3736 ι
1002 3692 1066 3742 hanc
1086 3691 1190 3750 urbem,
1208 3694 1324 3741 octavam
1340 3691 1392 3741 iam
1412 3695 1526 3751 aetatem,
1545 3707 1595 3743 non
1618 3694 1698 3744 solum
1721 3694 1752 3743 ii·

974 3802 987 3827 ι
1001 3780 1102 3839 beram,
1128 3777 1173 3829 scd
1196 3778 1272 3829 etiam
1294 3777 1449 3828 fortunatam
1479 3782 1505 3829 et
1526 3779 1613 3830 multis
1638 3780 1754 3843 gentibus

972 3889 986 3915 ι
1000 3870 1164 3933 imperantem
1181 3866 1321 3918 inonfimus.
1356 3869 1407 3918 Nec
1427 3881 1548 3917 nuscum
1567 3867 1686 3926 Pedanis,
1708 3874 1753 3920 aut

973 3978 986 4005 ι
1000 3957 1121 4009 Tolerinis
1146 3956 1252 4022 aliisque
1272 3955 1357 4020 parvis
1380 3955 1479 4020 populis
1503 3969 1613 4020 quornm
1634 3956 1753 4020 oppidula

974 4045 1145 4111 «occupasti,
1174 4043 1286 4096 conferas
1310 4059 1316 4089 ε
1340 4057 1399 4094 nam
1419 4047 1445 4095 et
1468 4043 1533 4093 atius
1556 4042 1704 4109 imperatur,
1727 4049 1753 4097 te

974 4156 987 4182 ι
1000 4135 1120 4197 inferior,
1138 4138 1165 4187 et
1182 4134 1320 4186 minoribus
1340 4133 1479 4183 instructus
1491 4132 1583 4197 copiis,
1602 4133 1754 4185 munitiones

974 4245 986 4271 ι
1001 4239 1017 4275 a
1038 4225 1124 4292 panus
1142 4223 1258 4276 defensas
1275 4227 1301 4273 et
1312 4222 1423 4273 intimas
1437 4235 1580 4286 expugnare
1600 4224 1723 4287 potuisset
1744 4243 1751 4274 ι

974 4313 1046 4365 used
1067 4313 1196 4365 considera
1221 4310 1291 4363 urbis
1314 4309 1519 4375 amplitudinem,
1541 4315 1567 4362 et
1584 4325 1668 4363 rerum
1687 4312 1753 4364 betto

973 4422 986 4447 ι
1001 4406 1128 4468 gestarum
1146 4400 1318 4466 splendorem,
1339 4403 1365 4450 et
1390 4399 1499 4450 numinis
1523 4399 1602 4450 divini
1624 4399 1751 4459 favorem,

973 4512 986 4537 ι
1001 4506 1052 4558 qno
1069 4505 1101 4543 ex
1122 4504 1200 4557 parva
1229 4488 1261 4540 ad
1282 4491 1379 4539 tantam
1405 4488 1602 4553 magnitudinem
1622 4489 1750 4540 excrevit:

974 4602 986 4626 ι
1003 4584 1110 4647 tuasque
1129 4579 1228 4645 copias,
1248 4576 1341 4642 quibus
1353 4578 1433 4627 lictus
1451 4590 1504 4628 rem
1516 4580 1613 4628 tanturn
1632 4576 1757 4640 aggrede-

972 4691 986 4717 ιι
1002 4672 1053 4733 ris,
1076 4685 1108 4723 ne
1131 4671 1221 4735 putes,
1237 4680 1304 4717 nunc
1320 4669 1432 4717 mutatas
1454 4679 1525 4726 esse,
1550 4665 1595 4717 scd
1613 4665 1675 4715 bene
1694 4678 1748 4715 me·

973 4782 985 4806 ι
1000 4764 1084 4813 mento
1097 4763 1121 4811 te
1131 4759 1280 4809 Volscorum
1291 4757 1318 4805 ct
1327 4757 1466 4820 AEquorum
1482 4753 1564 4819 copias
1575 4750 1674 4816 ducere,
1687 4766 1753 4817 quos

973 4871 985 4896 ι
1000 4850 1116 4914 nosipsi,
1129 4847 1174 4913 qni
1192 4858 1258 4896 nune
1269 4843 1408 4907 adsumus,
1421 4842 1508 4894 multis
1522 4842 1615 4908 proeliis
1634 4842 1751 4900 vicimus,

972 4939 1097 5004 aquatius
1111 4937 1137 4988 in
1156 4934 1222 4986 bello
1242 4932 1371 4983 nobiscum
1392 4931 1508 4996 congredi
1526 4931 1581 4983 ausi
1602 4934 1668 4982 sunt.
1682 4934 1752 4990 Qua-

971 5029 1100 5094 «propter
1121 5037 1179 5074 cum
1207 5019 1375 5072 deterioribus
1395 5018 1520 5071 adversus
1548 5020 1749 5085 prestantiores,

971 5139 984 5163 ιι
997 5120 1023 5168 et
1036 5129 1094 5166 cnm
1108 5113 1156 5171 iis,
1175 5111 1221 5176 qui
1241 5110 1362 5174 perpetuo
1377 5108 1521 5170 vincuntur,
1543 5108 1666 5160 adversus
1691 5123 1747 5170 eos,

970 5220 983 5244 ι
998 5199 1043 5264 qui
1054 5210 1151 5262 semper
1164 5194 1263 5245 vincere
1282 5195 1341 5243 sunt
1358 5192 1450 5253 soluti,
1465 5196 1491 5243 te
1510 5196 1665 5245 certaturum
1678 5194 1748 5246 scito.

971 5308 984 5332 ι
1000 5287 1074 5347 Quod
1094 5285 1115 5337 si
1135 5286 1222 5336 contra
1238 5296 1266 5334 se
1285 5295 1326 5333 res
1337 5280 1454 5343 haberet,
1475 5281 1538 5334 iliud
1554 5286 1638 5335 tamen
1659 5283 1750 5335 minan·

1626 5376 1657 5424 θθ
