3980 5936
567 436 868 510 Attutotttrtrtttt
890 436 1039 501 ROMAN.
1061 440 1135 502 LlB.
1159 442 1208 503 xt.

86 601 98 625 ιι
111 569 156 644 λήν
178 571 258 653 χάριν
278 569 393 639 είδότες,
417 571 442 629 εἴ
464 594 503 638 τις
527 569 619 638 αὐτοὺς
636 569 678 630 εία
692 567 741 640 τὴν
759 571 860 630 ἑαυτῶν

87 688 98 713 ι
112 661 178 740 ίχειν
197 661 334 740 ἀσραλῶς.
377 658 442 719 ’Eds
453 659 506 739 γὰρ
520 663 597 719 τοῦτο
612 659 715 736 μάθητε
727 701 737 731 ,
750 656 798 718 καί
811 658 860 731 τήν

85 777 97 801 ι
111 748 268 825 ἀπαλλαγὴν
285 752 333 807 τοῦ
350 748 469 825 πολέμου
489 753 535 807 τοῦ
560 747 626 828 πρδς
642 745 736 814 αθτοδς
755 745 815 819 ἥτις
828 744 859 806 ό·

86 865 98 892 ι
114 861 170 897 σται
180 836 310 916 κρατίστη
323 835 484 913 μαθήσεσθε.
511 836 626 898 Ἐκεῖνοι
637 835 723 896 τοίνυν
734 835 862 897 ἀκούσαν-

46 952 59 987 s
84 949 166 1003 ιτες,
193 926 236 985 δτι
256 925 414 984 σεσάλευται
432 924 479 986 καί
499 925 571 989 νοσεῖ
592 924 623 985 τδ
646 924 758 1005 πάτριον
781 926 860 1003 ἡμῶν

85 1038 98 1065 ιι
111 1011 257 1086 πολίτευμα
281 1015 311 1072 ίκ
333 1014 450 1090 πολλοῦ,
465 1011 512 1073 καὶ
533 1022 587 1081 τοῖς
609 1011 787 1094 προεστηκόσι
806 1016 860 1073 τῶν

86 1127 98 1153 ιι
112 1105 201 1161 κοινῶν
212 1100 295 1163 οὔτεδ
309 1102 391 1179 δῆμος
407 1100 494 1171 εὔνους
510 1102 581 1163 ieris
599 1102 659 1164 οὔτε
674 1106 699 1163 οἱ
714 1103 859 1183 πατρίκιοι,

85 1190 154 1249 «καί
177 1192 206 1250 σθ
228 1190 318 1271 μοίτην
340 1190 517 1260 ἀκούσαντες·
538 1192 570 1253 τὸ
583 1190 637 1274 γάρ
657 1190 753 1263 ἀληθδς
776 1189 858 1259 οὕτως

85 1305 97 1330 ιι
111 1279 180 1358 ἔχει,
199 1280 245 1348 τάς
257 1280 284 1339 di
298 1278 386 1348 αἰτίοις
400 1279 587 1356 θπισταμίνοις
601 1275 662 1357 ipis
675 1280 750 1340 obdis
765 1280 857 1358 δίεμαι

85 1368 209 1446 ιλίγειν·
229 1358 379 1442 totietas,
400 1367 425 1429 εί
448 1392 487 1437 τις
511 1369 603 1439 ίξωθεν
630 1373 700 1446 ἡμᾶς
728 1370 859 1449 κατάσχοι

83 1484 96 1510 ιι
113 1455 225 1535 πόλεμος
240 1455 298 1535 ἅμα
312 1464 367 1524 τοῖς
384 1457 457 1525 ἐντός
474 1458 577 1538 τείχους
591 1462 699 1533 κακοῖς,
716 1458 763 1518 καὶ
778 1455 858 1526 δόξειε

83 1571 95 1597 ιι
109 1548 164 1611 ταῖς
176 1547 273 1625 ἀρχαῖς
291 1543 403 1621 δόναμιν
419 1543 520 1624 ίξόγειν
538 1545 588 1619 τὴν
600 1548 857 1628 προπολεμήσουσαν

82 1658 95 1684 ι
111 1636 155 1703 τῆς
175 1637 240 1708 γῆς,
261 1632 320 1693 οότε
334 1631 392 1699 τοδς
406 1633 517 1702 πολίτας
536 1636 581 1694 ἀπὶ
603 1635 647 1693 τὸν
668 1637 857 1715 στρατιωτικόν

81 1746 94 1772 ιι
108 1720 183 1798 όρκον
208 1719 328 1787 ἅπαντας
348 1719 420 1793 ἥξειν
439 1723 470 1781 ίκ
488 1721 636 1802 προθυμίας
658 1727 694 1791 ῶς
714 1724 855 1804 πρότερον,

80 1811 229 1889 «ἀπεχθῶς
248 1810 427 1887 διακειμένους
443 1808 511 1890 πρδς
532 1810 581 1876 τθς
595 1812 694 1894 ἀρχάς
714 1813 774 1874 οὔτε
798 1812 858 1883 τοὺς

79 1923 93 1947 ιι
112 1897 240 1975 ἡγεμόνας
254 1904 311 1964 ταῖς
326 1898 356 1956 ix
373 1901 425 1956 τῶν
448 1896 537 1975 νόμιον
552 1901 693 1981 τιμωρίαις
708 1900 856 1981 χρήσεσθαι

78 2012 92 2036 ιι
109 1987 176 2045 κατὰ
191 1989 243 2044 τῶν
266 1983 305 2063 μὴ
330 1987 570 2066 παραγενομένων,
594 1990 744 2058 δεδοικότας
767 1990 806 2067 μή
831 2016 858 2051 τι

75 2102 89 2127 ιι
109 2078 194 2147 μεῖζον
227 2075 391 2155 θργόσιονται
423 2078 520 2134 κακόν·
549 2075 610 2143 τούς
635 2100 663 2137 τε
687 2079 857 2140 ὑπακούσαν-

73 2187 88 2212 ιι
107 2183 153 2227 τας
177 2158 223 2220 καί
248 2158 283 2219 τίι
309 2160 381 2220 ὅπλα
408 2160 538 2230 λαθόντας
571 2162 590 2233 ἢ
622 2166 792 2246 καταλείψειν
823 2165 857 2225 τδι

16 2278 20 2287 ·
72 2277 86 2300 ιι
107 2257 222 2325 σημεῖα,
253 2246 270 2320 ἢ
298 2248 499 2329 παραμένοντας
524 2250 725 2323 ἕθελοκακήσιιν
754 2257 781 2314 ἰν
803 2261 857 2322 τοῖς

71 2365 85 2390 ιι
110 2340 219 2415 ἀγῶσιν·
237 2328 274 2397 ὧν
287 2338 360 2398 αθδδν
376 2337 426 2407 ίξω
439 2344 485 2399 τοῦ
502 2339 600 2407 εἰκότος
618 2339 744 2411 ἤλπισαν.
768 2339 855 2404 Ὅταν

69 2458 83 2482 ιι
106 2430 152 2505 μὲν
167 2430 219 2511 γθρ
232 2432 379 2508 όμονοοῧσα
391 2428 466 2497 πόλις
480 2430 598 2503 ἅπτηται
613 2434 747 2510 πολέμου,
763 2432 856 2493 καὶτὸ

67 2547 81 2572 ιι
107 2518 169 2576 αθτδ
184 2517 316 2599 συμφόρον
330 2517 417 2578 ἅπασι
431 2517 558 2599 ραίνηται
570 2528 623 2586 ταῖς
636 2543 666 2579 τε
683 2521 796 2601 ἄρχουσι
809 2521 855 2582 καὶ

66 2636 80 2661 ιι
107 2614 159 2672 τοῖς
178 2607 349 2687 ἀρχομένοις,
372 2608 440 2682 μετά
461 2613 610 2688 προθυμίας
625 2609 739 2677 ἅπαντες
760 2610 803 2668 ἐπὶ
822 2610 855 2670 sd

16 2721 34 2759 ς
64 2723 79 2749 ιι
107 2693 177 2753 δεινά
190 2697 322 2774 χωροῦσι,
339 2693 385 2753 καί
397 2693 456 2753 οὔτε
473 2695 552 2754 πόνον
562 2695 621 2756 οὔτε
634 2697 752 2757 κίνδυνον
763 2698 856 2759 οὐδένα

66 2812 80 2837 ιι
102 2784 232 2842 θανοῦσιν.
273 2780 363 2843 Ὅταν
379 2782 407 2841 di
424 2788 540 2843 νοσοῦσα
561 2786 589 2843 ἐν
611 2788 694 2864 αὑτῇ,
710 2787 772 2865 πρὶν
787 2786 805 2860 ή
820 2785 855 2846 τά

69 2871 176 2931 «ἔνδον
196 2869 415 2943 καταστήσασθαι
440 2880 493 2935 τοῖς
516 2873 661 2953 ὑπαιθρίοις
679 2874 761 2953 ὁμόσε
779 2880 855 2956 χωρῇ

70 2989 85 3015 ιι
100 2960 252 3038 πολεμίαις,
267 2960 314 3020 καὶ
332 2965 457 3041 παραστῇ
479 2964 517 3040 τῷ
530 2962 577 3039 μὲν
596 2963 693 3035 πλήθει
716 2965 853 3043 λογισμδς,

70 3079 85 3103 ιι
101 3050 144 3110 ότι
158 3050 208 3129 οθχ
230 3046 295 3130 θπίρ
309 3047 411 3109 οίκείιον
427 3052 532 3127 ἀγαθῶν
552 3055 768 3123 κακοπαθοῦσιν,
784 3053 855 3114 ἀλλά

17 3166 19 3193 ι
69 3168 84 3191 ιι
101 3135 147 3196 irc
167 3135 335 3216 βεόαιότιρον
350 3140 437 3196 αὐτῶν
452 3136 538 3217 ίτεροι
554 3138 671 3221 ἄρχωσι,
688 3149 742 3207 τοῖς
754 3140 778 3199 δ’
789 3145 855 3220 ἡγε-

69 3256 83 3280 ιι
105 3225 204 3304 μόσιν,
224 3224 265 3285 ότι
288 3226 413 3302 πολέμιον
427 3223 534 3305 ίχουσιν
551 3228 602 3307 οθχ
618 3219 699 3300 ἦττον
713 3234 761 3288 τοῦ
776 3232 854 3290 ἀντι·

67 3345 82 3369 ιι
98 3314 188 3374 πάλου
212 3314 242 3373 τδ
267 3315 381 3386 οἰκεῖον,
396 3317 470 3374 νοσεῖ
493 3314 589 3374 τθόλα
609 3314 656 3375 καί
678 3325 752 3377 πᾶσα
776 3317 854 3390 ἱκανή

66 3434 81 3458 ιι
100 3402 213 3479 δύναμις
230 3401 264 3462 πθ
283 3407 393 3463 τοιαῦτα
411 3402 601 3484 στρατεύματα
619 3406 854 3483 καταγωνίσασθαι

65 3522 81 3548 ιι
97 3491 148 3552 καὶ
163 3497 279 3574 φθεῖραι.

113 3582 194 3643 Vlll.
217 3581 336 3641 «Ταῦτά
361 3583 446 3655 θστιν,
470 3569 611 3660 ῶβουλὴ,
633 3579 668 3639 ed
683 3580 806 3642 Σαόίνιυν
825 3606 854 3643 τε

65 3703 81 3727 ιι
99 3669 151 3732 καί
166 3673 287 3733 Αἰκανῶν
300 3671 489 3750 ἐνθυμήματα,
506 3660 544 3737 οἷς
557 3668 759 3737 πεπιστευκότες
773 3670 854 3749 ἐμόε-

62 3792 78 3817 ιι
99 3758 235 3821 citam
254 3761 332 3838 ἡμῶν
349 3760 387 3827 είς
405 3757 453 3831 τλν
471 3763 532 3838 γῆν.
576 3757 642 3819 'Etr
659 3757 707 3836 μίν
724 3747 769 3819 οθν
785 3763 853 3840 ἀγα·

61 3878 77 3902 ιι
95 3847 330 3930 νακτήσαντεςτῶ
352 3852 569 3928 καταφρονεῖσθαι
590 3845 655 3927 πρδς
669 3847 756 3907 αθτῶν
772 3849 854 3929 irrup-

59 3966 75 3991 ιι
97 3937 218 4013 θέντων,
233 3937 269 4003 ὡς
287 3934 382 4016 ίχομεν
401 3937 501 4018 ὀργῆς,
523 3934 635 4012 δύναμιν
650 3933 788 4017 ίξαγαγεῖν
808 3936 852 3996 ini

18 4064 20 4085 ι
57 4058 73 4081 ιι
94 4024 198 4094 αὐτοὺς
224 4026 424 4107 ψηφισώμεθα,
451 4025 556 4084 δίδοικα
582 4021 619 4102 μή
642 4029 727 4082 ταῦτα
751 4024 815 4102 ἡμῖν
836 4024 854 4084 ἀ

55 4146 72 4169 ιι
91 4110 253 4193 προόλαόον
270 4113 365 4173 ίκεῖνοι
376 4111 483 4194 σομόῇ,
504 4114 606 4190 μᾶλλον
623 4112 647 4172 δ’
663 4101 693 4170 εθ
708 4101 767 4171 οἶδα
781 4137 849 4191 συμ·

54 4238 70 4259 ιι
89 4203 248 4280 ὄησόμενα.
293 4200 358 4262 'Etr
377 4202 404 4260 di
424 4199 458 4259 τθ
473 4205 568 4279 πρῶτα
584 4200 630 4261 καί
654 4200 853 4280 ἀναγκαιότατα

52 4324 68 4347 ιι
90 4290 349 4368 καταστησώμεθα·
362 4296 446 4350 ταῦτα
464 4292 486 4349 δ’
499 4291 569 4349 ἐστὶν
584 4289 602 4363 ή
617 4289 640 4349 τ’
661 4290 790 4367 ιῦκοσμία
806 4299 853 4354 τοῦ

52 4414 68 4437 ιι
90 4379 219 4450 πλήθους
233 4380 279 4438 καί
295 4378 325 4439 τδ
338 4387 406 4438 πᾶσι
425 4377 510 4438 ταύτὰ
525 4379 692 4461 συμφέροντα
705 4379 852 4460 φαίνεσθαι·

50 4501 68 4525 ιι
89 4469 272 4536 ἐξελάσαντες
286 4466 334 4546 μίν
354 4471 384 4528 ln
398 4472 445 4541 τῆς
459 4466 560 4535 πόλεως
586 4468 633 4538 τὴν
649 4472 694 4526 νῶν
705 4470 852 4551 θπιχιιιριά.

50 4588 68 4612 ιι
90 4562 200 4627 ζουσαν
218 4555 294 4637 θόριν
310 4555 356 4615 καὶ
370 4555 538 4628 πλεονεξίαν,
555 4556 696 4623 ἀποδόντες
710 4557 737 4616 δὲ
754 4558 785 4616 τὸ
801 4560 852 4638 ἀρ·

47 4680 66 4703 ιι
89 4646 180 4727 χαῖον
195 4652 289 4727 σχῆμα
313 4645 499 4727 τῇπολιτεία,
517 4645 663 4717 πτήξαντες
683 4649 766 4706 οίνῦν
790 4653 848 4727 θρα-

47 4768 66 4792 ιι
90 4737 158 4800 σεῖς
171 4736 216 4794 καί
235 4733 270 4794 τθι
291 4733 361 4794 tria
379 4735 501 4816 ῥίψαντες
521 4737 551 4793 ίκ
567 4739 619 4793 τῶν
635 4739 731 4815 χειρῶν
746 4735 852 4807 ἥξουσιν

46 4858 65 4883 ιι
86 4829 136 4891 ὡς
150 4827 223 4902 ἡμᾶς
241 4826 289 4883 οὐκ
303 4826 339 4892 τίς
355 4824 481 4905 μακρόν,
505 4825 552 4891 τός
569 4846 598 4882 τε
622 4822 724 4902 pluitur
745 4823 850 4891 ίξακοό·

46 4947 66 4972 ιι
88 4934 178 4992 μενοι
189 4911 236 4973 καί
248 4914 309 4994 περί
322 4914 471 4991 διαλλαγῶν
484 4912 683 4989 διαλεγόμενοι,
697 4908 808 4990 θποίρξει
823 4935 851 4972 τι

45 5036 65 5059 ιι
89 5007 171 5075 ἡμῖν
184 5000 199 5060 θ
213 5002 309 5070 πάντες
329 5000 361 5061 διν
377 5000 496 5070 εὔξαιντο
513 5001 609 5059 οίνοδν
630 4997 754 5079 ίχοντες,
770 5000 853 5080 χωρίς

40 5124 62 5147 ιι
84 5090 191 5151 ὅπλων
206 5091 466 5169 διαπτπολεμηκάναι
479 5088 523 5150 τδν
538 5088 604 5170 πρὸς
614 5086 708 5157 αθτοθς
723 5086 849 5166 πολεμον.

42 5212 62 5237 ιι
86 5181 200 5240 Ταῦτα
215 5178 248 5251 δή
263 5179 455 5258 λογισαμίνους
470 5184 542 5257 ἡμᾶς
554 5177 643 5257 οίομαι
658 5180 727 5250 δεῖν,
741 5179 789 5252 τήν
802 5180 851 5257 μίν

41 5305 60 5328 ιι
84 5267 227 5350 iuniperi
240 5268 358 5346 πολέμου
371 5270 487 5349 βουλήν,
501 5268 592 5343 tmesi
606 5271 770 5350 ταραχωδῶς
783 5275 849 5350 ἡμῖν

1633 447 1695 508 sta

914 598 928 623 ιι
941 594 1057 646 magnum
1084 584 1188 649 gretiam
1223 583 1408 646 habebunt,si
1449 584 1508 649 quis
1530 584 1598 651 ipsos
1621 601 1694 647 suum

913 689 926 714 ι
940 684 1028 734 agrum
1047 676 1104 724 tuto
1123 673 1251 738 possidere
1270 673 1424 739 patiebatur.
1457 674 1567 727 sienim
1588 677 1637 729 hcc
1649 692 1693 730 co·

914 782 927 807 ι
942 763 1098 827 gnoreritis,
1133 765 1207 817 simle
1232 765 1309 817 etiarn
1334 764 1495 832 intelligetis,
1516 781 1625 833 cumam
1656 783 1696 821 ra·

915 872 927 902 ι
941 855 1010 907 tione
1028 857 1076 907 ltoc
1087 856 1153 909 bello
1170 859 1264 923 optime
1284 858 1387 910 liberari
1403 860 1513 924 possitis.
1549 859 1588 911 ltli
1609 859 1694 926 igitur,

913 961 1017 1013 «quum
1042 949 1181 1013 audierint,
1208 951 1359 1017 jampridem
1378 958 1489 1004 nostrum
1513 954 1694 1019 rempublicam

913 1057 926 1084 ι
942 1041 1061 1093 tluctibus
1078 1056 1107 1093 ac
1133 1044 1328 1107 tempestatibus
1350 1043 1441 1109 agitari
1468 1049 1495 1095 et
1522 1045 1652 1107 laborare,
1669 1049 1695 1097 et

913 1151 926 1176 ι
940 1134 1039 1198 plebem
1059 1135 1254 1202 patriciosquee
1276 1135 1422 1201 reipublicae
1439 1137 1589 1202 presidibus
1612 1138 1695 1190 eninm

912 1243 925 1273 ι
938 1226 1019 1278 alieno
1045 1242 1115 1289 esse,
1130 1228 1207 1293 idque
1228 1242 1279 1280 non
1294 1229 1357 1281 laiso
1371 1230 1499 1283 audierint
1516 1230 1613 1295 (revera
1627 1232 1694 1283 enim

913 1320 974 1371 sits
987 1334 1015 1371 se
1033 1321 1123 1381 babet,
1138 1334 1219 1386 nuqua
1236 1335 1341 1373 crumas
1360 1322 1427 1387 apud
1449 1336 1507 1382 ros,
1536 1325 1580 1387 qui
1606 1337 1694 1375 earum

912 1434 924 1457 ι
938 1415 1000 1465 estis
1025 1413 1110 1477 gnari,
1125 1427 1139 1464 a
1153 1428 1194 1465 me
1212 1413 1263 1465 dicl
1280 1417 1322 1466 est
1344 1414 1430 1479 opus)
1453 1414 1647 1479 existimarunt,
1670 1416 1693 1468 si

913 1525 926 1549 ιι
945 1505 1013 1569 quod
1035 1510 1167 1557 externum
1182 1507 1275 1558 bellurn
1297 1505 1369 1557 rolris
1384 1509 1475 1570 prester
1488 1507 1553 1559 mala
1578 1500 1694 1561 intestina

912 1614 925 1638 ι
940 1598 1081 1657 inferretur,
1101 1602 1127 1649 et
1150 1600 1311 1662 magistratus
1325 1599 1418 1650 vellent
1443 1599 1527 1663 copias
1544 1600 1650 1651 educere
1661 1601 1693 1652 ud

911 1707 923 1731 ι
938 1689 991 1754 agri
1019 1691 1256 1754 propugnationem,
1287 1704 1331 1742 eos
1351 1705 1433 1756 neque
1453 1692 1585 1743 babituros
1606 1708 1693 1747 omnes

910 1802 922 1827 ι
937 1784 1004 1834 cives
1021 1784 1053 1833 ed
1069 1783 1181 1835 militare
1209 1788 1393 1836 sacramentum
1415 1789 1540 1850 promtos,
1561 1790 1591 1838 ut
1605 1792 1691 1852 anua,
1731 1848 1735 1857 Δ

910 1894 923 1919 ιι
939 1875 1007 1938 quod
1021 1876 1183 1938 magistratus
1201 1876 1259 1927 odio
1271 1883 1470 1943 prosequantur;
1484 1893 1530 1930 nec
1543 1881 1622 1932 duces
1635 1895 1693 1947 poe·

908 1985 922 2011 ιι
939 1968 978 2017 nis
994 1969 1048 2033 lege
1064 1970 1168 2019 statutis
1184 1969 1210 2019 in
1234 1974 1397 2021 contumaces
1420 1974 1525 2035 usuros)
1541 1972 1634 2025 veritos
1655 1988 1687 2026 ne

911 2078 924 2103 ιι
935 2058 1004 2123 quod
1017 2059 1117 2123 gravius
1138 2060 1231 2112 malurn
1247 2060 1358 2113 iaciant:
1374 2076 1417 2114 eos
1435 2076 1510 2124 nero,
1527 2064 1573 2128 qui
1593 2065 1691 2118 obtem·

912 2172 925 2196 ι
940 2152 1052 2218 ponerint
1069 2158 1094 2204 et
1108 2168 1178 2205 arma
1198 2155 1324 2220 ceperint,
1338 2162 1382 2206 aut
1401 2156 1473 2220 signa
1486 2157 1691 2221 deserturesaut,
1746 2218 1749 2223 ¹

913 2262 926 2287 ιι
940 2244 1146 2309 sipermeueant,
1160 2259 1212 2296 rem
1226 2246 1252 2298 in
1266 2247 1361 2310 proettis
1382 2248 1504 2311 ignaviter
1517 2249 1603 2301 dedita
1615 2265 1693 2316 opera

911 2352 925 2378 ιι
938 2337 1062 2397 gesturos.
1096 2339 1208 2394 Quorum
1234 2336 1295 2386 nturi
1319 2341 1466 2401 sperarunt,
1493 2338 1562 2403 quod
1584 2353 1632 2391 uon
1658 2342 1693 2393 sit

912 2443 925 2473 ιι
939 2426 1082 2478 versimile.
1116 2428 1223 2487 Quoties
1234 2428 1301 2480 enim
1310 2429 1399 2479 civitas
1411 2444 1515 2481 concers
1527 2430 1621 2483 bellum
1633 2448 1691 2485 sus·

912 2538 926 2564 ι
938 2519 1013 2584 cipit,
1025 2523 1052 2570 et
1063 2520 1130 2571 idem
1141 2521 1267 2580 omnibus,
1279 2526 1330 2572 ιειιι
1344 2522 1406 2582 illis,
1421 2505 1464 2587 qui
1477 2525 1692 2592 imperiosorum

913 2626 927 2651 ιι
939 2606 999 2670 illis,
1012 2607 1056 2671 qui
1074 2612 1180 2673 parent,
1195 2609 1257 2660 utile
1269 2610 1379 2675 ridetur,
1395 2625 1481 2663 omncs
1497 2613 1612 2666 alacriter
1625 2618 1693 2670 mulo

912 2714 926 2740 ι
938 2697 1065 2759 subeunt,
1081 2712 1127 2749 nec
1151 2698 1231 2750 ullum
1254 2699 1380 2762 laborem,
1403 2706 1446 2751 aut
1460 2704 1599 2766 periculum
1616 2707 1685 2758 retu.

911 2806 926 2833 ι
939 2788 1018 2853 pinni.
1064 2790 1169 2847 Quoties
1180 2803 1242 2842 uero
1256 2791 1373 2842 intestino
1387 2792 1455 2842 melo
1469 2792 1593 2857 laborans,
1606 2797 1693 2860 prius·

911 2895 926 2921 ιι
941 2889 1017 2941 quam
1029 2890 1070 2928 res
1082 2877 1231 2930 domesticas
1240 2884 1386 2944 componat,
1408 2881 1472 2933 bella
1486 2886 1591 2935 externe
1605 2900 1692 2940 susce·

913 2986 928 3014 ιι
940 2967 985 3032 pit,
995 2972 1022 3019 et
1034 2968 1188 3021 multitudini
1206 2970 1232 3021 ln
1247 2975 1355 3022 mentem
1372 2973 1449 3033 venit,
1471 2987 1499 3025 se
1518 2989 1566 3026 non
1580 2988 1626 3040 pro
1640 2979 1693 3031 suis

911 3075 925 3101 ι
940 3056 1012 3108 bonis
1025 3058 1093 3107 mula
1104 3071 1249 3122 passorem,
1265 3059 1309 3111 sed
1319 3062 1348 3110 ut
1359 3059 1464 3111 aliorum
1482 3062 1614 3128 imperium
1625 3065 1652 3117 iu
1665 3079 1693 3120 se

912 3163 925 3187 ιι
940 3144 1019 3209 magis
1037 3146 1179 3208 confirmet3
1200 3146 1248 3211 ipsi
1261 3161 1321 3199 vero
1332 3148 1411 3200 duces
1426 3150 1548 3214 cogitant,
1574 3166 1635 3204 sues
1645 3168 1689 3206 co·

910 3252 924 3277 ι
938 3232 993 3297 pias
1004 3247 1053 3284 non
1076 3234 1175 3297 miuus,
1189 3249 1266 3299 quam
1287 3235 1407 3297 hostiles,
1423 3237 1472 3288 sibi
1486 3239 1599 3293 inimicas
1622 3243 1691 3304 iore,

911 3324 1032 3374 ισαθετε
1053 3335 1154 3389 quoque
1177 3323 1305 3384 laborant,
1332 3327 1475 3389 sinueris
1498 3341 1588 3380 manus
1607 3330 1692 3384 istius·

911 3431 924 3458 ιι
939 3412 1008 3464 modi
1023 3414 1151 3465 exercitus
1163 3413 1236 3466 tacite
1246 3413 1374 3467 debellare
1382 3418 1409 3467 et
1422 3417 1507 3469 delere
1519 3421 1611 3483 petest.

939 3619 1006 3668 vttt.
1022 3638 1033 3659 ι
1048 3621 1109 3669 ttree
1128 3623 1195 3678 sunt,
1213 3622 1301 3670 Patres
1324 3620 1475 3683 conscripti.
1496 3621 1649 3674 sabinorum
1665 3627 1692 3675 et

912 3732 924 3754 ι
936 3713 1072 3775 AEquorum
1092 3712 1271 3775 cogitationes,
1293 3711 1386 3777 quibus
1403 3715 1461 3765 ireti
1479 3715 1505 3765 iu
1519 3729 1609 3779 agrum
1629 3730 1691 3768 nos·

911 3815 1007 3862 strum
1031 3810 1195 3875 irruptionem
1222 3811 1342 3863 iecerunt.
1369 3812 1394 3862 Si
1414 3812 1491 3875 igitur
1511 3826 1557 3864 nos
1580 3813 1612 3863 ab
1629 3814 1692 3879 ipsis

909 3928 923 3956 ι
936 3909 1008 3960 elatis
1021 3908 1148 3960 contemni
1163 3908 1263 3973 indigue
1284 3909 1407 3970 terentes,
1428 3910 1463 3960 ita
1477 3909 1535 3962 irati
1549 3913 1577 3961 ut
1588 3925 1688 3974 sumus,

910 4007 1023 4072 «copias
1039 4011 1126 4057 contra
1147 4019 1190 4057 eos
1213 4006 1320 4057 educere
1341 4005 1544 4069 decreverimus,
1556 4020 1646 4059 vereor
1659 4021 1692 4060 ne

908 4123 921 4148 «
934 4104 1006 4155 nobis
1017 4104 1150 4163 accidant,
1164 4117 1222 4167 quse
1238 4103 1274 4154 illi
1287 4102 1469 4168 providerunt,
1484 4104 1535 4155 uno
1548 4119 1607 4156 vero
1622 4110 1692 4160 certo

909 4203 1002 4264 «selo,
1020 4205 1075 4255 bec
1093 4206 1224 4254 eventura.
1257 4201 1305 4252 sed
1328 4202 1348 4251 sl
1370 4215 1413 4262 ee,
1428 4215 1486 4267 que
1501 4204 1650 4269 snntprima
1665 4211 1691 4258 et

908 4317 921 4342 ιι
938 4297 1207 4357 murimsueccssuria‚
1224 4297 1428 4351 constituerimus
1450 4299 1521 4364 (brec
1534 4304 1619 4353 eutem
1631 4306 1691 4353 sunt

909 4414 922 4439 ι
934 4398 962 4446 et
972 4394 1139 4445 multitudinis
1160 4395 1225 4445 boun
1238 4393 1383 4459 disciplina,
1398 4398 1426 4447 et
1446 4400 1476 4447 ut
1494 4397 1613 4450 omnibus
1624 4398 1690 4451 idem
1713 4412 1716 4415 ·

909 4513 922 4538 ιι
936 4491 1075 4543 conducere
1096 4490 1226 4554 rideatur)
1245 4493 1346 4557 expulsu
1364 4506 1393 4544 er
1417 4494 1480 4546 urbe
1499 4495 1691 4548 contumeliosi

908 4591 1011 4656 apluris
1036 4588 1144 4640 habendi
1171 4589 1325 4654 eupiditate,
1343 4604 1402 4655 quac
1415 4592 1467 4656 jem
1482 4593 1524 4644 trie
1542 4608 1602 4645 suus
1618 4595 1690 4646 sedes

908 4709 920 4734 ι
933 4688 997 4749 lixit,
1008 4690 1033 4738 et
1046 4686 1176 4751 republica
1191 4687 1216 4737 in
1227 4688 1358 4752 pristinum
1376 4693 1472 4740 statum
1488 4692 1625 4754 restitute,
1639 4692 1689 4755 illi,

907 4808 920 4832 ι
933 4788 976 4851 qui
987 4799 1054 4838 nunc
1064 4788 1123 4837 sunt
1132 4786 1254 4848 audaces,
1266 4788 1418 4839 consternati
1430 4791 1506 4853 utque
1517 4790 1594 4841 armis
1606 4788 1689 4853 abiec-

907 4902 920 4927 ι
936 4884 971 4934 tis
986 4897 1019 4935 ex
1034 4884 1147 4935 manilius
1167 4882 1239 4936 brevi
1257 4884 1290 4935 ed
1311 4899 1357 4936 nos
1373 4886 1489 4946 venient,
1513 4891 1542 4938 ut
1563 4890 1588 4939 et
1599 4888 1689 4941 damna

908 5003 920 5028 ι
932 4983 1094 5048 propulsent,
1108 4985 1176 5035 etde
1187 4998 1249 5050 pare
1266 4990 1350 5051 spent,
1363 4990 1441 5053 atque
1456 4989 1492 5040 its
1505 4990 1578 5041 nobis
1592 4991 1690 5042 mutin·

907 5102 920 5127 ι
932 5084 982 5147 get,
998 5081 1067 5146 quod
1084 5095 1171 5134 ornnes
1183 5086 1270 5134 mente
1283 5082 1384 5148 prediti
1398 5088 1565 5149 optarent‚ut
1578 5100 1621 5139 ees
1635 5089 1689 5141 sine

907 5199 920 5224 «
934 5177 1183 5231 urmisdebellernus.
1217 5180 1294 5232 Nobis
1308 5181 1385 5247 igitur
1405 5182 1460 5235 brec
1473 5186 1689 5240 considerantibus

907 5298 920 5323 ι
936 5278 1053 5343 (qundo
1067 5292 1107 5331 res
1117 5278 1262 5331 domestice
1275 5279 1337 5331 adeo
1348 5283 1408 5331 sunt
1417 5282 1541 5346 turbulae)
1552 5284 1611 5336 belli
1626 5297 1688 5335 cen·

1550 5370 1591 5419 tt.
