3980 5936
618 421 915 494 ANTIQUITA'IUM
936 423 1084 484 ΗΟΜΛΝ.
1109 423 1181 484 LIB.
1205 425 1241 485 Χ.
1679 430 1738 492 607

125 557 207 618 όιῶνα
229 556 325 633 πόλιν,
339 554 373 628 ἣν
389 554 439 634 [ἰν]
462 558 502 635 τῷ
524 554 682 633 παρελθόντι
707 556 818 636 ἐνιαυτῷ
833 553 904 615 Ῥω·
963 564 1082 615 llomeuie
1097 563 1252 621 dediderunt,
1265 562 1443 629 prmeidiumin
1461 566 1608 631 eoeopitum
1621 570 1688 621 necti
1703 571 1741 622 iu·
1851 593 1855 604 ·

126 646 213 725 μαίνει
221 642 389 725 παρέδοσαν,
404 641 453 715 τ’ίν
462 664 491 701 τ’
503 641 619 723 φρουρὰν
629 641 677 715 τ’λθ
688 646 714 702 ἓν
726 646 792 722 αὖῖῆ
804 665 905 719 mitid·
959 661 1085 725 φυλάττοντι,
1095 659 1207 725 exceptis
1216 660 1312 726 paucis,
1322 659 1366 726 qui
1376 660 1440 712 torte
1451 661 1562 713 uberent.
1574 665 1671 729 Reliqui
1681 681 1740 719 vero

126 735 206 812 μένην
220 733 350 813 ῑῦθόνῗῑίν
366 728 617 811 mimam&
631 730 742 808 ὀλίίωνν
763 729 789 790 ΟΛ
811 731 905 812 ίτυλθν
960 759 1053 825 ingenti
1070 772 1146 810 meno
1175 758 1208 809 ed
1228 762 1357 820 orionem,
1382 758 1464 810 Latini
1484 760 1590 812 nominis
1607 763 1740 828 oppidum,

126 827 384 905 άφυστεροῦντες,...·
408 823 433 879 οἱ
454 820 482 879 δέ
501 818 589 880 λοιποί
610 819 714 900 μεγάλη
734 818 805 901 χειρὶ
819 842 905 902 στρα-

84 936 97 973 ο
126 913 264 980 πείσαντες
280 911 325 971 let
336 911 412 972 πόλιν
423 907 559 990 Ὀρτῶνα,
570 915 616 971 ποῶ
629 910 748 971 Λατίνων
764 908 862 989 έθνους,
879 909 906 979 ἐξ

128 999 221 1082 ἐφόδου
231 997 495 1077 καταλαμόάνονται,
506 998 552 1056 καὶ
567 998 617 1057 όσα
630 996 782 1075 Ῥωμαίους
793 999 844 1079 οὐχ
857 988 907 1058 οἷοί

127 1087 151 1147 τ’
164 1080 233 1161 ἦσαν
246 1088 426 1169 έργάσασθαι,
445 1092 531 1146 ταῦτα
553 1085 588 1145 δι’
606 1084 687 1168 όργλν
709 1082 769 1155 τοὺς
792 1086 903 1164 συμμά-

127 1199 191 1257 χους
203 1178 288 1235 αὐτῶν
301 1174 430 1236 διέθεσαν.
473 1172 544 1241 Τοὺς
559 1170 607 1250 μέν
618 1172 669 1252 γάρ
681 1176 707 1233 ἐν
727 1171 778 1250 ἥόη
792 1175 904 1249 πάντας,

128 1264 197 1337 πλὴν
212 1266 236 1324 εί
250 1288 317 1331 τινες
339 1265 477 1345 διέφυγον,
494 1261 567 1329 εὐθὺς
589 1261 766 1339 ἁλισκομένης
780 1266 828 1334 τῆς
850 1260 905 1322 πό·

75 1373 102 1412 ιο
128 1355 209 1425 λεως,
233 1355 406 1427 ἀπέκτειναν,
435 1358 562 1431 γυναῖκας
586 1348 613 1408 di
629 1348 675 1408 καὶ
696 1351 794 1417 παῖδας
818 1351 904 1410 αὐτῶν

128 1442 173 1502 καλ
192 1443 227 1501 τά
245 1441 345 1521 γηραιθι
364 1447 416 1502 τῶν
438 1440 569 1518 σωμάτων
594 1439 837 1519 ἠνδραποδίσαντο,
860 1438 906 1498 καλ

127 1535 180 1590 τῶν
190 1533 347 1612 Ιγρημάτων,
358 1529 408 1591 ὅσα
421 1528 531 1607 δύναμις
539 1521 570 1601 ἦν
580 1533 668 1595 αὐτοῖς
677 1527 906 1610 φέρειν,συσκιυα·

129 1620 238 1696 σάμενοι
262 1620 333 1680 κατά
355 1620 487 1695 σπουδὴν,
511 1617 572 1698 πρὶν
592 1616 711 1684 ἅπαντας
728 1616 905 1691 έπιόοηθῆσαι

130 1710 267 1787 Λατίνους,
285 1708 456 1789 ἀνέστρεψαν.
497 1706 606 1768 Τούτων
625 1704 653 1764 δέ
666 1704 724 1783 άμα
739 1715 904 1788 προσαγγελ·

74 1824 100 1863 ιτ
128 1801 245 1877 λομίνων
270 1797 322 1859 θπό
340 1821 372 1858 τε
389 1795 511 1858 Λατίνων
527 1799 573 1855 καλ
593 1800 647 1856 τῶν
670 1796 700 1854 ἐκ
720 1799 767 1868 τῆς
793 1804 907 1878 φρουρᾶς

128 1887 321 1961 διασωθέντων,
336 1890 353 1958 ἡ
370 1884 418 1963 μέν
434 1882 516 1965 βουλὴ
530 1882 656 1964 στρατιάν
675 1884 819 1960 έκπίμπειν
841 1886 906 1966 έθη-

128 1974 224 2055 φίσατο
237 1975 284 2033 καὶ
302 1973 362 2041 τοὺς
381 1973 495 2041 ὑπάτους
509 1971 672 2053 ἀμφοτέρους
688 1970 858 2051 πορεύεσθαι·
880 1974 905 2031 oi

128 2063 155 2122 δί
171 2065 232 2143 περὶ
249 2062 294 2123 τὸν
306 2059 461 2143 Οὐεργίνιον
481 2061 635 2141 δήμαρχοι,
650 2058 771 2138 πέμπτον
786 2059 842 2127 ἔτος
863 2060 907 2119 tul

127 2157 174 2225 τῆς
188 2153 268 2225 αὐτῆς
287 2150 359 2218 ὄντες
374 2148 639 2230 ἰξουσίας,έκώλυον,
653 2147 743 2228 ὥσπερ
755 2148 799 2207 καλ
812 2150 839 2209 έν
853 2155 908 2216 τοῖς

74 2263 102 2300 no
128 2241 253 2322 πρότερον
279 2239 384 2300 έποίουν
405 2238 507 2313 ίτεσιν,
529 2236 692 2313 ἐνιστάμενοι
714 2240 773 2306 ταῖς
795 2259 906 2317 στρατο·
944 2272 947 2275 -

128 2331 227 2409 λογίαις
239 2332 292 2388 τῶν
302 2327 428 2405 ὑπάτων,
442 2327 486 2388 τὀν
498 2326 568 2395 ἰντδς
577 2327 680 2408 τείχους
690 2329 794 2407 πρῶτον
808 2325 907 2396 ἀξιοῦν-

128 2443 170 2487 τες
198 2421 377 2491 καταλυθῆναι
403 2416 536 2495 πόλεμον,
566 2414 737 2490 ἀποδοθείσης
764 2418 802 2496 τῷ
830 2415 909 2497 δήμῳ

128 2514 176 2580 τῆς
200 2506 263 2588 περλ
280 2511 327 2566 τοῦ
341 2505 423 2585 νόμου
443 2504 626 2584 διαγνώσεως,
650 2503 678 2564 δν
694 2503 760 2584 ὑπὲρ
773 2509 821 2577 τῆς
844 2508 907 2579 ίση-

130 2593 219 2675 γορίας
242 2591 393 2674 εἰσέφερον,
419 2592 485 2653 δτι
506 2595 588 2668 δῆμος
613 2593 701 2659 αὐτοῖς
725 2593 909 2671 συνελάμόανι

72 2714 103 2754 25
132 2679 244 2749 πολλοὺς
261 2679 330 2740 κατά
348 2683 396 2751 τῆς
421 2683 516 2759 βουλῆς
539 2682 584 2740 καὶ
610 2678 763 2762 έπιφθόνους
787 2681 909 2751 διεξιοῦσι

133 2768 236 2848 λόγους.
249 2767 412 2846 Ἑλκομίνου
427 2770 454 2828 δέ
466 2774 511 2829 τοῦ
522 2768 634 2850 χρόνου,
648 2770 693 2829 καλ
707 2768 767 2829 οὔτε
781 2773 833 2830 τῶν
841 2770 911 2831 θπά·

133 2883 186 2918 των
201 2856 384 2933 ὑπομενόντων
397 2857 592 2940 προόονλεῦσαί
609 2881 638 2918 τι
654 2858 749 2927 καθείς
765 2859 810 2918 τόν
827 2860 911 2938 δῆμον

133 2951 306 3029 συγχωρῆσαι
329 2945 493 3026 βουλομένων
517 2945 564 3020 τὴν
590 2947 763 3028 καταγραφὴν
789 2948 836 3008 καί
863 2948 911 3021 τὴν

132 3036 217 3104 ἔξοδον
232 3039 280 3108 τῆς
302 3044 428 3115 στρατιᾶς
442 3034 578 3114 γενέσθαι,
595 3035 680 3115 λόγων
694 3059 724 3095 τε
736 3039 842 3098 πολλῶν
864 3039 911 3099 καὶ

133 3128 312 3206 κατηγοριῶν,
334 3123 366 3192 d<
384 3126 519 3185 incombere
533 3123 594 3184 κατ’
609 3123 746 3200 ἀλλήλων,
769 3127 797 3185 έν
810 3150 840 3186 τι
854 3136 912 3197 ταῖς

134 3214 285 3289 έκκλησίαις
297 3214 343 3274 καλ
355 3215 399 3276 ici
410 3219 457 3288 τῆς
472 3219 569 3297 βουλῆς
580 3216 668 3295 μάτην
683 3219 910 3299 ἀναλισκομένων,

133 3305 209 3388 έτέρα
222 3328 262 3373 τις
276 3305 429 3386 εθσαχθεῖσα
440 3304 491 3365 ὑπὸ
501 3309 553 3365 τῶν
566 3306 713 3387 δημάρχων
724 3307 768 3366 ini
782 3331 816 3390 τη
830 3313 912 3388 βουλῆ

133 3393 253 3456 πολιτεία
271 3392 317 3455 καλ
331 3394 574 3475 παρακρουσαμένη
588 3395 619 3455 τὸ
637 3396 786 3477 συνέδριον,
801 3398 850 3470 τὴν
864 3396 913 3475 μέν

134 3485 193 3545 τότε
203 3481 367 3565 κατέχουσαν
378 3485 471 3545 στάσιν
489 3483 635 3565 έπφάννεν,
649 3485 745 3565 ἐτέρων
762 3484 791 3545 δέ
805 3488 911 3546 πολλῶν

136 3571 181 3633 tici
192 3572 315 3651 μεγάλων
330 3572 434 3652 ίγένετο
442 3572 680 3647 πλεονεκτημάτων
695 3572 768 3631 αἰτία
776 3575 815 3654 τῷ
827 3573 912 3655 δήμῳ.

135 3660 305 3739 Διηγήσομαι
316 3660 343 3723 δλ
357 3660 404 3722 καί
413 3659 513 3734 ταύτην
527 3659 575 3732 τὴν
593 3660 747 3719 δυναστείαν
757 3705 766 3736 ,
776 3659 804 3719 δν
814 3660 911 3742 τρόπον

135 3752 149 3808 δ
163 3750 245 3825 δῆμος
259 3747 349 3811 έλαόι.

174 3837 292 3901 xxvii.
317 3835 500 3917 Φθειρομένης
518 3835 564 3896 καὶ
587 3836 799 3917 διαρπαζομένης
819 3841 865 3910 τῆς
885 3862 915 3900 τε

135 3924 281 4005 Ῥωμαίων
295 3927 341 3987 καὶ
354 3931 407 3987 τῶν
418 3925 569 4007 συμμάχων
579 3929 645 4004 γῆς,
656 3925 703 3985 καί
716 3929 769 3985 τῶν
778 3928 913 4006 πολεμίων

135 4018 169 4082 b<
183 4018 218 4074 δι’
234 4015 346 4096 ίρημίας
361 4014 523 4074 έλαυνόντων
540 4014 599 4074 κατ’
612 4014 763 4076 believed
776 4016 910 4094 μηδεμίαν

136 4102 179 4162 ὄπ’
192 4101 475 4172 αιἰτοθςόξελεόσεσθαι
486 4101 596 4181 δύναμιν
626 4099 670 4162 διά
687 4102 736 4175 τὴν
750 4104 915 4185 κατέχουσαν

136 4189 297 4273 όντῇπόκει
310 4190 424 4265 στάσιν,
441 4192 466 4249 οἱ
481 4191 529 4270 μέν
542 4189 639 4251 ὕπατοι
654 4192 703 4264 τὴν
720 4191 817 4271 βουλὴν
832 4194 915 4267 συνή-

136 4302 236 4359 γαγον,
257 4283 293 4348 d<
311 4278 442 4358 περὶτῶν
462 4278 530 4339 όλων
545 4279 661 4362 έσγατον
675 4286 754 4341 τοῦτο
776 4281 917 4361 βουλευσό-

138 4391 222 4446 μενοι.
237 4366 385 4442 Ῥηθέντῶν
396 4368 424 4428 δέ
434 4370 540 4428 πολλῶν
550 4371 647 4450 λόγων,
664 4374 768 4451 πρῶτος
779 4371 917 4453 ἐρωτηθείς

137 4457 246 4536 γνώμην
260 4456 371 4526 Λεύκιος
388 4456 523 4538 Κοίντιος,
544 4462 612 4542 θεῷ
635 4461 792 4542 παρελθόντι
806 4462 916 4540 γενόμε·

960 856 1075 923 proiecti,
1089 856 1115 908 id
1126 855 1205 921 primo
1231 856 1327 921 impetu
1351 859 1471 921 ceperunt
1484 860 1510 909 et
1527 858 1605 921 irem,
1621 874 1699 923 quem
1715 863 1741 914 in

960 961 1083 1009 Romanos
1099 957 1228 1008 eiiuudcre
1255 970 1304 1006 nou
1328 959 1473 1022 noluerent,
1499 958 1525 1010 iu
1550 972 1636 1012 eorum
1661 964 1742 1017 cocioe

960 1066 1047 1104 omnce
1063 1052 1221 1113 effuderunt,
1241 1065 1378 1117 omoeoque
1403 1053 1512 1118 puberes
1527 1057 1628 1119 (proter
1638 1073 1682 1110 cos
1697 1062 1742 1123 qui

961 1151 1054 1210 stetim,
1068 1150 1131 1202 dum
1148 1149 1209 1201 urbs
1226 1154 1368 1214 reperetur,
1389 1154 1531 1218 eveeerent)
1548 1154 1740 1217 interfecerunt3

961 1262 1052 1301 uxoreo
1063 1252 1090 1300 et
1111 1249 1201 1300 liberoo
1212 1262 1301 1300 eorum
1317 1252 1391 1313 etque
1410 1262 1483 1300 eones
1500 1252 1612 1316 captivos
1630 1252 1740 1304 obduxe-

962 1349 1027 1409 runt,
1047 1351 1073 1399 et
1089 1347 1209 1413 pecuniis,
1228 1360 1392 1413 quaecunque
1415 1348 1481 1400 terre
1504 1352 1650 1413 potuerunt,
1676 1351 1741 1401 lesti·

961 1450 1049 1498 uenter
1061 1447 1181 1509 collectis,
1203 1446 1347 1513 priusquam
1360 1460 1448 1499 omnes
1459 1446 1540 1498 belini
1551 1448 1600 1499 illie
1609 1462 1741 1500 succurre·

962 1543 1031 1601 rent,
1059 1554 1088 1592 ee
1109 1541 1214 1593 domum
1246 1543 1402 1606 receperunt.
1437 1541 1483 1592 ilie
1506 1541 1604 1592 duobus
1629 1542 1743 1595 cladibus

962 1639 1049 1692 eodem
1075 1643 1187 1703 tempore
1204 1638 1337 1701 nunciatis,
1354 1641 1408 1688 tum
1432 1651 1448 1687 e
1465 1636 1572 1698 Latinio,
1586 1640 1640 1687 tum
1657 1637 1690 1687 eb
1700 1638 1741 1699 iis,

962 1738 1007 1803 oui
1021 1750 1053 1788 ex
1065 1750 1123 1788 erce
1134 1740 1207 1802 cepte
1221 1735 1299 1800 clupei
1309 1736 1415 1795 luerent,
1425 1738 1528 1785 senatum
1538 1737 1673 1800 utrumque
1683 1749 1742 1785 con·

963 1830 1043 1901 colem
1069 1843 1127 1880 cum
1152 1828 1261 1880 exercitu
1293 1827 1392 1878 miltere
1411 1825 1531 1877 dccccvii.
1565 1829 1598 1876 tlt
1618 1825 1743 1890 virginius

963 1920 1067 1983 eiusque
1075 1918 1188 1982 college,
1206 1917 1320 1983 quintum
1335 1916 1387 1978 jum
1406 1929 1498 1967 ennom
1509 1916 1624 1967 eumdem
1634 1922 1741 1982 potestu-

964 2016 1015 2063 tem
1041 2011 1174 2071 bibentes,
1197 2010 1222 2060 ld
1242 2008 1411 2074 impediebant
1440 2008 1651 2074 quemadmodum
1672 2012 1744 2063 annis

967 2102 1137 2169 superioribus
1154 2102 1271 2162 lecerunt,
1296 2101 1440 2152 consulibus
1462 2100 1576 2153 delectus
1595 2103 1744 2154 bibentibus

963 2194 1159 2251 intercedentes,
1185 2197 1263 2258 utque
1276 2192 1443 2244 domesticum
1464 2192 1556 2245 bellum
1573 2194 1643 2259 prius
1657 2194 1744 2247 linire·

964 2291 1007 2340 tur
1014 2288 1181 2353 postulantes,
1197 2285 1317 2352 peruniece
1329 2285 1507 2350 plebiejudicio
1520 2286 1659 2352 cognitione
1674 2288 1744 2353 legis,

964 2381 1040 2447 duem
1052 2380 1158 2445 deiurio
1179 2379 1348 2443 mquebilitete
1370 2378 1494 2439 terebent3
1509 2381 1535 2430 et
1551 2380 1605 2444 ipee
1615 2379 1686 2445 plebe
1697 2379 1745 2430 illis

965 2475 1067 2526 mullus·
1083 2487 1158 2523 noces
1172 2472 1274 2523 invidie
1299 2472 1384 2536 plenus
1404 2470 1431 2521 iu
1452 2475 1566 2522 cenatum
1594 2470 1746 2533 incientibus

966 2565 1177 2631 suiiregebeutur.
1211 2568 1295 2623 Quum
1328 2567 1412 2614 eutem
1430 2567 1530 2629 tempus
1550 2564 1745 2649 protremrelur,

965 2671 1013 2710 nec
1026 2656 1140 2708 consules
1155 2656 1205 2721 puli
1222 2659 1323 2719 poscent
1335 2653 1367 2705 de
1380 2668 1411 2705 ea
1428 2653 1481 2719 lege
1502 2655 1746 2705 senatusconsultum

967 2751 1147 2815 dulcemque
1160 2747 1328 2813 promulgari,
1347 2760 1393 2798 uec
1406 2746 1497 2797 tribum
1511 2746 1603 2797 vellent
1624 2746 1748 2811 permitte-

966 2860 1008 2911 re,
1032 2847 1061 2897 ut
1078 2843 1191 2895 delectus
1214 2843 1371 2893 haberentur
1402 2843 1428 2894 ct
1458 2843 1536 2906 copie
1570 2841 1747 2905 educerentur,

965 2949 1093 3003 quomque
1106 2935 1186 2987 multo
1199 2934 1276 2986 verbe
1286 2934 1343 2985 hinc
1361 2933 1529 2996 lamberent,
1544 2934 1673 2998 multoque
1687 2948 1748 2985 eon·

967 3035 1031 3087 vicie
1049 3034 1115 3086 ultro
1126 3033 1248 3097 citroque,
1265 3037 1316 3083 tem
1331 3033 1356 3084 in
1376 3033 1551 3096 concionibus,
1566 3047 1643 3098 quem
1662 3034 1688 3084 iu
1707 3047 1748 3085 ee·

967 3135 1036 3195 netu,
1050 3132 1145 3182 irustre
1165 3129 1328 3193 Jecterentur,
1348 3144 1441 3181 novum
1458 3130 1587 3196 quodem
1607 3130 1750 3183 institutum

968 3233 1055 3282 contro
1063 3230 1176 3281 sonetum
1189 3242 1204 3278 e
1217 3228 1324 3279 tribunis
1336 3230 1481 3292 inventum,
1493 3242 1543 3292 quo
1555 3234 1640 3294 patres
1651 3230 1751 3296 decepti

967 3331 1080 3392 luerunt,
1102 3332 1163 3379 tunc
1185 3328 1287 3391 quidem
1317 3327 1386 3379 ilium
1406 3328 1553 3379 seditionem
1577 3328 1681 3393 neptuim
1702 3306 1747 3381 sed

968 3421 1034 3486 plebi
1045 3420 1124 3471 multe
1137 3421 1164 3469 et
1176 3430 1266 3481 ωεροε
1279 3417 1409 3469 commode
1431 3419 1524 3479 attulit,
1542 3418 1648 3483 eiusque
1661 3422 1749 3483 poten·

968 3511 1029 3562 tinm
1046 3511 1123 3561 aurit.
1157 3510 1287 3568 Quomodo
1312 3513 1397 3562 comm
1413 3509 1476 3561 bunc
1495 3524 1594 3576 quoque
1613 3511 1751 3575 potentiam

968 3603 1039 3668 plebs
1054 3602 1129 3653 inerit
1139 3600 1244 3666 adepte,
1260 3602 1374 3654 bombo.

999 3852 1100 3903 xxvll.
1118 3852 1183 3900 Dum
1206 3848 1292 3915 populi
1312 3849 1416 3901 llomeni
1433 3849 1607 3914 sociommque
1625 3850 1677 3915 egri
1689 3849 1750 3902 diri·

970 3943 1095 4007 ponentur,
1108 3941 1135 3990 et
1148 3938 1234 3989 booles
1248 3942 1369 4003 tunquam
1382 3951 1427 4003 per
1441 3937 1495 3988 loce
1506 3936 1606 3988 deeertu
1627 3937 1675 3988 iter
1688 3939 1753 3991 iece-

969 4033 1037 4089 rent,
1056 4028 1125 4092 quod
1153 4040 1300 4093 pereundum
1329 4025 1464 4088 baberent,
1487 4025 1584 4077 nullum
1613 4027 1751 4078 exercitum

971 4120 1059 4169 contre
1083 4130 1111 4169 ee
1123 4116 1279 4182 proditurum
1293 4114 1327 4167 ob
1347 4114 1495 4167 seditionem
1516 4114 1673 4177 intestinum,
1694 4130 1754 4168 ceu·

970 4208 1037 4259 eulee
1059 4210 1174 4258 senatum
1198 4208 1346 4271 coegerunt,
1369 4209 1398 4256 ut
1417 4207 1479 4256 tunc
1493 4203 1525 4255 de
1549 4217 1646 4257 summe
1667 4220 1751 4258 rerum

970 4300 1123 4360 poetremum
1151 4294 1325 4346 conrulteturi.
1358 4294 1446 4345 ilullie
1479 4295 1562 4344 eutem
1587 4293 1672 4346 verbio
1694 4295 1752 4345 binc

971 4381 1028 4433 inde
1044 4381 1127 4444 tuedo,
1140 4383 1236 4445 primus
1247 4382 1348 4444 rogetus
1365 4377 1512 4431 metentium
1527 4379 1555 4428 L.
1567 4380 1694 4441 Quintius,
1708 4379 1753 4444 qul

972 4469 1099 4535 superiore
1108 4482 1174 4521 euno
1186 4469 1294 4520 dictator
1307 4469 1399 4527 iuerat,
1420 4466 1460 4517 rir
1475 4481 1525 4518 non
1536 4466 1618 4518 solum
1633 4468 1659 4518 in
1676 4467 1753 4519 rebus

137 4569 179 4614 νος
188 4546 242 4606 έτιι
255 4547 402 4627 δικτάτωρ,
413 4543 479 4628 ἀνὴρ
488 4551 518 4608 od
530 4548 609 4626 μόνον
621 4549 656 4608 τά
668 4549 785 4627 πολέμια
800 4551 915 4611 δεινότα·
972 4559 1067 4611 bellicio
1076 4557 1224 4617 acerrimus,
1241 4556 1286 4609 ced
1303 4557 1379 4609 etiem
1392 4555 1418 4607 iu
1434 4555 1572 4608 trectendie
1583 4555 1699 4607 unibus
1711 4570 1752 4608 ue·

138 4658 180 4702 τος
197 4638 251 4695 τῶν
272 4634 333 4695 καθ’
348 4636 459 4713 ἑαυτὸν,
484 4634 554 4697 liti
576 4639 621 4698 καὶ
636 4637 670 4697 τά
691 4637 818 4698 πολιτικά
833 4642 916 4699 δοκῶν
973 4651 1047 4719 gotlic
1055 4649 1165 4702 omnium
1178 4648 1216 4701 eui
1229 4648 1307 4701 seculi
1315 4646 1539 4715 prudentissimus,
1559 4647 1624 4698 dixit
1636 4660 1682 4712 pro
1694 4660 1758 4698 een·-

139 4714 207 4783 εἶναι
222 4724 431 4806 φρονιμώτατος,
450 4724 561 4806 γνώμην
580 4727 736 4806 ἀπεφήνατο
759 4770 807 4790 ....
830 4731 857 4787 ie
883 4720 918 4811 ᾗ,
973 4741 1058 4801 tentio,
1067 4738 1136 4804 quod
1154 4738 1325 4789 meximeturu
1343 4736 1466 4795 tribunos,
1479 4749 1556 4801 quem
1567 4738 1672 4786 cereos
1685 4736 1754 4787 cives

139 4814 258 4891 μάλιστα
286 4814 334 4892 μὲν
355 4814 453 4876 πείθειν
475 4814 535 4881 τοός
560 4838 589 4875 τε
611 4816 763 4897 δημάρχους
791 4818 838 4876 καὶ
858 4815 918 4885 τοός
972 4828 1061 4889 morit,
1079 4828 1148 4879 ibero
1172 4826 1233 4892 tegis
1249 4825 1414 4890 coguitionem
1429 4827 1490 4876 tune
1503 4824 1604 4876 minime
1624 4826 1753 4889 urgentem

140 4902 236 4971 ἄλλους
248 4904 375 4980 πολίτας,
395 4902 442 4977 rb
468 4902 517 4982 μίν
535 4903 601 4985 ὑπὲρ
616 4909 661 4965 τοῦ
676 4905 757 4980 νόμον
776 4904 918 4984 διάγνωσιν
973 4919 999 4970 in
1024 4916 1094 4969 eliud
1129 4921 1229 4980 tmpus
1254 4915 1420 4979 opportunius
1444 4912 1605 4965 uincendum
1627 4930 1634 4963 ι
1658 4913 1752 4965 bellum

140 4992 214 5052 οὐδέν
228 4997 253 5053 ἐν
265 4997 304 5076 τῷ
318 4993 431 5075 παρόντι
443 4993 651 5071 κατεπείγουσαν
674 4995 710 5063 είς
729 4993 833 5074 έτέρους
850 4998 918 5055 θνα·
973 5004 1122 5070 νοτο,ηοοθ
1145 5008 1212 5056 ccsct
1231 5017 1284 5070 pree
1292 5003 1457 5065 menibueet
1471 5001 1650 5067 propemodum
1668 5002 1753 5068 reipu-

140 5083 269 5143 όαλέσθαι
285 5082 392 5163 καιροὺς
415 5083 654 5163 έπιτηδειοτίρονς,
675 5083 720 5143 τδν
742 5082 765 5142 δ’
784 5084 812 5142 όν
826 5084 918 5164 χερσὶν
974 5093 1047 5145 bitere
1062 5094 1115 5155 lem
1131 5093 1280 5154 immineret,
1297 5091 1365 5143 omui
1385 5090 1511 5142 elucrilete
1524 5089 1599 5142 enimi
1616 5091 1752 5156 suscipien-

139 5171 205 5232 όντα
226 5171 345 5233 καθόσον
359 5172 433 5232 οὕτω
452 5177 486 5250 τῇ
510 5172 587 5232 πόλει
607 5172 787 5245 πλησιάζοντα
801 5174 918 5248 πολεμον
974 5182 1098 5245 θυω,οοο
1110 5181 1314 5234 committendum
1325 5183 1355 5233 ut
1370 5181 1511 5246 imperium,
1528 5179 1614 5232 multis
1628 5179 1752 5231 leboribus

140 5259 343 5343 άρασθαιπάση
360 5259 511 5343 προθυμία,
524 5263 569 5320 καί
584 5240 623 5337 μλ
641 5263 766 5345 περιϊδεῖν
781 5259 830 5335 τὴν
850 5261 919 5340 μιτά
972 5277 1087 5338 partum,
1104 5271 1210 5337 turpiter
1238 5274 1265 5323 et
1288 5270 1411 5335 ignaviter
1437 5270 1602 5322 emitteretur.
1636 5269 1710 5329 Quod
1728 5269 1752 5320 ei
