4070 5926
671 424 969 515 auricularium
992 445 1143 508 nonan.
1166 449 1241 508 ua.
1267 450 1315 512 tx.

174 563 310 642 γινόμενον
332 570 386 632 τοῖς
400 563 515 642 δόγμασι
538 569 585 639 τῆς
610 571 707 648 βουλῆς
728 571 797 651 ίερδν
822 573 885 634 ὄντα
908 574 955 635 καί

175 655 249 735 νόμῳ
263 655 311 727 τὴν
326 652 446 722 ἐξουσίαν
461 653 558 736 ἔχοντα
580 656 682 732 ταύτην
706 660 792 730 άλλως
820 666 868 723 οὑκ
895 666 953 725 ίστι

172 746 275 799 παῦσαι
294 745 342 812 τῆς
355 741 525 815 δυναστείας,
542 742 587 802 ἐὰν
603 744 640 820 μή
665 769 704 814 τις
719 747 806 828 ίτερος
819 754 872 810 τῶν
895 752 949 812 iat

172 832 220 899 τῆς
235 827 295 902 ίσης
309 833 388 907 τιμῆς
401 829 447 889 καί
462 834 511 904 τὴν
525 831 609 905 αὐτὴν
624 833 744 902 ἰξουσίαν
759 839 874 917 ίχύντων
890 841 954 899 τάν-

134 937 147 974 a
174 916 251 976 αντία
264 917 386 996 πράττῃ,
404 919 449 977 καί
463 909 501 987 οἷς
516 918 547 978 θν
567 922 664 990 ἐκεῖνος
681 923 808 1001 ἰμπσδὼν
820 926 949 1007 γένηται,

173 1009 259 1062 ταῦτα
272 1003 310 1083 μὴ
325 1005 428 1086 κωλύῃ.
471 1007 650 1069 Συνεύούλευέ
666 1034 695 1070 τι
708 1022 764 1081 τοῖς
778 1004 853 1082 αύθις
865 1039 952 1094 παρα-

174 1093 333 1174 ληψομένοις
348 1094 396 1167 ιὴν
416 1095 503 1176 ἀρχὴν
521 1098 630 1167 ὑπάτοις
653 1105 732 1160 τοῦτο
756 1103 881 1183 πράττειν
906 1104 951 1164 καί

175 1190 291 1256 σκοπεῖν,
299 1180 369 1252 ὅπως
377 1182 462 1254 ίξουοί
474 1207 548 1252 τινας
559 1186 600 1247 det
613 1192 666 1248 τῶν
677 1190 826 1272 δημάρχων
840 1194 950 1264 οἰκείους

173 1271 247 1349 σφίσι
261 1271 307 1330 καὶ
321 1273 424 1352 φίλως·
439 1272 502 1349 μίαν
522 1264 590 1334 εἰναι
603 1275 689 1355 λέγων
704 1283 752 1351 τῆς
767 1280 885 1349 ἰξουσίας
903 1288 949 1343 τοῦ

122 1382 148 1421 ιιι
173 1359 279 1439 ἀρχείου
294 1360 460 1442 κατάλυσιν,
484 1363 529 1425 ἰὰν
549 1369 714 1436 στασιάζωσι
736 1369 802 1449 πρὸς
817 1372 949 1444 ἀλλήλους

172 1449 196 1505 οἱ
213 1448 311 1528 ἄνδρες.

171 1566 176 1573 ·
212 1538 251 1598 ΙΙ.
272 1538 381 1613 Ταύτην
399 1539 612 1620 εἰσηγησαμένου
628 1542 676 1615 τὴν
695 1545 806 1624 γνώμην
821 1548 948 1623 Ἀππίου,

171 1623 291 1694 δόξαντες
305 1627 383 1686 αὑτὸν
395 1631 478 1710 ὀρθῶς
488 1638 626 1711 παραινεῖν
641 1632 668 1691 σί
681 1656 709 1692 τε
724 1633 821 1696 ὑπατοι
834 1640 881 1698 καί
896 1641 949 1699 τῶν

172 1712 260 1773 ἄλλων
273 1717 296 1775 ci
312 1717 506 1792 δυνατώτατοι,
527 1720 613 1800 πολλῇ
632 1723 759 1804 θεραπεία
773 1726 948 1807 διεπράξαντο

114 1817 142 1857 ts
169 1801 230 1869 τοὺς
243 1804 372 1885 τέτταρας
391 1808 421 1866 ἰκ
443 1809 495 1866 τῶν
511 1808 657 1890 δημάρχων
678 1813 788 1883 οἰκείους
807 1820 841 1895 τῆ
866 1820 948 1899 βουλῇ

169 1892 301 1969 γενέσθαι.
345 1895 381 1955 Oi
402 1895 430 1955 δί
450 1894 517 1963 τάως
543 1896 592 1973 μὲν
614 1898 685 1981 λόγῳ
711 1904 877 1977 μεταπείθειν
904 1909 948 1968 τὸν

169 1978 278 2040 Ἰκίλιον
294 1983 446 2063 ἐπεχείρουν
460 1987 609 2058 ἀποστῆναι
623 1992 675 2047 τῶν
690 1991 751 2069 περί
765 1996 813 2065 τῆς
830 1996 946 2076 κληρου·

168 2066 230 2146 χίας
240 2070 441 2145 πολιτευμάτων
451 2115 460 2149 ,
471 2070 519 2140 ἕως
530 2075 554 2132 oi
569 2076 681 2153 πολεμοι
691 2076 794 2137 λάθωσι
807 2078 897 2149 τέλος·
909 2085 946 2151 ώς

169 2155 192 2216 δ’
205 2160 360 2228 ἠναντιοῦτο
372 2158 418 2217 καί
432 2160 573 2238 διώμνυτο,
589 2164 666 2243 λόγον
681 2188 711 2225 τε
722 2165 767 2227 τδν
784 2168 947 2230 αὐθαδέστα-

112 2268 144 2307 ου
169 2268 212 2305 τον
227 2248 309 2307 εἰπεῖν
318 2247 449 2324 ἐτόλμησε
460 2295 468 2323 ,
480 2254 527 2310 τοῦ
538 2251 624 2329 δήμου
637 2254 778 2334 παρόντος,
791 2254 832 2317 ὅτι
844 2259 946 2334 μᾶλλον

170 2333 201 2394 θν
216 2337 336 2415 βούλοιτο
343 2336 495 2417 Τυρρηνοὺς
504 2340 551 2398 καί
561 2339 620 2410 τοὺς
630 2340 725 2413 άλλους
731 2347 873 2423 πολεμίους
881 2371 947 2428 κρα-

168 2422 300 2495 σώσαντας
309 2427 357 2496 τῆς
372 2426 474 2494 πόλεως
488 2428 603 2502 ἰαιδεῖν,
619 2429 710 2502 ἦτοὺς
722 2434 883 2515 κατέχοντας
898 2440 946 2509 τὴν

168 2512 260 2593 χώραν
277 2512 326 2587 τὴν
345 2513 475 2592 δημοσίαν
489 2519 612 2598 ἀφεῖναι,
630 2519 750 2590 δόξαντες
771 2526 893 2605 άφορμὴν
906 2529 946 2585 εἰ·

168 2603 279 2681 ληφέναι
302 2603 387 2676 καλὴν
407 2604 472 2686 πρδς
495 2605 636 2667 αὐθάδειαν
661 2611 793 2686 τοσαύτην
817 2614 945 2675 τάναντία

112 2711 142 2750 ao
168 2690 253 2769 λέγειν
272 2714 301 2750 τε
325 2693 370 2753 καί
383 2694 525 2770 πράττειν,
544 2695 602 2755 otti
626 2703 671 2757 τοῦ
692 2700 777 2779 δήμου
801 2703 846 2762 τδν
868 2707 945 2781 λόγον

168 2777 252 2849 ἡδέως
266 2778 422 2857 δεξαμένου,
437 2783 563 2842 κωλύσειν
577 2784 653 2844 αὐτὸν
670 2788 789 2870 ἔφησαν·
804 2792 850 2850 καί
864 2815 945 2876 φανε-

169 2870 220 2945 ρῶς
233 2864 365 2947 ἔπραττον
387 2869 437 2929 ὅσα
460 2874 494 2950 τῇ
510 2875 592 2953 βουλῇ
605 2897 637 2934 τε
650 2878 696 2936 καί
712 2887 766 2946 τοῖς
780 2880 889 2950 ὑπάτοις
903 2884 945 2942 δο-

168 2956 237 3027 κοίη.
283 2957 418 3027 Μονωθείς
439 2958 466 3018 δί
481 2959 590 3029 Ἰκίλιος
609 2964 713 3034 ούδινδς
733 2966 774 3026 ίτι
790 2968 878 3051 κύριος
898 2963 942 3044 ἦν.

168 3045 245 3104 Μετὰ
255 3051 333 3105 τοῦτο
346 3046 487 3128 ἡστρατιδι
496 3052 689 3134 κατεγράφετο,
703 3056 748 3114 καί
758 3053 826 3118 όσων
840 3058 891 3119 ἔδει
906 3065 944 3142 τῷ

111 3154 141 3193 ευ
167 3134 287 3216 πολέμῳ,
303 3134 393 3196 πάντα
405 3141 573 3217 ὑπηρετεῖτο,
586 3141 619 3199 τδι
633 3142 682 3220 μίν
694 3146 723 3203 ίκ
735 3150 788 3206 τῶν
796 3148 942 3224 δημοσίων,

166 3221 200 3280 τά
223 3223 245 3280 δ’
261 3225 291 3282 ἰκ
307 3225 360 3283 τῶν
381 3224 471 3300 ἰδίων,
487 3225 579 3309 ἁπάσῃ
595 3232 745 3315 προθυμίη·
766 3236 812 3297 καὶ
828 3240 872 3298 διὰ
893 3242 945 3304 τά·

165 3332 229 3389 χους
254 3314 279 3371 οἰ
303 3312 399 3374 ὕπατοι
425 3315 672 3397 διακληρωσάμενοι
695 3322 729 3380 τά
756 3329 944 3406 στρατεύματα

165 3397 289 3477 ἐξῄεσαν·
318 3400 435 3480 Σπόριος
459 3401 507 3482 μίν
532 3405 648 3485 Φούριος
675 3410 719 3467 tet
746 3410 793 3480 τάς
819 3417 943 3477 Αἰκανῶν

166 3487 271 3563 πολεις,
288 3488 397 3551 Καίσων
412 3490 440 3551 tt
455 3492 559 3561 Φάύιος
575 3494 620 3553 έπί
631 3498 795 3578 Τυρρηνούς.
834 3506 944 3586 Σπορίῳ

109 3596 139 3634 so
167 3576 216 3652 μὲν
229 3567 273 3635 ούν
287 3577 391 3639 ἅπαντα
406 3578 477 3640 κατά
487 3588 547 3641 νοῦν
562 3584 710 3665 ἐχώρησεν,
725 3590 774 3661 sig
784 3594 942 3666 ὑπομεινάν·

167 3689 219 3723 των
235 3668 271 3734 εἰς
291 3676 381 3748 χεῖρας
405 3672 489 3731 ίλθεῖν
509 3676 562 3732 τῶν
579 3675 729 3753 πολεμίων,
750 3678 796 3737 καὶ
810 3681 898 3742 πολλὰ
912 3685 943 3743 ἰκ

165 3758 214 3827 τῆς
239 3757 377 3836 στρατείας
406 3757 536 3838 ἐξεγένετο
550 3761 680 3842 χρήματά
703 3788 734 3824 τε
756 3765 802 3826 καί
828 3768 943 3846 σώματα

164 3842 269 3904 λαύεῖν.
323 3845 442 3919 Ἐπῆλθε
462 3850 514 3926 γδιρ
536 3851 625 3929 ὀλίγου
643 3853 695 3911 δεῖν
716 3864 806 3914 πᾶσαν
828 3855 893 3932 ὅσην
919 3864 943 3921 ot

165 3934 288 4012 πολέμιοι
299 3934 390 4016 χώραν
409 3945 551 4017 κατεῖχον,
568 3940 639 4018 ἄγων
663 3943 709 4001 καί
722 3940 826 4025 φέρων,
840 3948 887 4007 καί
909 3950 943 4010 τδι

107 4040 137 4079 ευ
165 4022 270 4106 λάφυρα
285 4033 339 4093 τοῖς
355 4025 528 4104 στρατιώταις
543 4026 649 4088 ἅπαντα
665 4032 819 4112 ἰχαρίσατο.
852 4042 943 4099 Δοκῶν

164 4111 192 4172 δί
206 4113 253 4171 καί
267 4113 311 4173 τδν
325 4114 378 4194 πρδ
392 4119 439 4175 τοῦ
457 4116 552 4197 χρόνω
568 4107 635 4178 εἰναι
649 4121 805 4201 φιλόδημος,
824 4123 862 4183 ίτι
874 4129 944 4203 μᾶλ-

163 4207 209 4263 λον
223 4206 253 4262 ἐκ
272 4202 370 4275 ταύτης
385 4209 433 4278 τῆς
452 4207 614 4287 στρατηγίας
637 4211 797 4292 ἰθεράπευσε
818 4212 850 4272 τδ
868 4218 944 4289 πλῆ-

163 4298 216 4360 θος.
257 4293 313 4354 Καί
328 4293 419 4366 ίπειδὴ
431 4297 565 4375 παρῆλθεν
579 4301 593 4356 ὑ
607 4299 702 4380 χρόνος
720 4304 768 4372 τῆς
788 4303 942 4384 στρατείας,

164 4382 236 4461 άγαιν
248 4381 296 4454 τὴν
311 4381 423 4461 δύναμιν
437 4385 582 4468 ὁλόκληρόν
596 4410 627 4447 τε
641 4389 687 4449 καί
708 4391 819 4466 ἀπαθῆ,
834 4392 944 4473 χρημα-

107 4494 135 4532 rs
163 4494 204 4530 σιν
217 4471 326 4551 εύπσφον
346 4475 508 4548 κατέστησεν
527 4477 564 4545 εἰς
581 4475 629 4549 τὴν
641 4476 768 4559 πατρίδα.

204 4562 256 4623 ΙΙΙ.
282 4560 391 4621 Καίσων
412 4563 441 4623 δί
455 4563 560 4632 betto<
575 4566 745 4645 ὑίττροςτῶν
761 4568 885 4643 ὑπάτων,
896 4572 942 4632 ού·

165 4648 236 4717 δινδς
253 4658 342 4732 χεῖρον
367 4653 555 4735 στρατηγήσας
579 4657 698 4737 οἰφηρίθη
717 4656 761 4716 τδν
775 4660 807 4718 ἰκ
822 4663 875 4719 τῶν
894 4662 942 4743 έρ-

164 4760 220 4813 γων
234 4740 356 4813 ἔπαινον,
368 4741 432 4822 παρ’
448 4743 521 4803 ούδίν
533 4742 682 4824 ἁμάρτημα
692 4744 769 4820 ίδιον,
782 4747 843 4805 ἀλλ’
857 4750 897 4809 ὅτι
911 4751 941 4810 τδ

163 4828 305 4905 δημοτικὸν
322 4830 370 4889 ούκ
385 4820 455 4911 εἶχεν
475 4829 582 4910 εύνσυν,
599 4830 626 4900 tt
640 4827 670 4894 οὑ
680 4829 724 4889 τδν
738 4832 839 4894 ύπατον
864 4838 940 4899 Κάσ·

103 4948 134 4989 ω
162 4939 218 4977 σιον
234 4920 279 4978 ἰπὶ
292 4922 326 4998 τῇ
340 4921 473 5000 τυραννίδι
494 4919 584 5002 κρίνας
598 4922 759 4982 άπίκτεινεν.
802 4922 941 5012 οὔτεγὰρ

160 5006 211 5065 όσα
231 5006 284 5068 δέοι
300 5008 347 5068 σὺν
366 5008 445 5090 τάχει
464 5011 606 5090 στρατηγῷ
623 5011 778 5071 κελεύσαντι
799 5012 859 5083 τοὺς
873 5019 940 5091 ὑπη·

160 5094 237 5162 κύους
250 5098 419 5177 πειθαρχεῖν,
435 5096 494 5157 ούτε
507 5096 557 5156 ὅσα
581 5099 620 5180 τῷ
634 5097 759 5181 προθύμῳ
779 5098 825 5160 καί
838 5102 866 5160 ἰν
878 5102 942 5183 πρί-

159 5204 236 5243 ποντι
251 5184 437 5266 χρησαμίνους
459 5186 505 5267 βία
524 5189 688 5266 κατασχεῖν,
705 5185 765 5247 ούτε
786 5187 835 5248 ύσα
855 5189 941 5271 λάθρα

159 5274 213 5332 τῶν
233 5273 427 5353 ἀντιπολεμίων
445 5273 532 5360 χωρία
547 5279 584 5344 εἰς
598 5274 751 5347 πλεονεξίαν
764 5277 857 5341 εύθετα
871 5301 939 5360 σφε-

1732 442 1790 525 sai

1010 586 1057 637 bus
1071 587 1136 639 hanc
1152 589 1321 642 intercedendi
1339 596 1489 657 potestatem
1511 566 1644 648 habentem
1656 597 1728 651 ubter
1741 615 1789 653 non

1009 698 1081 749 posse
1096 685 1225 748 maruan,
1249 689 1295 739 nnn
1312 690 1344 740 aa
1363 679 1443 743 attero
1465 695 1578 748 nauem
1595 698 1729 760 ροιιιιιιιι
1747 699 1790 750 nto

1009 783 1128 846 temporis
1138 786 1315 850 magistratus,
1330 788 1375 850 qui
1386 788 1411 840 ei
1427 791 1555 844 resisteret
1567 795 1593 843 et
1608 806 1638 843 ee
1649 792 1742 858 qulbus
1757 810 1788 847 ne

1009 877 1253 945 intercessisset,tieri
1268 884 1368 936 sineret.
1401 889 1489 955 ltaque
1499 889 1621 941 suadebat
1636 891 1788 951 consulibus,

1008 976 1053 1040 qui
1075 977 1100 1027 in
1126 981 1252 1042 posterum
1274 981 1449 1045 magistratum
1467 991 1551 1038 essent
1575 987 1720 1052 accepturi,
1742 987 1790 1039 boc

1007 1079 1109 1135 agerent
1122 1074 1259 1142 darentque
1271 1091 1387 1143 operam,
1399 1085 1429 1133 nt
1446 1097 1545 1150 semper
1556 1086 1653 1150 aliquos
1662 1087 1695 1137 de
1708 1085 1788 1138 tribu·

1007 1173 1047 1223 nis
1063 1173 1112 1225 sibi
1123 1176 1298 1239 conciliarent,
1318 1180 1462 1248 amicosque
1474 1184 1594 1236 haberent
1614 1201 1619 1229 ε
1641 1186 1790 1250 dicebatque

1008 1270 1072 1321 hanc
1087 1286 1163 1323 namn
1174 1286 1229 1324 esse
1243 1276 1365 1327 rationem
1381 1277 1458 1330 huius
1473 1282 1636 1345 magistratus
1655 1284 1788 1347 potestatis

1006 1372 1160 1432 evertenda,
1182 1373 1205 1424 si
1216 1374 1310 1426 tribuni
1323 1376 1388 1428 inter
1403 1392 1431 1431 se
1444 1379 1602 1432 dissiderent.

1037 1572 1069 1622 tr.
1086 1572 1122 1621 lia
1140 1572 1307 1624 sententiaeb
1322 1574 1401 1640 Appio
1412 1574 1495 1636 dicta,
1509 1576 1624 1627 consules
1641 1579 1668 1626 ct
1686 1576 1727 1627 alii
1740 1578 1789 1641 pri·

1005 1682 1104 1730 mores,
1122 1670 1170 1719 rati
1199 1685 1257 1721 enm
1278 1675 1348 1723 recte
1373 1686 1488 1734 monere,
1510 1685 1607 1723 summe
1631 1674 1788 1724 contentione

1008 1765 1160 1827 effecerunt,
1177 1770 1207 1818 ut
1219 1772 1327 1833 quatuor
1341 1784 1355 1820 e
1369 1770 1477 1822 tribunis
1493 1770 1589 1822 senatui
1604 1769 1726 1833 faverent,
1742 1773 1787 1836 qui

1008 1863 1161 1927 aliquamdiu
1175 1865 1251 1916 variis
1259 1866 1398 1918 rationibus
1413 1868 1552 1920 iciliomab
1562 1867 1700 1919 actionibus
1713 1883 1785 1933 agra-

1008 1960 1051 2012 riis
1073 1965 1186 2013 avertem
1209 1963 1290 2013 οοιιιιίῖ
1303 1966 1376 2025 snat,
1397 1963 1477 2016 donec
1495 1966 1551 2016 sinis
1567 1966 1640 2017 bellis
1653 1966 1786 2030 impositus

1004 2064 1078 2107 esset.
1092 2056 1142 2108 sm
1153 2071 1231 2122 φαιιιιι
1244 2059 1284 2110 ille
1300 2059 1362 2124 ipsis
1374 2060 1560 2123 edversaretur,
1573 2066 1599 2113 et
1609 2063 1748 2124 deieraret,
1760 2067 1787 2114 et

1006 2161 1127 2223 presente
1145 2158 1238 2223 populo
1264 2159 1468 2223 superbissimam
1493 2175 1579 2212 rocem
1608 2162 1682 2213 edere
1708 2177 1786 2214 ausus

1004 2255 1105 2316 fuisset,
1117 2256 1180 2307 male
1189 2269 1216 2306 se
1226 2258 1346 2307 litmscos
1355 2260 1503 2323 ceterosque
1517 2258 1604 2310 bootes
1618 2259 1680 2310 urbe
1692 2261 1785 2324 potitos

1003 2352 1103 2414 videre,
1124 2367 1199 2418 φυσιν
1220 2368 1279 2415 eos,
1301 2354 1347 2419 qui
1363 2370 1451 2420 agrum
1469 2356 1598 2421 publicum
1616 2362 1783 2424 occuparent,

1003 2450 1143 2514 dimittere;
1160 2452 1352 2515 existimarunt,
1374 2467 1401 2504 se
1418 2456 1563 2518 praeclaram
1576 2458 1662 2506 nactos
1675 2456 1783 2508 occasio·

1003 2565 1059 2602 nem
1074 2553 1151 2603 tante
1169 2553 1316 2616 numantiae
1329 2552 1416 2613 dictis,
1439 2552 1561 2619 tactisque
1573 2554 1739 2622 adversandt;
1756 2559 1782 2608 et

1001 2666 1079 2716 quum
1093 2653 1134 2704 rel
1151 2653 1205 2718 ipsa
1218 2653 1288 2718 plebs
1300 2667 1330 2704 eo
1342 2651 1439 2704 oliensa
1457 2656 1532 2714 esset,
1547 2668 1575 2704 se
1587 2654 1611 2705 ei
1628 2655 1783 2707 intercedere

1002 2749 1116 2802 dixerunt
1137 2771 1143 2798 ι
1163 2757 1189 2804 et
1209 2757 1310 2817 aperte,
1335 2753 1458 2819 quidquid
1479 2754 1577 2805 senatui
1597 2758 1623 2805 et
1640 2755 1782 2808 consulibus

1002 2849 1083 2900 visum
1095 2852 1162 2911 erat,
1178 2849 1313 2901 iaciebant.
1330 2850 1414 2901 tuilins
1427 2864 1495 2913 vero,
1507 2852 1539 2903 ab
1550 2851 1666 2903 omnibus
1675 2852 1782 2903 destitu-

1002 2948 1061 3007 tus,
1079 2946 1172 2997 nullam
1193 2945 1299 3009 amplius
1324 2949 1472 3010 potestatem
1497 2946 1612 2998 habebat.
1646 2949 1707 2999 Post
1727 2947 1781 2999 baec

1001 3044 1126 3097 exercilus
1146 3043 1333 3108 conscriptores
1353 3047 1392 3105 et,
1406 3042 1527 3108 quidquid
1545 3044 1578 3096 ad
1591 3044 1694 3095 bellicos
1716 3059 1779 3096 usus

1002 3145 1057 3193 erat
1078 3140 1259 3202 necessarium,
1275 3141 1368 3205 partim
1389 3154 1420 3192 ex
1438 3141 1541 3201 erario,
1557 3141 1650 3206 partim
1664 3140 1781 3204 privatim

1000 3239 1069 3291 omni
1090 3239 1220 3290 alacritate
1238 3239 1465 3303 suppeditabatur:
1484 3242 1511 3290 ct
1532 3240 1647 3290 consules
1665 3239 1782 3312 celeriter

999 3338 1064 3389 inter
1080 3350 1108 3389 se
1123 3336 1206 3387 sortiti
1217 3337 1356 3396 exercitus,
1371 3336 1404 3385 ad
1419 3336 1483 3386 bella
1503 3337 1648 3399 exiverunt,
1666 3339 1710 3402 Sp.
1729 3339 1779 3388 Fu·

999 3435 1053 3485 rius
1070 3434 1096 3484 in
1115 3436 1222 3497 siquos,
1235 3433 1307 3482 Caeso
1325 3431 1415 3482 Fabius
1430 3432 1456 3482 in
1469 3436 1597 3484 Etruscos.
1614 3434 1706 3498 Spurio
1717 3433 1778 3498 qui·

999 3531 1056 3583 dem
1070 3530 1153 3580 omnis
1165 3543 1197 3578 ex
1218 3527 1295 3578 animi
1319 3528 1441 3579 sententia
1457 3532 1645 3593 successerunt,
1667 3530 1781 3581 hostibus

998 3640 1055 3677 cum
1072 3638 1102 3675 eo
1115 3623 1230 3688 congredi
1247 3638 1295 3673 non
1315 3624 1398 3684 σπεῖος
1414 3624 1486 3690 eique
1503 3626 1620 3691 contigit,
1643 3630 1673 3676 ut
1690 3626 1716 3674 in
1731 3623 1780 3674 hec

1000 3721 1154 3789 expeditione
1168 3721 1259 3771 multas
1276 3720 1393 3786 pecunias
1407 3722 1580 3787 mancipiaque
1594 3723 1701 3787 caperet.
1717 3724 1779 3771 Nam

1000 3820 1051 3871 lere
1071 3820 1151 3868 totum
1172 3816 1282 3867 hostium
1297 3830 1385 3881 agrum
1399 3820 1547 3882 pervagatus
1560 3820 1616 3877 est,
1643 3829 1685 3867 res
1705 3828 1780 3878 agens

997 3918 1141 3981 terensque,
1160 3928 1308 3978 omnemque
1325 3915 1436 3980 praedam
1447 3914 1569 3965 militibus
1583 3913 1715 3971 concessit.
1749 3917 1780 3966 Et

997 4029 1077 4081 quum
1093 4018 1151 4065 ente
1169 4012 1248 4078 plebis
1262 4011 1390 4063 studiosus
1406 4011 1554 4073 baberetur,
1574 4012 1653 4062 multo
1665 4013 1779 4078 magisia

997 4114 1045 4165 bac
1063 4111 1221 4178 expeditione
1243 4108 1412 4160 multitudinis
1423 4109 1533 4159 levorem
1554 4108 1602 4159 sibi
1620 4111 1777 4175 conciliavit,

996 4215 1135 4275 exactoque
1153 4208 1250 4261 militiae
1271 4211 1397 4272 tempore,
1418 4207 1502 4272 copias
1527 4207 1635 4274 integrm
1662 4214 1689 4260 et
1709 4211 1778 4262 nulla

996 4308 1068 4359 clade
1088 4307 1210 4370 attentas,
1233 4308 1259 4357 et
1278 4304 1391 4370 pecuniis
1403 4303 1496 4357 ditatas
1508 4305 1534 4356 in
1550 4305 1656 4371 patriam
1670 4307 1775 4360 reduxit.

1028 4569 1072 4618 ltt.
1090 4571 1123 4618 st
1133 4564 1203 4619 (laeso
1218 4567 1324 4631 Fabius,
1334 4568 1398 4620 alter
1408 4570 1509 4632 consul,
1520 4570 1578 4621 licet
1589 4570 1686 4635 egregie
1701 4571 1779 4621 omni-

997 4656 1045 4708 bus
1059 4656 1203 4708 maneribus
1226 4656 1392 4721 imperatoriis
1412 4658 1499 4709 luisset
1516 4658 1672 4722 perfunctus,
1696 4659 1778 4709 tannen

997 4759 1081 4796 renam
1096 4749 1221 4810 gestarum
1234 4744 1309 4796 laude
1328 4745 1458 4798 fraudatas
1469 4749 1523 4806 est,
1535 4747 1568 4798 ob
1589 4746 1686 4797 nultum
1701 4760 1776 4797 suum

996 4839 1141 4900 peccatam,
1159 4834 1203 4885 sed
1223 4832 1292 4898 quod
1310 4834 1432 4886 exercitui
1456 4847 1547 4886 exosus
1568 4836 1650 4896 esset,
1672 4848 1704 4885 ex
1726 4848 1777 4897 quo

997 4924 1110 4977 Gessium
1132 4924 1274 4985 consulem,
1294 4923 1441 4986 tyrannidis
1465 4923 1590 4977 είῖοοίυίω
1613 4925 1775 4991 damnatum,

996 5013 1117 5079 supplicio
1130 5016 1244 5064 esberno
1255 5010 1381 5066 attereret.
1415 5015 1479 5065 Nam
1488 5028 1569 5080 neque
1580 5014 1612 5066 ed
1622 5015 1777 5080 imperatoris

996 5104 1064 5155 iussa
1080 5103 1196 5153 celeriter
1207 5104 1377 5168 exsequenda.
1399 5116 1481 5170 ιιοιγυυ
1491 5102 1524 5155 ad
1535 5117 1566 5156 ea
1579 5105 1739 5170 occupanda,
1750 5106 1776 5158 in

995 5192 1086 5255 quibus
1097 5191 1215 5244 utilitum
1230 5192 1348 5246 neonus
1362 5197 1389 5246 et
1408 5193 1461 5255 ris,
1477 5193 1522 5245 ubi
1543 5206 1607 5259 opus
1626 5193 1716 5255 tuerit,
1731 5209 1773 5248 re·

996 5281 1114 5346 quiritur,
1130 5281 1445 5351 mutaturusque
1454 5281 1628 5336 adrictorism
1637 5287 1777 5350 opportuna
