4068 5924
285 369 342 435 rot

802 368 969 429 DiONYSli
992 369 1370 433 unstcnuttnssnttsts

280 500 450 572 riedirierum.
515 501 613 567 Τάτιος
636 499 686 577 μίν
711 491 755 559 σύν
788 501 911 574 τοιαύτης
934 501 1057 572 τελευτῆς
1113 514 1155 562 tur
1169 511 1217 563 init
1227 512 1283 563 itnis
1294 515 1365 576 Tatii,
1383 514 1426 578 qui
1440 519 1491 566 tres
1505 529 1581 566 snnos
1599 515 1691 566 betium
1711 530 1768 567 rum
1781 515 1886 570 ttomnio

279 591 369 671 ίτυχε,
384 590 444 670 τρία
464 588 510 665 μίν
533 587 578 662 έτη
593 589 746 666 πολεμήσας
766 587 909 669 Ῥωμύλῳ,
929 589 1006 649 πέντε
1028 590 1055 649 δί

280 677 418 758 συνάρξας.
461 677 600 739 Θάπτεται
616 678 638 735 δ’
668 679 703 744 είς
732 676 841 755 Ῥώμην
855 678 988 755 κομισθείς
1012 681 1055 738 έν-

279 765 348 847 τίμιρ
362 769 448 847 ταφῇ,
464 765 509 824 καὶ
522 764 587 844 χοάς
602 767 673 844 αὐτῷ
696 769 755 824 καθ’
777 765 887 827 έκαστον
910 766 1055 839 ίνιαυτδνή

253 876 266 913 s
279 856 353 920 πόλις
366 855 481 913 ἐπιτελεῖ
498 853 623 932 δημοσίᾳ.

319 943 393 1003 itti.
407 941 542 1020 Ῥωμύλος
552 942 579 1000 δὲ
590 939 668 1018 μόνος
679 941 722 1002 ἐπὶ
734 942 782 1014 τήν
797 940 879 1022 ἀρχήν
892 941 923 1002 τδ
937 940 1055 1024 δεύτερον

278 1030 413 1097 καταστάς
428 1030 458 1087 τό
477 1035 501 1088 τ’
526 1029 589 1108 ἄγος
607 1033 761 1109 άφοσιοῦται
782 1029 811 1089 τό
830 1028 889 1110 περί
908 1030 967 1098 τοὺς
988 1029 1054 1112 πρέ·

279 1117 350 1186 ούεις
362 1117 509 1195 γινόμενον,
523 1119 656 1197 προειπὼν
667 1120 720 1185 τοῖς
732 1119 922 1200 ἐργασαμένοις
931 1119 962 1179 εδ
973 1124 1055 1197 μ’ῠσος

279 1206 372 1271 tineo<
386 1204 516 1286 εἴργεσθαι
531 1208 576 1265 καί
591 1208 681 1288 πυρός·
698 1208 875 1289 ἐπεφεύγεσαν
890 1206 941 1287 γάρ
957 1210 987 1267 is
1007 1213 1055 1279 τῆς

227 1305 250 1343 tu
277 1294 379 1361 πόλεως
394 1293 507 1362 ἅπαντες
523 1296 579 1373 ἅμα
600 1300 639 1376 τῷ
653 1296 699 1356 τδν
713 1297 813 1358 Τάτιον
834 1300 993 1356 ἀποθανεῖν·
1009 1297 1054 1357 καί

276 1386 328 1440 τῶν
356 1382 523 1442 Λαύινιατῶν
552 1384 611 1451 τοὺς
642 1385 788 1450 συστάντας
817 1384 861 1443 tet
885 1385 929 1443 τδν
954 1385 1053 1445 Τάτιον

277 1463 594 1548 δικαστηρίιρπαραδούς
618 1472 772 1539 έκδσθέντιις
794 1472 845 1532 ὑπὸ
870 1477 917 1545 τῆς
939 1472 1053 1546 πόλεως,

277 1558 367 1629 ἐπειδὴ
390 1560 529 1637 δικαιότερ’
553 1558 659 1619 ἐδόκουν
672 1560 757 1636 λέγιιν
782 1561 816 1619 τὰ
839 1561 913 1639 βίαια
932 1584 1053 1640 τιμωρη-

277 1643 386 1722 σάμενοι
400 1647 453 1712 τοῖς
479 1647 588 1726 βιαίοις,
615 1647 731 1707 ἀπέλυσε
747 1653 795 1719 τῆς
821 1648 916 1716 αἰτίας.
958 1652 1053 1710 Ταῦτα

277 1731 483 1812 διαπραξάμενος
498 1734 542 1794 ἐπί
560 1735 608 1806 τήν
626 1735 781 1808 Φιδηναίων
793 1735 951 1815 ίστράτευσε
963 1738 1052 1809 πόλιν,

277 1823 331 1880 ἀπὸ
353 1823 548 1902 τετταράκοντα
571 1824 684 1883 σταδίοιν
709 1828 756 1895 τῆς
777 1822 887 1901 Ῥώμης
912 1824 1052 1902 κειμένην,

277 1909 397 1987 μεγάλην
410 1933 440 1969 τε
465 1911 512 1970 καὶ
530 1912 735 1992 πολυάνθρωπον
756 1902 837 1972 ούσαν
863 1911 933 1973 τότε.
975 1912 1054 1991 'Apu-

278 2001 357 2073 μένης
370 2000 421 2079 γάρ
444 2003 480 2068 τίς
505 2000 552 2071 τήν
576 1999 687 2079 Ῥώμην
707 2004 804 2080 ἀγορᾶς
830 2002 857 2060 έν
876 2004 989 2082 σκάφαις
1003 2025 1051 2061 πο·

278 2088 419 2163 ταμηγοῖς,
440 2088 472 2161 ήν
495 2087 701 2168 Κρουστομέριον
719 2089 880 2167 σωζομένοις
900 2089 952 2148 θπδ
973 2091 1053 2167 λιμοῦ

222 2182 248 2222 ²⁰
277 2173 422 2251 Ῥωμαίοις
431 2176 599 2254 ἀπέστειλαν,
611 2178 743 2251 ὠσάμενοι
754 2177 824 2237 >reri
839 2179 938 2249 πλῆθος
950 2179 993 2237 ἐπί
1007 2178 1054 2245 τδις

276 2265 380 2344 σκάφας
393 2267 417 2323 oi
439 2264 582 2336 Φιδηναῖοι
605 2264 654 2336 τήν
674 2266 697 2323 τ’
713 2265 808 2344 άγορίιν
835 2265 983 2346 διήρπασαν
1008 2267 1053 2324 καὶ

275 2354 328 2411 τῶν
344 2351 487 2431 ἀνθρώπων
507 2351 580 2418 τινίις
594 2356 646 2410 τῶν
664 2352 871 2426 ἔπιόοηθούντων
891 2354 1053 2425 ἀπέκτειναν,

277 2439 428 2516 αἰτούμενοί
440 2462 469 2498 τε
484 2438 559 2506 δίεσις
577 2441 624 2519 οὐχ
645 2443 764 2521 ὑπεῖχον.
807 2440 869 2521 Ἐφ’
893 2431 930 2508 οἷς
953 2444 1053 2518 ἀγανα-

276 2530 345 2586 κτῶν
370 2533 383 2585 θ
409 2528 548 2604 Ῥωμύλος
577 2527 700 2589 ίνέόαλεν
726 2532 762 2598 είς
787 2530 834 2603 τήν
856 2529 947 2611 χώραν
967 2532 1051 2588 αὐτῶν

276 2618 363 2694 πολλῇ
385 2625 505 2696 στρατιᾷ,
521 2618 566 2675 καί
578 2616 713 2695 γενόμενος
734 2616 845 2697 ἀφθόνου
871 2618 943 2684 λείας
957 2619 1052 2696 ἐγκρα-

276 2702 335 2774 τὴς,
352 2702 462 2780 ἀπάγειν
476 2704 525 2780 μέν
545 2705 753 2784 παρεσκευάζετο
766 2703 813 2778 τήν
831 2704 957 2781 δύναμιν,
973 2705 1051 2773 ίπεξ-

277 2790 402 2850 ελθόντων
429 2790 457 2848 δί
479 2794 530 2848 τῶν
548 2791 701 2865 Φιδηναίων
721 2792 846 2851 συνάπτει
870 2791 935 2873 πρὸς
955 2792 1046 2858 αύτούς

278 2878 377 2957 μάχην.
419 2881 552 2959 Καρτεροῦ
570 2882 594 2938 δ’
610 2884 709 2957 ἀγῶνος
731 2879 870 2958 γενομένου
883 2880 928 2939 καί
948 2883 1052 2940 πολλῶν

280 2966 409 3026 πεσόντων
431 2968 477 3046 ἀφ’
502 2968 649 3046 ἑκατέρων,
679 2968 835 3039 ἡσσηθέντες
860 2971 885 3026 oi
912 2969 1053 3039 Φιδηναῖοι

223 3076 250 3115 ευ
278 3054 416 3133 τρέπονται
440 3053 504 3135 πρὸς
535 3054 631 3135 φυγήν·
663 3059 678 3113 ὁ
704 3057 727 3113 δ’
751 3058 780 3114 ἐκ
806 3055 883 3122 ποδδς
906 3057 1052 3116 ἀκολουθῶν

279 3144 363 3209 αὐτοῖς
390 3142 570 3203 συνεισπίπτει
597 3152 651 3211 τοῖς
683 3144 822 3225 φεύγουσιν
845 3146 881 3209 είς
906 3142 935 3201 τό
958 3147 1052 3223 τεῖχος.

277 3229 411 3303 Ἁλούσης
438 3230 465 3290 δὲ
481 3236 528 3304 τῆς
548 3234 647 3298 πόλεως
668 3233 694 3300 i}
710 3233 813 3313 ἐφόδου,
838 3231 1053 3310 τιμωρησάμενος

279 3320 304 3389 ἐξ
322 3323 407 3380 αὐτῶν
423 3319 533 3394 ὀλίγους,
547 3321 592 3378 καί
607 3319 728 3401 φυλακήν
751 3323 777 3379 ἐν
797 3324 830 3400 τῇ
848 3319 923 3379 πόλει
946 3343 1050 3399 τριακο-

280 3408 343 3465 σίων
358 3408 457 3486 οίνδρῶν
476 3407 642 3479 καταλιπὼν,
662 3414 706 3479 τῆς
722 3432 750 3467 τε
765 3408 854 3489 χώρας
870 3411 964 3486 μοῖραν
986 3409 1052 3465 oino-

223 3504 249 3544 ³⁵
281 3496 431 3572 τεμόμενος,
441 3494 473 3568 ήν
487 3505 540 3562 τοῖς
550 3495 681 3578 σφετέροις
696 3500 797 3569 διεῖλεν,
811 3493 932 3554 ἀποικίαν
944 3495 1051 3568 ἐποίησε

280 3582 421 3660 Ῥωμαίων
438 3584 481 3643 καί
503 3584 600 3658 ταύτην
612 3586 660 3657 τήν
676 3587 762 3649 πόλιν.
805 3575 861 3647 Ἦν
876 3584 900 3643 δ’
914 3583 1052 3645 Ἀλόοινιῗιν

280 3674 415 3738 ίπόκτισις
438 3670 506 3730 κατά
532 3673 576 3731 τόν
595 3674 672 3733 αύτδν
699 3677 842 3733 οἰκισθεῖσα
863 3674 1001 3753 Νωμεντῷ
1023 3697 1052 3732 τε

279 3758 325 3818 καί
339 3761 542 3842 Κρουστομερίογ
559 3761 663 3841 γρόνον,
686 3765 764 3840 τριῶν
780 3763 898 3841 ἀδελφῶν
917 3764 962 3830 τῆς
976 3763 1052 3818 άποι-

279 3849 339 3916 κίας
364 3847 556 3927 ἡγησαμένων,
571 3829 639 3909 dot
662 3849 841 3928 πρεσύύτοιτος
865 3847 914 3918 τὴν
929 3847 1051 3918 Φιδήνην

225 3944 254 3987 ⁴⁰
279 3939 390 3999 ἔκτισεν.

317 4028 391 4086 LIV.
414 4025 491 4085 Μιτίι
507 4030 597 4087 τοῦτον
620 4025 664 4086 τδν
681 4027 796 4101 πολεμον
819 4024 862 4083 irri
884 4022 1053 4102 Καμαρίνους

280 4112 450 4189 ἐστράτευσεν
464 4113 655 4191 ἰπιτιθεμένους
668 4121 722 4180 τοῖς
732 4113 807 4189 πορθ
821 4110 907 4192 σφίσιν
921 4112 1052 4182 ἐποίκοις,

279 4203 337 4259 καθ’
353 4198 380 4258 δν
396 4199 488 4279 χρόνον
510 4202 621 4277 ἔκαμνεν
634 4207 651 4274 ή
666 4201 808 4277 Ῥωμαίων
823 4201 898 4266 πόλις
911 4199 962 4257 ὑπὸ
976 4199 1052 4258 νόσου

278 4288 414 4363 λοιμικῆς·
443 4277 465 4367 ᾧ
490 4288 521 4360 δή
545 4291 653 4364 μάλιστ’
679 4287 832 4368 ἐπαρθέντες
853 4291 878 4346 oi
902 4289 1053 4365 Καμαρῖνοι

221 4401 247 4436 ιι
279 4378 324 4436 καὶ
345 4376 498 4452 νομίσαντες
517 4377 598 4457 ἄρδην
613 4380 644 4437 τδ
664 4375 806 4455 Ῥωμαίων
827 4374 1052 4455 διαφθαρήσεσθαι

279 4465 351 4542 γένος
371 4464 421 4525 ὑπὸ
440 4467 486 4535 τῆς
507 4476 650 4543 συμφορᾶς,
674 4464 734 4531 τοὺς
756 4464 803 4543 μίν
826 4465 981 4524 ἀπέκτειναν
999 4466 1052 4521 τῶν

279 4552 405 4627 ίποίκων,
427 4551 485 4620 τούς
506 4553 528 4612 δ’
548 4553 679 4622 ίξέύαλον.
722 4554 789 4613 'riri’
803 4543 838 4610 ὧν
856 4549 1052 4629 τιμωρούμενος

280 4641 398 4708 αύτούςδ
413 4638 562 4719 Ῥωμύλος,
579 4641 668 4712 ἐπειδή
683 4641 713 4700 τὸ
729 4641 846 4722 δεύτερον
863 4640 991 4719 ίκράτησε
1005 4641 1051 4707 τῆς

278 4729 386 4802 πόλεως,
398 4729 457 4797 τοὺς
475 4730 521 4806 μὲν
538 4730 635 4795 αἰτίους
648 4735 694 4802 τῆς
711 4731 881 4794 ἀποστάσεως
901 4724 1048 4795 ἀπέκτεινε,

227 4838 254 4875 ευ
281 4825 332 4884 τοῖς
349 4816 376 4874 δὲ
392 4817 565 4895 στρατιώταις
580 4818 726 4900 διαρπάσαι
742 4817 790 4890 τήν
804 4815 880 4875 πόλιν
896 4816 990 4895 ίφῆκε·
1007 4816 1053 4883 τῆς

279 4924 309 4961 τε
338 4904 428 4983 χώρας
455 4905 503 4976 τήν
529 4908 652 4982 ἡμίσειαν
686 4904 897 4982 ἀποτεμόμενος,
927 4901 976 4971 ἔξω
1008 4905 1054 4972 τῆς

279 4991 404 5072 πρότερον
418 4994 471 5061 τοῖς
484 4994 640 5073 κληρούχοις
655 4994 785 5069 δοθείσης,
799 4992 845 5051 καί
858 4989 972 5073 φρουράν
985 4989 1027 5058 άξι

279 5100 365 5155 χρεων
390 5079 563 5151 καταλιπὼν,
584 5085 619 5147 ir<
641 5083 721 5158 μηδὲν
740 5082 780 5141 irs
798 5085 978 5160 παρακινῆσαι
996 5076 1054 5144 τοὺς

278 5162 360 5238 trior,
372 5166 517 5245 άπῆγεσήν
527 5168 646 5244 δύναμιν.
688 5168 738 5229 Ἐκ
750 5168 845 5241 ταύτης
854 5172 902 5241 τῆς
916 5167 1056 5241 στρατιέας

1110 603 1227 663 gossemt,
1239 601 1266 651 et
1274 601 1383 665 quinque
1395 616 1453 652 oum
1465 616 1495 653 oo
1507 606 1658 665 regnaverat.
1691 606 1885 654 Romsmsutem

1109 688 1206 740 oetam
1225 688 1361 740 honorifico
1376 692 1462 741 tuneru
1477 691 1588 754 sepultus
1601 694 1648 752 est,
1661 695 1685 741 et
1699 691 1832 756 quotannis
1845 691 1884 742 oi·

1109 778 1173 829 ritus
1193 778 1291 843 publioe
1302 779 1355 829 sius
1371 780 1484 830 monibus
1501 780 1548 831 tert
1559 779 1664 830 interius.

1140 966 1204 1016 Ltti.
1222 964 1340 1015 Romulus
1352 966 1444 1025 eutem,
1457 963 1547 1014 iterum
1558 962 1798 1028 sotusprinripetum
1808 962 1884 1026 edep-

1102 1070 1160 1133 ιιι,
1172 1068 1294 1132 piaculum
1304 1067 1364 1117 iiind
1375 1066 1511 1132 togatorum
1523 1048 1642 1118 oaesdrum
1653 1067 1770 1131 expiarit.
1785 1066 1885 1131 illisqui

1108 1166 1188 1218 scelus
1198 1171 1396 1231 perpetraverant
1409 1182 1473 1231 aque
1492 1171 1518 1218 et
1538 1168 1593 1231 igne
1604 1167 1760 1228 interdicens,
1777 1170 1881 1229 (omues

1108 1273 1174 1324 enim
1185 1276 1268 1326 stetim
1280 1279 1337 1339 post
1348 1275 1412 1325 Tatii
1426 1279 1529 1324 mortem
1542 1288 1573 1324 ex
1586 1275 1647 1324 urbe
1657 1273 1792 1337 ingerent),
1808 1276 1885 1323 etLa·

1108 1374 1266 1439 rinieusibns,
1274 1375 1317 1439 qui
1325 1376 1494 1438 conspirarent
1502 1376 1525 1425 in
1537 1377 1642 1436 Tatium,
1654 1390 1669 1426 e
1680 1376 1782 1427 civitate
1793 1374 1885 1426 deditis

1107 1477 1133 1527 in
1146 1477 1264 1528 iudicium
1281 1478 1374 1528 voontis
1393 1478 1457 1528 :seri
1471 1477 1527 1528 enm
1544 1492 1616 1544 usque
1634 1479 1716 1529 dicere
1733 1479 1883 1540 riderentur,

1107 1578 1174 1642 quod
1184 1578 1234 1629 vim
1252 1581 1277 1629 ri
1289 1580 1445 1645 repulissent,
1466 1580 1568 1631 erimine
1582 1581 1705 1633 liberavit.
1737 1582 1782 1633 itis
1800 1584 1884 1635 ευθειιι

1107 1677 1221 1742 μεταιτεῖν,
1234 1680 1368 1731 exereitum
1383 1680 1455 1732 dnnit
1463 1685 1549 1732 eontra
1563 1682 1675 1744 Fidenas,
1687 1682 1775 1733 urbem
1790 1696 1823 1733 ιιι
1834 1687 1884 1734 ste-

1108 1783 1155 1836 diis
1179 1789 1290 1836 nitornu
1306 1785 1447 1843 distantem,
1475 1756 1532 1848 quie
1553 1786 1612 1834 tuno
1629 1788 1655 1837 et
1677 1797 1764 1848 magne
1781 1787 1835 1836 eret
1856 1789 1884 1836 et

1107 1880 1235 1931 hominum
1259 1881 1395 1944 frequentin
1417 1880 1566 1931 abundabat.
1600 1882 1665 1931 cum
1678 1880 1743 1929 enim
1757 1892 1882 1931 commes-

1108 1986 1148 2033 tus
1157 1986 1261 2034 Romanu
1280 1982 1384 2045 navigiis
1406 1982 1547 2033 iinriulibus
1565 1983 1704 2043 veheretur,
1718 1995 1793 2045 quem
1815 1983 1881 2031 θιιι-

1107 2080 1236 2133 stumerini
1253 2082 1368 2132 Romanis
1389 2083 1453 2132 tome
1471 2082 1640 2134 laborantibus
1660 2083 1788 2143 miserunt,
1807 2082 1883 2132 Fide·

1108 2182 1186 2237 netes,
1199 2189 1288 2239 magne
1298 2190 1373 2227 menn
1386 2178 1480 2241 impetn
1495 2178 1559 2228 isoio
1570 2178 1595 2228 in
1607 2177 1711 2240 nurip‘e,
1721 2181 1748 2228 ot
1761 2190 1884 2227 oommeu·

1107 2281 1160 2328 tum
1180 2278 1341 2343 diripuerunt,
1363 2282 1388 2328 et
1409 2279 1538 2330 nonnullos
1559 2280 1602 2344 qui
1624 2294 1694 2344 opem
1709 2279 1819 2331 terehent
1841 2280 1883 2329 in·

1107 2381 1259 2432 terteoerunt
1279 2398 1286 2429 ι
1303 2383 1330 2431 et
1349 2394 1407 2430 erun
1434 2393 1514 2444 prr-me
1534 2383 1711 2444 repeterentur,
1733 2378 1812 2429 nutius
1835 2379 1882 2430 de·

1107 2477 1205 2529 denunt
1256 2481 1324 2537 Quos
1354 2477 1386 2528 ob
1412 2490 1521 2528 caumes·
1539 2476 1679 2541 indignatus
1703 2477 1835 2538 Romulus,
1858 2477 1890 2552 ¹¹¹,

1108 2590 1193 2641 ugrum
1217 2590 1303 2627 sorum
1321 2590 1379 2627 oum
1403 2578 1496 2639 mugnis
1520 2577 1596 2641 copiis
1621 2576 1783 2640 irruptionem
1805 2575 1881 2638 teuit,

1107 2679 1133 2725 et
1148 2674 1231 2740 prredn
1254 2676 1345 2738 ingenti
1365 2674 1460 2741 potitus
1482 2677 1617 2726 exereitum
1638 2674 1739 2725 domum
1764 2674 1884 2726 rennuere

1107 2770 1222 2835 parebat,
1246 2770 1290 2822 sed
1317 2785 1375 2823 oum
1392 2771 1522 2821 Fidenates
1544 2770 1629 2835 copies
1649 2784 1707 2821 snus
1727 2771 1883 2822 eduximeut.

1107 2876 1218 2939 prndium
1231 2889 1288 2925 cnm
1299 2874 1359 2940 ipsis
1370 2874 1502 2925 commisit.
1546 2874 1603 2924 ieri
1622 2876 1706 2922 sutem
1719 2873 1804 2936 proetio
1817 2886 1885 2923 oom-

1108 2974 1199 3033 misso,
1221 2977 1247 3023 et
1274 2972 1359 3022 muitis
1384 2971 1518 3022 hincinde
1550 2970 1636 3032 cessis,
1670 2969 1800 3019 Fidenates
1823 2968 1884 3019 riuti

1107 3073 1132 3121 in
1157 3071 1239 3135 iugem
1256 3085 1282 3122 ss
1304 3071 1433 3122 dederunt.
1476 3070 1520 3121 iiie
1540 3069 1721 3132 vererentur
1742 3083 1827 3120 eorum
1847 3081 1884 3119 se·

1107 3180 1193 3230 (prens,
1212 3181 1261 3218 unu
1275 3181 1331 3218 eum
1350 3167 1498 3229 suspirntibus
1519 3166 1545 3216 in
1563 3166 1650 3216 urbem
1667 3165 1766 3230 irrupit.
1800 3166 1884 3215 Primo

1107 3266 1202 3330 impetu
1214 3270 1272 3317 urbe
1286 3271 1365 3332 oupta,
1380 3271 1479 3330 sumpto
1497 3266 1618 3330 supplicio
1634 3265 1664 3316 rie
1680 3265 1766 3330 pennis
1783 3264 1883 3315 ittomm

1107 3369 1132 3415 et
1149 3365 1262 3428 presidio
1277 3368 1445 3416 trecentorum
1469 3365 1577 3414 virorum
1602 3363 1638 3414 ibi
1657 3363 1751 3426 relicto,
1781 3363 1883 3429 agrique

1107 3465 1177 3525 purte
1189 3460 1311 3525 adempte,
1326 3474 1400 3524 quum
1419 3460 1479 3535 suis
1487 3460 1580 3521 divisit,
1596 3460 1661 3511 huno
1679 3474 1779 3524 quoque
1795 3459 1883 3510 urbem

1106 3562 1271 3613 Romanorum
1293 3559 1413 3611 ooioninm
1438 3559 1505 3609 iecit.
1559 3561 1617 3610 Erat
1636 3562 1718 3609 eutem
1732 3557 1883 3608 itbnnorum

1108 3657 1202 3707 colonie
1219 3657 1305 3708 eodem
1328 3660 1438 3720 tompore
1458 3670 1508 3719 qino
1525 3658 1672 3706 Nomentum
1696 3658 1721 3704 et
1738 3654 1884 3705 Crustume-

1107 3756 1172 3809 rium
1192 3755 1289 3806 condite
1317 3775 1323 3803 :
1349 3753 1451 3818 eiusque
1474 3753 1575 3804 eutonius
1607 3757 1658 3803 tres
1694 3752 1783 3803 iratres
1805 3752 1884 3800 duces

1108 3852 1213 3910 inerunt,
1226 3863 1330 3913 quorum
1345 3851 1468 3899 proximus
1481 3852 1541 3899 netu
1552 3849 1656 3899 Fidenas
1672 3847 1789 3897 condidit.

1137 4028 1200 4076 nv.
1226 4028 1376 4075 iterantem
1397 4024 1462 4074 hetin
1478 4023 1590 4073 eontooto
1611 4021 1749 4073 exereitum
1771 4017 1843 4068 durii
1856 4018 1884 4067 in

1107 4126 1257 4185 camerinos,
1278 4124 1321 4188 qui
1336 4123 1435 4173 ooionos
1452 4135 1512 4172 suos
1533 4120 1614 4172 edenti
1636 4120 1741 4178 inerunt,
1755 4130 1805 4181 quo
1818 4118 1884 4168 ium-

1107 4235 1166 4285 pore
1179 4224 1287 4271 Romunn
1301 4219 1389 4269 eiriius
1403 4221 1472 4281 peste
1488 4216 1615 4266 isbombnt
1628 4234 1635 4264 r
1648 4226 1723 4278 quom
1734 4212 1828 4262 obrem
1839 4225 1885 4275 spe

1108 4318 1165 4369 oleti
1176 4316 1308 4377 Camerini,
1320 4320 1346 4365 et
1362 4318 1527 4365 Romanorum
1542 4315 1641 4376 gentem
1655 4308 1765 4360 fonditus
1783 4307 1883 4357 isoes·

1107 4415 1216 4465 temitete
1233 4412 1382 4462 exstinctum
1404 4409 1435 4460 iri
1459 4408 1506 4460 reti
1525 4407 1623 4458 ootonos
1639 4405 1729 4469 purtim
1754 4402 1884 4457 tutonem·

1107 4515 1173 4572 runt,
1188 4509 1276 4576 purtim
1292 4523 1320 4559 ex
1338 4507 1427 4574 oppido
1448 4506 1604 4571 expulerunt.
1637 4506 1705 4562 Ques
1727 4501 1760 4552 ob
1781 4511 1884 4551 caussas

1107 4609 1227 4658 Romuius
1237 4619 1280 4657 eos
1292 4605 1399 4666 ulturus,
1414 4604 1476 4654 urbe
1489 4602 1580 4653 iterum
1599 4602 1743 4663 expugnate,
1762 4594 1883 4646 detentio·

1107 4706 1145 4757 uis
1164 4702 1433 4762 eunomianorum,
1448 4703 1474 4751 ei
1486 4699 1607 4750 miiiiitrus
1623 4696 1709 4746 urbem
1721 4692 1882 4760 diripiendum

1108 4796 1242 4856 noncessit,
1257 4794 1348 4855 ntegri
1366 4791 1469 4843 dimidie
1491 4794 1562 4854 purte
1586 4786 1633 4837 titis
1655 4786 1780 4850 adempte,
1792 4786 1883 4848 preter

1108 4899 1269 4960 partemque
1282 4888 1405 4955 prioribus
1423 4887 1515 4939 outonis
1527 4886 1576 4941 iun
1597 4883 1729 4933 distribute
1742 4881 1832 4941 iuerat,
1843 4892 1883 4929 σε·

1027 4974 1054 5048 ὅ.
1108 4987 1189 5050 iisque
1201 4986 1271 5034 inmo
1290 4981 1405 5047 presidio
1423 4978 1515 5037 reiioto,
1531 4975 1631 5040 nequid
1649 4973 1706 5024 nori
1718 4970 1824 5035 emplius
1841 4969 1882 5019 in·

1109 5079 1169 5129 eoin
1178 5076 1322 5127 molirentur
1339 5076 1373 5126 itu
1394 5073 1494 5124 demum
1508 5068 1643 5119 exereitum
1656 5063 1766 5117 abduxit
1800 5064 1882 5125 iture

1108 5184 1138 5221 ει
1161 5170 1209 5220 hee
1229 5167 1380 5233 expeditione
1410 5163 1564 5227 triumphum
1583 5160 1688 5210 aiterum
1710 5156 1772 5222 egit,
1804 5156 1831 5205 et
1849 5164 1879 5203 es
