4048 5924
291 428 353 491 460

334 560 411 622 XIX.
434 556 570 618 Ἐντεῦθεν
589 556 617 616 δέ
637 555 686 629 τῆν
710 554 820 637 δύναμιν
842 560 985 622 arelatis
1009 555 1071 642 ῆγεν

293 650 337 710 ἐπὶ
348 648 408 714 τοὺς
422 645 598 724 καλουμένους
610 645 789 715 Λαθικανούς.
833 639 888 711 Ἦν
903 649 930 710 δέ
946 652 992 712 καὶ
1005 652 1072 726 αὐτῆ

293 739 352 797 τότε
379 732 500 794 Λατίνων
516 739 533 807 ἡ
549 734 640 808 πολις,
667 733 801 796 Ἀλόανῶν
824 735 914 818 ὥσπερ
942 741 970 799 αἱ
993 741 1073 801 ἄλλαι

295 825 410 893 ἄποικος.
455 821 688 895 Καταπλῆξασθαι
708 822 736 883 δέ
753 825 912 906 βουλόμενος
927 828 987 894 rob<
998 828 1072 889 ἔνδον

253 950 267 990 γ,
295 914 381 973 ἔκαιεν
398 914 485 972 αθτῶν
506 909 554 984 τῆν
570 911 661 992 χώραν
680 912 754 981 εὖθθς
770 915 865 988 ἀπιὼν,
881 915 939 975 ὅθεν
955 919 1073 995 μάλιστα

296 1002 406 1079 ἔμελλον
421 1001 531 1082 ὄψεσθαι
539 999 588 1072 τλν
599 1001 695 1082 ρλόγα.
734 1006 769 1063 0t
784 1003 811 1063 δέ
823 1003 972 1066 Λαόικανσὶ
987 1008 1074 1087 τεῖχος

297 1082 326 1149 ιθ
340 1088 585 1166 κατεσκευασμένον
602 1088 706 1171 ἔχοντες
726 1089 786 1150 οὔτε
800 1094 1009 1170 κατεπλάγησαν
1023 1097 1073 1153 αθ-

296 1185 341 1239 τοῶ
356 1179 403 1251 τῆν
419 1177 511 1260 ἔφοδον
526 1176 587 1237 οὔτε
607 1178 729 1254 μαλακόν
751 1181 871 1240 ένέδοσαν
894 1182 984 1256 οὐδέν,
1004 1182 1074 1243 ἀλλὰ

296 1274 416 1349 ἀντεῖχον
427 1266 626 1347 ἀπομαχόμενοι
640 1267 765 1346 γενναίως
776 1268 821 1328 καὶ
831 1264 960 1339 πολλάκις
970 1271 1075 1331 turbed-

244 1364 267 1404 ιο
296 1373 386 1414 νοντας
400 1354 445 1407 τοῦ
463 1348 566 1426 τείχους
580 1346 639 1415 robe
661 1350 803 1423 πολεμίους
823 1348 971 1429 ἀπήραξαν.
1031 1355 1072 1413 Οὔ

296 1439 349 1515 μὴν
361 1440 396 1501 είς
406 1437 479 1502 τέλος
491 1435 514 1514 γ’
532 1435 661 1516 ἀντέσχον
674 1436 757 1514 ὀλίγοι
770 1437 833 1517 πρὸς
849 1439 961 1508 πολλοὺς
975 1443 1073 1519 ἀγωνι·

295 1527 398 1604 ζόμενοι
413 1526 459 1584 καί
471 1524 565 1605 χρόνον
579 1525 637 1584 otii
649 1524 693 1585 τόν
709 1525 848 1608 ἐλάχιστον
864 1530 1070 1606 ἀναπαυόμενοι.

296 1615 403 1679 Πολλοὶ
416 1614 467 1693 γδιρ
482 1612 629 1693 προσόολαὶ
644 1614 689 1672 καὶ
708 1618 767 1673 καθ’
783 1613 847 1687 ὅλην
866 1614 914 1674 τλν
926 1618 1003 1677 πόλιν
1017 1618 1072 1697 ἐγί-

295 1728 368 1765 νοντο
382 1703 434 1763 ὑπὸ
447 1706 499 1761 τῶν
509 1702 687 1763 Οὐολούσκων
702 1704 733 1762 έκ
743 1702 882 1785 διαδοχῆς,
902 1708 1073 1788 ὑποχωρούν-

243 1813 267 1852 ts
293 1817 346 1853 των
359 1792 407 1871 μέν
421 1792 473 1850 αίεί
484 1795 536 1849 τῶν
547 1790 737 1868 κεκμηκότων,
755 1789 853 1872 ἑτέρων
868 1791 896 1852 δέ
910 1798 1071 1875 προσιόντων

294 1886 402 1960 νεαρῶν·
427 1880 491 1962 πρός
504 1879 550 1948 οθς
566 1879 754 1959 ἀγωνιζόμενοι
777 1881 809 1939 δι’
825 1880 888 1955 όλης
903 1881 1006 1963 ἡμέρας
1026 1884 1072 1943 καλ

295 1970 352 2029 οὐδὲ
366 1971 411 2031 τὸν
426 1974 472 2042 τῆς
494 1969 585 2036 νυκτὸς
601 1968 819 2047 ἀναπαυσάμενοι
834 1970 927 2051 χρόνον
956 1974 1072 2032 έκλιπεῖν

294 2059 499 2138 ἠναγκάσθησαν
522 2058 551 2117 τὸ
567 2067 652 2138 τεῖχος
678 2057 729 2117 ὑπὸ
752 2058 843 2118 κόπου.
898 2060 1070 2140 Παραλαύιθν

294 2147 321 2206 δέ
337 2148 382 2206 καί
395 2148 496 2221 ταύτην
512 2151 526 2207 δ
542 2147 662 2224 Μόρκισς
677 2145 725 2219 τῆν
737 2148 814 2206 πολιν
831 2146 1070 2229 θξηνδραποδίσατο

239 2253 266 2292 ab
293 2238 338 2294 καί
352 2244 405 2305 τοῖς
420 2234 593 2316 στρατιώταις
605 2236 686 2312 έρῆκε
698 2233 859 2314 μερίσασθαι
869 2237 915 2303 τδις
932 2237 1067 2318 ιὐρελείας.

293 2324 456 2396 Ἀναστιίσας
470 2324 498 2383 bt
511 2322 559 2397 τῆν
575 2322 687 2397 δύναμιν
702 2323 800 2382 latites
816 2324 858 2383 tet
880 2326 928 2397 τῆν
944 2328 1070 2387 Πεδανῶν

293 2412 379 2473 πόλιν·
389 2406 422 2486 ῆν
433 2413 461 2472 δέ
476 2413 522 2472 καί
541 2410 609 2483 αὐτῆ
624 2415 670 2471 τοῦ
685 2410 807 2471 Λατίνων
818 2412 916 2492 γένους·
928 2438 1070 2494 συντεταγ·

293 2501 374 2577 μένην
386 2502 434 2577 τὴν
450 2500 577 2583 στρατιθν
593 2499 660 2581 έχων
676 2502 843 2581 ἀφικνεῖται,
862 2506 908 2564 καλ
919 2505 1000 2578 αὖε-δν
1014 2508 1070 2583 όμα

292 2595 330 2672 τῷ
344 2592 493 2666 πλησιάσαι
506 2594 560 2657 τοῖς
571 2590 686 2670 τείχεσιν
702 2592 771 2669 αἱρεῖ
786 2592 856 2650 κατδι
870 2593 972 2673 κρότος.
1016 2594 1072 2654 Καί

239 2714 265 2754 ab
292 2686 341 2743 ταθ
353 2681 378 2739 τὰ
394 2680 490 2746 διαθεὶς
504 2677 554 2738 ὅσα
575 2677 623 2744 τὰς
637 2677 761 2759 πρότερον
775 2679 979 2758 έιλοόσας,ἕ’ωθεν
997 2681 1072 2748 εὐθὺς

293 2768 445 2838 ἀναστήσας
459 2767 508 2839 τὴν
523 2767 635 2844 δύναμιν
656 2758 719 2845 Ιῆγεν
734 2768 777 2827 ἐπὶ
796 2767 949 2848 Κορόιῶνα.
992 2768 1070 2831 Ὄντι

294 2848 321 2907 δέ
337 2850 408 2927 αὐτῷ
421 2852 468 2908 τοῦ
482 2848 584 2928 τείχους
597 2849 710 2919 πλησίον
725 2846 773 2915 τθις
785 2849 871 2917 πύλας
885 2848 1031 2918 ἀνοίξαντες
1045 2857 1070 2912 οί

293 2938 365 2997 ίνδον
381 2939 532 2997 ἀπαντῶσιν
547 2935 726 3016 προτείνοντες
753 2937 887 3016 ἱκετηρίας
906 2938 953 2997 καί
977 2962 1069 3020 παρα-

293 3023 404 3092 διδόντες
419 3024 544 3103 ἀμαχητλ
563 3021 594 3081 τὸ
611 3030 709 3100 τεῖχος.
753 3021 808 3089 Οὓς
823 3023 965 3091 ἐπαινέσας
979 3028 1015 3092 ῶς
1036 3026 1069 3085 τδι

238 3140 265 3180 so
293 3113 420 3194 κράτιστα
444 3113 505 3195 περὶ
526 3117 599 3191 σρῶν
625 3110 862 3192 βεύουλευμένους,
880 3114 1016 3175 ἐκέλευσεν
1031 3104 1068 3173 ῶν

292 3202 344 3262 ἔδει
368 3205 402 3280 τῇ
424 3209 535 3282 στρατιᾷ
552 3198 676 3279 φέροντας
699 3199 794 3273 ἥκειν,
819 3202 944 3282 ἀργύριόν
970 3203 1066 3264 τεκαὶ

292 3294 373 3351 σῖτον.
420 3287 574 3352 Καίλαύὼν
591 3286 641 3347 δσα
657 3287 834 3368 προσέταξεν,
851 3293 937 3370 ἀπῆγε
955 3292 1003 3364 τῆν
1025 3293 1069 3352 δύ-

291 3401 370 3455 ναμιν
383 3379 427 3437 ἀπὶ
448 3377 495 3449 τῆν
518 3378 689 3437 Κοπιολανῶν
713 3378 799 3439 πόλιν,
845 3381 1023 3460 Παραδόντων
1041 3381 1068 3440 δέ

291 3465 414 3540 κάκείνην
428 3470 480 3525 τῶν
495 3465 565 3525 ἔνδον
582 3469 703 3545 ἀμαχητὶ
713 3512 721 3539 ,
731 3468 777 3526 καὶ
791 3467 861 3546 [ὡς]
879 3469 948 3545 μετὰ
966 3470 1067 3543 πολλῆς

238 3588 264 3627 ³5
291 3559 438 3635 προθυμίας
454 3554 550 3635 ἀγοράς
572 3577 600 3612 τε
620 3555 812 3636 παρασχόντων
837 3561 871 3637 τῇ
886 3555 998 3633 δυνάμει
1022 3558 1067 3617 καὶ

291 3643 420 3724 χρήματα
432 3641 479 3702 καὶ
493 3639 542 3701 ὅσα
558 3642 628 3701 ἄλλα
642 3642 801 3704 ἐπετέτακτο
815 3646 911 3720 αθτοῖς,
924 3648 1010 3726 ἀπῆγε
1019 3646 1071 3718 τλν

186 3776 188 3779 ψ
291 3731 417 3813 στρατιδιν
427 3734 462 3799 ὡς
473 3732 516 3791 δια
528 3730 616 3813 ριλίας
629 3736 687 3811 γῆς.
736 3736 812 3797 Πόνυ
827 3735 879 3819 γάρ
893 3735 925 3809 δὴ
936 3738 1067 3796 καὶτοῦτο

291 3823 468 3895 ἐσπούδαζεν,
497 3826 532 3887 ῶς
555 3821 641 3897 μηδέν
665 3824 690 3882 σί
710 3825 897 3903 παραδιδόντες
923 3825 998 3887 αὐτοὶ
1021 3826 1068 3892 τὰς

291 3913 379 3979 πόλεις
394 3913 501 3971 πάθσιεν
516 3901 552 3969 ῶν
576 3911 646 3990 φιλεῖ
671 3913 734 3992 δρᾶν
750 3917 764 3971 δ
785 3915 915 3991 πόλεμος,
933 3915 1001 3974 dili
1022 3914 1067 3972 καὶ

238 4029 265 4069 40
290 4005 339 4077 γῆν
356 4003 473 4082 ἀδῄωτον
488 3999 702 4078 ἀπολαμὸἀνσιεν
714 4000 760 4062 καί
782 4002 942 4081 βοσκήματα
955 4003 1001 4061 καὶ
1019 4007 1067 4061 ἀν·

292 4087 409 4165 δράπσδα
425 4092 475 4149 ὅσα
491 4090 632 4150 κατέλιπον
650 4091 694 4150 lul
708 4094 760 4151 τῶν
776 4089 895 4162 κτήσεων
907 4089 1064 4165 κομίζοιντο.

292 4176 452 4245 Αθλίζεσθαί
466 4202 495 4237 τε
510 4180 557 4238 ούκ
572 4178 614 4238 εἴα
629 4180 678 4252 τῆν
697 4179 808 4256 δύναμιν
824 4180 850 4237 έν
868 4181 926 4246 ταῖς
940 4177 1066 4253 πολεσιν,

292 4263 335 4324 ίνα
351 4266 389 4347 μῆ
405 4290 431 4324 τι
444 4267 551 4345 γένηται
565 4269 599 4326 δι’
610 4267 731 4348 ἁρπαγῆς
752 4268 818 4348 πρὸς
836 4269 921 4328 αὐτῶν
934 4263 952 4337 ῆ
967 4268 1068 4340 κλοπῆς

290 4349 389 4422 αανθν,
407 4354 476 4412 ἀλλὰ
490 4353 564 4434 παρδι
580 4355 633 4421 τοῖς
657 4356 759 4437 τείχεσι
775 4355 1063 4437 κατεστρατοπέδευεν.

238 4469 264 4508 ts
333 4444 397 4504 llll.
431 4441 494 4502 Ἀπὸ
518 4441 547 4502 δέ
572 4442 671 4518 ταύτης
693 4443 846 4519 ἀναστήσας
872 4451 919 4517 τῆς
944 4446 1064 4519 πόλεως,

291 4531 390 4604 ῆλαυνε
404 4532 449 4591 τὸν
473 4531 584 4613 στρατόν
599 4536 643 4595 ἐπὶ
664 4536 796 4617 Βοίλλας,
822 4540 936 4619 ἐπιφανῆ
958 4536 1010 4601 τότ’
1024 4524 1068 4595 ού·

291 4643 340 4679 σαν
355 4623 441 4683 καλόν
457 4622 556 4697 ὀλίγαις
581 4621 651 4683 ποίνυ
670 4632 727 4692 ταῖς
744 4624 902 4704 ἡγουμέναις
917 4629 963 4683 τοῦ
981 4622 1068 4683 Λατί-

291 4734 341 4768 νων
353 4713 442 4791 γένσυς
453 4711 560 4771 πόλεσιν
575 4710 773 4791 ἐξεταζομένην.
793 4715 834 4774 Οθ
850 4711 1067 4793 προσδεξαμένων

292 4798 318 4859 δέ
330 4800 408 4859 αθτδν
420 4804 472 4860 τῶν
483 4800 574 4874 ἔνδον,
593 4801 662 4863 ἀλλὰ
672 4806 711 4882 τῷ
723 4802 746 4862 τ’
764 4801 875 4882 ἐρύματι
890 4800 1068 4861 πιστευόντων

237 4911 264 4951 ευ
291 4892 378 4970 ἀχυρῷ
393 4915 424 4968 γε
439 4893 539 4972 σφόδρα
555 4890 610 4951 όντι
621 4891 667 4951 καί
684 4894 722 4971 τῷ
747 4890 840 4963 πλῆθει
855 4892 906 4948 τῶν
924 4890 971 4948 ἀπ’
988 4894 1068 4952 αὐτοῦ

293 4978 507 5057 μαχησομένων,
521 4980 711 5059 παρακαλέσας
725 4978 773 5051 τῆν
794 4980 904 5057 δύναμιν
921 4979 1066 5058 ἀγωνίζεσ-

292 5068 335 5121 θαι
349 5067 490 5145 προθύμως
515 5069 562 5127 καί
577 5072 631 5136 τοῖς
651 5068 764 5147 πρώτοις
779 5067 889 5128 ἐπιόάσι
905 5073 951 5127 τοῦ
965 5067 1068 5147 τείχους

292 5152 408 5228 μεγιῶας
422 5156 520 5236 δωρεδις
535 5157 717 5238 ὑποσχόμενος
729 5205 738 5230 ,
761 5155 839 5237 έργου
852 5156 948 5236 εἴχετο·
962 5155 1009 5216 καὶ
1024 5155 1066 5233 γί·

290 5263 362 5299 νιται
380 5242 455 5323 μάχη
468 5245 529 5326 περὶ
543 5244 628 5326 ταύτῃ
645 5251 678 5326 τῇ
693 5247 768 5305 πόλει
783 5244 913 5326 καρτεροί.
958 5247 999 5306 Οὐ
1013 5241 1065 5326 γθρ

818 426 988 492 DlONYSIl
1012 432 1387 498 HALICARNASSENSIS

1159 578 1223 625 xlx.
1242 577 1303 627 lnde
1318 592 1377 629 oum
1393 580 1506 631 exercitu
1520 579 1547 630 io
1558 578 1695 632 labicanus
1707 585 1746 632 est
1768 584 1909 647 protectos-

1127 670 1188 720 ilee
1203 674 1288 722 autem
1298 671 1388 722 civitas
1399 681 1459 725 tune
1474 674 1568 725 latinae
1589 658 1711 738 erraret
1726 678 1789 742 ipsa,
1805 684 1835 730 ut
1849 680 1910 731 reli-

1126 776 1192 825 qua,
1205 764 1356 817 Albanorum
1370 770 1424 817 erat
1438 767 1543 818 colonia.
1567 769 1652 826 Quum
1666 772 1749 818 autern
1766 770 1911 833 oppidanos

1129 859 1222 909 terrere
1238 859 1327 923 vellet,
1342 859 1384 911 nbi
1402 860 1511 925 primum
1525 875 1613 912 eomru
1626 875 1700 926 agros
1712 866 1752 913 est
1765 864 1908 926 ingressus,

1128 949 1198 999 villas
1213 949 1329 1012 incendit,
1342 965 1393 1015 qua
1406 955 1477 1017 parte
1492 953 1617 1004 dammam
1627 955 1735 1006 mairac
1748 956 1909 1020 conspicuam

1128 1043 1180 1093 tore
1195 1044 1300 1107 putarit.
1334 1048 1366 1095 at
1389 1045 1521 1107 Labicani,
1535 1060 1592 1097 eum
1608 1048 1699 1099 moenia
1721 1049 1782 1099 bene
1801 1049 1911 1100 tirmaet

1128 1139 1223 1189 munita
1235 1139 1369 1201 baberent,
1386 1154 1432 1191 aec
1447 1142 1503 1193 eins
1514 1142 1623 1194 adventu
1637 1148 1696 1195 sunt
1708 1146 1843 1208 perterriti,
1861 1160 1908 1197 nec

1128 1235 1179 1286 ullo
1195 1235 1270 1285 modo
1286 1237 1309 1286 ci
1322 1235 1440 1300 ignaviter
1461 1241 1600 1300 cesserunt;
1618 1238 1664 1290 sed
1683 1242 1784 1290 strenue
1801 1253 1910 1303 pugnam

1127 1332 1166 1380 tes
1179 1330 1336 1391 restiterunt,
1357 1335 1384 1381 et
1396 1329 1486 1395 sapius
1500 1331 1586 1383 hostes
1603 1334 1694 1384 mmnia
1714 1334 1912 1386 reascendentes

1128 1422 1277 1486 repulerunt.
1312 1421 1366 1473 Non
1385 1427 1467 1474 tarum
1486 1425 1518 1475 ad
1545 1425 1618 1477 duem
1639 1440 1721 1490 usque
1745 1428 1909 1487 restiterunt,

1129 1517 1196 1581 quod
1209 1517 1281 1582 pauci
1298 1531 1355 1567 curn
1374 1519 1460 1570 multis
1481 1521 1534 1571 sine
1550 1521 1599 1571 ulla
1617 1521 1657 1571 rel
1673 1520 1775 1570 minima
1788 1523 1911 1585 temporis

1128 1608 1309 1662 intermissione
1323 1618 1468 1678 pugnarent.
1503 1618 1565 1666 Num
1584 1614 1667 1666 Volsci
1682 1615 1770 1666 crebro
1791 1617 1824 1665 ab
1842 1615 1910 1666 omni

1127 1710 1196 1771 parte
1209 1707 1294 1757 orbern
1307 1710 1481 1772 oppugnabant
1494 1723 1538 1773 per
1552 1710 1635 1770 vices,
1646 1720 1672 1761 et
1683 1712 1725 1775 qui
1737 1711 1829 1761 defessi
1838 1714 1911 1762 erant

1126 1806 1224 1857 semper
1238 1807 1265 1844 se
1274 1794 1435 1858 recipiebant,
1447 1801 1472 1846 et
1484 1795 1526 1846 alii
1538 1801 1651 1847 recentes
1664 1796 1689 1846 in
1699 1797 1814 1860 ipsorum
1824 1798 1910 1847 locum

1127 1883 1303 1945 succedebant5
1322 1898 1379 1934 cum
1400 1886 1491 1949 quibus
1513 1885 1629 1952 oppidani
1649 1889 1732 1937 totum
1749 1887 1816 1937 dem
1838 1886 1911 1937 dini-

1126 1982 1219 2038 cuutes,
1235 1981 1260 2027 et
1272 1991 1303 2027 ne
1316 1979 1395 2028 noetis
1410 1979 1511 2041 quidem
1532 1980 1717 2031 intermissione
1731 1982 1803 2043 data,
1816 1981 1909 2032 delati·

1127 2070 1176 2134 gali
1188 2069 1287 2121 tandem
1300 2084 1386 2122 muros
1398 2072 1514 2143 deserere
1528 2072 1610 2124 coacti
1621 2077 1686 2124 sunt.
1729 2075 1846 2132 Mucius,
1859 2074 1911 2124 lrac

1126 2183 1227 2233 quoque
1240 2168 1300 2220 urbe
1318 2172 1406 2233 capta,
1419 2169 1556 2234 oppidanos
1573 2171 1600 2221 in
1616 2170 1766 2222 servitutum
1780 2172 1910 2221 abstraxit

1126 2264 1297 2329 militibusque
1307 2263 1488 2330 proedamioler
1499 2264 1645 2340 sediridere
1660 2265 1779 2330 permisit.
1812 2269 1844 2316 at
1854 2281 1911 2317 nro

1126 2354 1159 2405 tis
1170 2353 1339 2415 indecastris‚
1355 2352 1449 2405 Pedum
1468 2354 1553 2405 urbem
1568 2356 1637 2419 (erat
1653 2359 1737 2405 autem
1748 2358 1773 2405 et
1790 2355 1844 2418 ipsa
1859 2370 1907 2406 no·
2005 2372 2006 2377 ¹

1126 2447 1199 2498 minis
1212 2447 1309 2504 Latini)
1324 2447 1446 2497 instructa
1456 2447 1509 2499 acie
1523 2447 1593 2511 petiit
1614 2462 1734 2512 eamque,
1756 2449 1909 2513 simulatque
2005 2488 2006 2495 ,

1126 2539 1156 2590 ad
1168 2538 1480 2604 murosappropinquarit,
1493 2539 1602 2604 vicepit.
1614 2542 1646 2590 at
1658 2554 1806 2604 quumeam
1819 2540 1907 2592 eodem
2005 2596 2006 2605 ,

1125 2634 1214 2695 modo,
1223 2647 1277 2697 quo
1288 2635 1315 2684 et
1323 2636 1418 2685 ceteras
1428 2635 1486 2684 ants
1500 2636 1585 2698 capitas
1597 2635 1739 2694 tractasset,
1753 2636 1855 2698 postero
1868 2635 1906 2686 die

1126 2740 1199 2778 mane
1211 2727 1294 2777 statim
1306 2725 1363 2777 iude
1375 2726 1449 2777 motis
1465 2725 1554 2775 castris
1563 2725 1649 2790 copias
1661 2723 1810 2776 Corbionem
1822 2727 1902 2777 duxit.

1127 2816 1211 2868 Sedet
1224 2816 1258 2867 ad
1270 2830 1355 2867 muros
1371 2817 1582 2881 appropinquanti
1595 2817 1721 2882 oppidani,
1739 2820 1834 2878 apertis
1846 2832 1904 2883 por·

1125 2911 1158 2962 tis
1169 2910 1259 2972 eliosi,
1282 2910 1405 2974 supplices
1419 2910 1518 2960 obviarn
1538 2914 1678 2967 venerunt,
1694 2911 1833 2976 urbemque
1854 2913 1907 2965 sine
2005 2902 2006 2905 ¹

1125 3007 1176 3056 ullo
1184 3003 1270 3070 prelio
1281 3004 1305 3055 ei
1320 3002 1476 3055 dediderunt,
1511 3004 1608 3063 Quibus
1620 3005 1737 3066 laudatis,
1752 3007 1822 3069 quod
1834 3006 1907 3057 rebus

1124 3098 1176 3149 suis
1188 3097 1279 3162 optime
1298 3096 1496 3158 consuluissent,
1519 3096 1667 3161 imperarit,
1682 3102 1710 3148 nt
1722 3112 1763 3149 res
1777 3100 1905 3151 exercitui
2005 3140 2006 3147 ,

1124 3191 1285 3247 neocesariae,
1300 3189 1778 3254 pecuniametlromentum,alterrent.
1824 3197 1907 3256 atque

1125 3285 1166 3336 nbi
1178 3295 1333 3347 quoeunque
1348 3282 1483 3346 imperarat
1500 3283 1602 3348 occepit,
1616 3282 1673 3334 inde
1692 3285 1775 3347 copias
1787 3284 1908 3348 Copiolos
2005 3328 2006 3339 .

1123 3375 1204 3427 duxit.
1238 3375 1323 3432 Quum
1337 3376 1421 3424 οιιίεαι
1437 3373 1552 3439 oppidani
1564 3374 1632 3426 illam
1642 3387 1739 3437 quoqne
1751 3375 1839 3425 urbem
1849 3376 1909 3428 sine

1124 3481 1205 3534 pugna
1229 3464 1398 3527 dedidissent,
1421 3469 1447 3515 et
1468 3479 1566 3517 summa
1597 3466 1726 3517 alacritate
1748 3470 1908 3519 commeatus

1123 3552 1245 3608 exercitui
1268 3551 1452 3617 praebuissent,
1468 3557 1496 3604 et
1509 3553 1641 3617 pecunias,
1660 3557 1686 3603 et
1705 3551 1826 3616 quidquid
1837 3554 1906 3604 aliod

1123 3649 1184 3715 ipsis
1196 3648 1278 3698 fumat
1291 3646 1451 3712 imperatum,
1467 3648 1601 3698 exercitum
1613 3646 1718 3697 abduxit
1728 3649 1848 3710 tanquam
1861 3660 1906 3712 per

1123 3747 1259 3797 amicorum
1283 3756 1377 3808 agrurn.
1414 3743 1467 3791 Hoc
1483 3741 1548 3791 euim
1567 3740 1588 3790 ei
1601 3753 1696 3803 magnae
1715 3753 1784 3790 curm
1798 3743 1860 3800 erat,
1876 3745 1906 3789 ut

1123 3838 1220 3889 nullum
1232 3850 1319 3888 eorum
1331 3834 1467 3894 maiorum,
1484 3847 1542 3897 quoe
1556 3832 1647 3883 beilum
1661 3833 1752 3885 alierre
1769 3835 1842 3887 solet.
1858 3847 1906 3898 po-

1123 3930 1192 3995 puli,
1206 3930 1249 3994 qui
1264 3929 1338 3980 urbes
1351 3927 1490 3988 dedebant,
1501 3929 1653 3991 paterentur,
1668 3927 1712 3977 sed
1725 3930 1751 3977 ei
1764 3940 1850 3992 agrum
1865 3927 1905 3977 in·
2005 3928 2006 3931 ’

1123 4027 1218 4075 laetum
1229 4026 1255 4074 et
1264 4035 1340 4087 pecus
1352 4023 1378 4072 et
1391 4019 1513 4083 mancipia
1523 4058 1528 4082 ,
1540 4032 1597 4083 quas
1615 4019 1641 4069 ln
1653 4020 1721 4084 agris
1737 4020 1905 4084 reliquerant,

1125 4113 1269 4177 reciperent.
1303 4114 1354 4161 Nec
1367 4110 1463 4161 sinebat
1485 4110 1569 4172 copias
1583 4122 1641 4159 suus
1654 4109 1678 4159 in
1702 4122 1790 4160 eorum
1807 4109 1905 4175 oppidis

1124 4201 1255 4252 stationem
1267 4200 1374 4260 babere,
1389 4213 1419 4251 ne
1431 4197 1493 4262 qrrid
1509 4197 1582 4260 mali,
1600 4198 1640 4249 rel
1651 4196 1683 4247 ob
1700 4211 1786 4248 earum
1805 4198 1905 4263 rapinas

1124 4291 1163 4340 rel
1175 4291 1255 4349 turta,
1266 4288 1407 4347 accideret3
1422 4286 1466 4337 sed
1478 4286 1510 4336 ad
1525 4299 1610 4337 muros
1623 4289 1706 4336 castra
1718 4285 1854 4350 ponebant.

1154 4460 1206 4507 xil.
1226 4457 1285 4508 lode
1298 4459 1381 4507 autem
1396 4451 1566 4506 metiscastris
1578 4449 1718 4501 exercitum
1727 4449 1798 4500 duait
1809 4450 1842 4501 ad
1856 4452 1905 4501 Bo-
2005 4454 2006 4459 ’

1125 4546 1207 4603 villas,
1218 4546 1305 4597 urbem
1319 4547 1380 4596 tuno
1394 4544 1516 4607 nobilem,
1535 4540 1619 4606 paucis
1641 4553 1727 4589 aarum
1738 4552 1798 4603 qnae
1809 4539 1904 4590 Latinas

1122 4632 1202 4697 gerulis
1212 4631 1374 4696 principatum
1384 4631 1500 4682 tenebant
1510 4627 1653 4681 secundam.
1668 4629 1753 4685 Quum
1763 4630 1850 4677 aulem
1862 4640 1904 4692 op

1124 4721 1205 4787 pidani
1220 4735 1277 4772 eum
1287 4734 1334 4771 αοα
1345 4720 1512 4785 recepissent,
1523 4717 1569 4769 sed
1585 4716 1664 4767 tirmis
1675 4714 1857 4767 munitionibus
1876 4718 1903 4766 et

1124 4811 1328 4873 propugnatorum
1338 4820 1440 4857 numero
1452 4806 1508 4856 treti
1522 4809 1616 4864 esseut,
1630 4817 1689 4856 suos
1701 4804 1796 4855 milites
1807 4803 1840 4855 ad
1852 4804 1900 4854 ala-
2005 4796 2006 4799 ’

1122 4899 1199 4949 eriter
1215 4896 1383 4963 dimicandum
1398 4895 1543 4946 cohortatus
1561 4898 1587 4947 et
1599 4895 1646 4956 iis,
1661 4893 1703 4958 qui
1717 4893 1789 4956 primi
1806 4894 1901 4944 erasis·

1123 4989 1179 5036 sent
1193 4986 1324 5047 irrmoenia,
1334 4985 1415 5049 ampla
1426 4987 1527 5050 praemla
1536 4985 1675 5051 pollicitus,
1688 4997 1742 5035 τοτα
1759 4986 1901 5047 estapgrcs-

1123 5087 1182 5125 sus:
1197 5080 1270 5140 atque
1285 5074 1316 5125 ad
1328 5074 1394 5124 banc
1405 5074 1490 5124 urbem
1504 5074 1594 5124 acriter
1607 5075 1745 5137 pugnatum
1757 5074 1806 5123 est.
1822 5070 1901 5121 Bovil-

1124 5161 1233 5212 lensibus
1247 5162 1312 5212 enlm
1328 5176 1376 5212 non
1389 5161 1450 5211 satis
1463 5161 1509 5212 luit
1529 5161 1614 5212 bostes
1626 5159 1774 5211 aecedentes
1793 5174 1808 5208 a
1822 5158 1902 5209 mnus

1122 5249 1238 5313 repellere
1249 5270 1256 5313 ς
1267 5251 1394 5302 sedetiam
1407 5251 1499 5316 apertis
1512 5253 1591 5315 portis
1600 5250 1710 5304 contento
1717 5250 1815 5315 agmine
1825 5260 1903 5312 erup·
