4068 5924
633 403 924 473 ANTIQUITATUM
947 406 1095 469 ROMAN.
1120 411 1192 470 LlB.
1217 411 1268 471 111.

145 559 160 582 ο
188 529 425 614 ἀμφισόητησίμου
445 534 494 610 γῆς
508 531 671 614 ἐχρήσαντο,
685 540 774 594 τοῦτον
792 536 872 596 εἰπὼν
888 537 926 597 ἔτι

142 644 160 671 ι
185 621 339 695 παύσομαι·
355 620 379 677 εί
403 620 584 698 ποιησαίμεθα
605 619 678 703 μίριι
696 622 747 683 τινὶ
763 627 809 695 τῆς
827 627 927 686 έαυτῶν

145 735 159 758 ι
186 716 312 787 στρατιᾶς
346 706 466 787 ίκάτιροι
490 707 535 769 τδν
560 712 667 789 ἀγῶνα,
688 711 724 776 εἰς
747 711 881 791 θλίγιστόν
901 739 926 774 τι

144 823 158 846 ι
185 799 287 866 πλῆθος
297 797 398 876 ἀνδρῶν
418 798 609 876 συναγαγόντες
623 797 670 869 τήν
682 803 728 857 τοῦ
747 799 863 876 πολέμου
875 801 927 861 τύ··

143 911 158 935 ι
183 905 251 963 χήν·
264 882 291 951 ἐξ
303 882 430 962 ὁποτέρας
442 882 466 943 δ’
480 884 511 943 δν
525 885 627 953 πόλεως
640 888 664 946 οἱ
679 885 859 965 κρατήσαντες
875 893 927 949 τῶν

141 999 155 1022 ·
185 973 337 1030 ἀντιπάλων
349 974 490 1050 γίνωνται,
503 973 586 1052 ταύτῃ
599 974 821 1056 συγχωρήσαιμεν
836 977 926 1057 άρχειν

141 1088 156 1110 ι
184 1063 232 1128 τῆς
244 1057 344 1140 ίτίρας.
389 1058 494 1120 Ὁπόσα
508 1060 559 1141 γάρ
571 1062 609 1136 μή
623 1063 761 1144 διαιρεῖται
774 1063 825 1124 ὑπὸ
837 1065 926 1146 λόγου,

141 1176 155 1199 ι
185 1148 259 1206 ταῦθ’
274 1147 325 1206 tot
337 1150 390 1206 τῶν
401 1148 490 1207 ὅπλων
504 1150 628 1226 κρίνεται.
649 1177 661 1203 s

191 1237 217 1297 Χ
221 1237 256 1297 Ιί.
271 1236 315 1298 Τίι
330 1234 379 1312 μέν
392 1235 424 1309 δή
444 1238 568 1317 λεχθέντα
583 1237 701 1317 περὶτῆς
719 1238 859 1318 ἡγεμονίας
874 1245 926 1301 τῶν

9 1386 10 1389 ,
84 1354 111 1391 ιο
140 1325 253 1383 πόλεων
273 1322 433 1398 δικαιώμαθ’
454 1327 499 1382 ὑπ’
516 1325 670 1405 ἀμφοτέρων
693 1329 745 1383 τῶν
771 1332 926 1407 στρατηγῶν

139 1412 232 1473 τοιάδ’
243 1403 290 1486 ήν·
301 1414 376 1480 τίλος
386 1411 414 1470 δὲ
425 1421 479 1479 τοῖς
489 1413 575 1491 λόγοις
588 1415 674 1473 αὐτῶν
688 1416 864 1487 ἠκολούθησεν
874 1409 926 1478 οἷον

140 1501 308 1579 ὁῬωμαίος
323 1500 469 1562 ὑπετίθετο.
511 1505 546 1561 Oi
563 1502 615 1581 γδρ
632 1504 658 1561 ἐν
673 1506 710 1582 τῷ
726 1504 844 1585 συλλόγῳ
858 1530 928 1587 παρ-

139 1592 218 1658 όντες
233 1587 368 1651 Ἇλόανῶν
391 1610 422 1648 τε
440 1586 486 1648 καί
500 1586 645 1667 Ῥωμαίων
666 1592 777 1669 ταχεῖαν
804 1594 928 1653 ἀπαλλα-

141 1680 199 1756 γὴν
213 1685 259 1738 τοῦ
274 1677 392 1754 πολίμου
404 1676 565 1749 ποιήσασθαι
580 1680 716 1751 ζητοῦντες
729 1677 820 1748 ὅπλοις
833 1682 863 1740 τδ
876 1694 927 1743 νεῖ·

85 1794 110 1831 rs
141 1790 193 1834 κος
204 1767 323 1845 ἔγνωσαν
337 1769 441 1826 διελεῖν,
484 1766 705 1847 Συγχωρηθέντος
719 1767 746 1828 δέ
762 1768 810 1827 καί
825 1771 927 1848 τούτου,

141 1857 209 1936 περὶ
224 1861 270 1915 τοῦ
287 1854 403 1926 πλήθους
419 1857 471 1914 τῶν
484 1855 685 1933 ἀγωνιουμένων
697 1854 806 1927 ζήτησις
821 1857 927 1936 ίγίνετο,

142 1947 178 2005 οὔ
191 1943 239 2017 τὴν
255 1944 338 2017 αύτλν
354 1943 480 2022 ίκατέρου
494 1946 546 2001 τῶν
562 1946 717 2023 στρατηγῶν
732 1943 847 2003 διάνοιαν
860 1947 927 2005 ἀπο-

141 2034 323 2111 δεικνυμένου.
365 2033 467 2099 Τύλλος
482 2030 530 2109 μίν
546 2032 597 2109 γάρ
612 2030 728 2091 ίόούλετ’
742 2034 768 2090 ἐν
778 2034 928 2114 ἐλαχίστοις

144 2120 258 2199 σώμασι
272 2120 394 2197 γενέσθαι
411 2121 461 2191 τήν
476 2124 522 2179 τοῦ
548 2118 666 2195 πολέμου
681 2119 781 2200 κρίσιν,
795 2120 850 2188 ἕνδς
866 2119 927 2181 Ἀλ-

84 2236 111 2272 ro
143 2209 234 2270 θακῶν
251 2217 297 2269 τοῦ
310 2207 500 2287 λαμπροτάτου
515 2206 579 2286 πρὸς
593 2206 639 2265 ἕνα
653 2207 798 2282 Ῥωμαίων
811 2208 855 2268 τὀν
870 2208 928 2290 άρι-

142 2320 208 2357 στον
224 2297 481 2378 μονομαχήσαντος·
495 2295 542 2354 καί
556 2294 690 2375 πρόθυμος
712 2287 745 2368 ἦν
767 2295 844 2363 αὐτὸς
859 2297 926 2379 ύπίρ

141 2390 193 2458 τῆς
207 2390 300 2446 ἑαυτοῦ
314 2385 443 2465 πατρίδος
456 2382 652 2465 ἀγωνίσασθαι,
667 2383 881 2463 προκαλούμενος
890 2388 926 2454 είς

142 2474 194 2545 τήν
211 2475 305 2551 δμοίαν
320 2475 472 2559 φιλοτιμίαν
488 2475 533 2531 τὸν
546 2471 687 2551 titteris,
699 2470 795 2540 κοιλοθς
813 2475 926 2556 ἀποφαί-

142 2587 198 2621 νων
220 2570 275 2629 τοῖς
289 2562 444 2643 ἀνειληφόσι
459 2561 506 2629 τίς
520 2564 573 2620 τῶν
587 2562 770 2641 στρατοπέδων
785 2564 926 2639 ἡγεμονίας

82 2682 110 2717 1,
142 2648 207 2716 τοίες
230 2650 295 2730 θπίρ
317 2653 402 2731 ἀρχῆς
417 2648 463 2707 καί
483 2647 638 2714 δυναστείας
654 2651 774 2728 α’γῶνας,
793 2653 823 2708 οὖ
847 2651 925 2722 μόνον

142 2737 193 2797 ἴαν
208 2737 347 2808 νικήσωσιν
363 2735 476 2817 ἀγαθούς
492 2736 600 2815 ἄνδρας,
614 2735 683 2794 ἀλλὰ
698 2736 747 2794 κᾶν
762 2738 837 2796 αὐτοί
855 2763 924 2817 κρα-

142 2828 258 2899 τηθῶσιν
272 2829 316 2885 ὑπ’
330 2828 454 2904 ἀγαθῶν,
469 2824 516 2884 καί
531 2822 633 2892 διεξιὼν
647 2825 703 2883 ὅσοι
718 2826 863 2904 στρατηγοί
878 2828 925 2887 καί

145 2918 265 2996 βασιλεῖς
285 2916 333 2984 τδς
349 2919 451 2975 έαυτῶν
463 2912 552 2997 ψνχίις
568 2913 785 2992 προκινδυνεῦσαι
801 2917 853 2974 τῶν
868 2940 924 2978 κοι·

143 3008 196 3063 νῶν
209 3005 355 3086 παρέσχον,
368 3006 450 3064 δεινόν
466 3005 607 3084 ἡγούμενοι
619 3005 671 3061 τῶν
688 3005 735 3080 μίν
748 3007 832 3080 τιμῶν
845 3005 925 3068 πλέον

83 3132 113 3166 ,υ
146 3093 221 3153 αύτοί
234 3093 374 3175 φέρεσθαι,
388 3098 440 3153 τῶν
463 3093 491 3152 δδ
504 3092 593 3150 πόνων
609 3091 729 3153 ἔλαττον.
772 3091 805 3153 ‘0
821 3094 844 3152 δ’
861 3093 925 3156 Ἀλ-

146 3177 224 3247 όανδς
238 3181 268 3241 τὸ
292 3180 342 3259 μὲν
362 3180 458 3259 ὀλίγοις
474 3180 579 3257 σώμασι
602 3178 758 3238 κινδυνεύειν
774 3181 819 3248 τδις
838 3182 926 3250 πόλεις

145 3272 226 3346 ὀρθῶς
247 3268 365 3346 ἐνόμιζεν
384 3272 518 3349 εἰρῆσθαι,
534 3268 596 3346 περὶ
619 3266 646 3323 δὲ
664 3271 710 3338 τῆς
734 3266 772 3325 nt
794 3269 859 3349 πρδς
879 3271 925 3330 iia

145 3358 234 3437 μάχης
247 3357 399 3437 διεφέρετο,
416 3357 499 3434 λέγων
514 3354 555 3414 ὅτι
570 3356 624 3420 τοῖς
638 3352 686 3431 μέν
701 3357 856 3435 ἡγουμένοις
872 3363 925 3418 τῶν

145 3447 347 3525 στρατοπέδων,
374 3445 436 3505 ὅταν
466 3443 534 3504 ἰδίαν
562 3443 814 3513 κατασκευάζωνται
842 3448 917 3506 δυνα·

83 3560 114 3599 as
145 3532 235 3591 στείαν
247 3578 255 3604 ,
268 3537 346 3602 καλὸς
363 3535 409 3594 καί
424 3531 564 3613 ἀναγκαῖός
581 3535 649 3591 ἔστιν
665 3535 680 3590 δ
694 3534 754 3613 περί
774 3537 820 3606 τῆς
841 3540 924 3616 ἀρχῆς

145 3623 213 3703 πρὸς
228 3624 352 3694 ἅλλήλως
365 3623 453 3701 άγδιν,
466 3631 523 3689 ταῖς
539 3621 567 3680 δί
579 3621 686 3681 πόλεσιν
698 3624 804 3694 αὐτοῖς,
819 3624 924 3682 ίπειδδιν

146 3709 216 3789 θπίρ
236 3716 288 3770 τῶν
310 3712 443 3791 πρωτείων
467 3710 642 3793 διαφέρωνται
659 3710 723 3791 πρὸς
746 3710 880 3784 ἀλλήλας,
897 3717 926 3772 οὐ

146 3800 228 3874 μόνον
251 3800 376 3880 σφαλερός
396 3802 466 3861 αἰλλίε
479 3800 525 3859 καί
540 3799 676 3880 αίσχρδςθ
698 3799 740 3858 διδι
761 3803 926 3882 μονομαχίας

145 3887 281 3961 κίνδυνος,
295 3887 341 3948 έάν
356 3913 384 3949 τε
397 3893 443 3960 τῆς
459 3887 603 3970 κρείττονος
617 3886 752 3947 λάθωνται
769 3890 866 3969 τύχης,
879 3889 925 3951 ίάν

85 4016 117 4051 ,.,
145 3981 232 4048 τετῆς
242 3977 370 4057 χείρονος.
413 3979 490 4058 Τρεῖς
505 3978 528 4035 δ’
540 3976 637 4056 ἄνδρας
647 3974 796 4045 ίπιλέκτους
808 3980 853 4059 ἀφ’
864 3981 924 4038 ἕκα-

145 4065 221 4144 τέρας
245 4065 346 4135 πόλεως
368 4065 552 4127 συνεόούλευεν
575 4066 628 4125 tat
647 4063 695 4135 τήν
717 4066 841 4125 ἁπάντων
866 4067 925 4147 δφιν

146 4152 278 4213 ’niseus
294 4178 322 4214 τε
337 4155 383 4213 καί
395 4154 536 4232 Ῥωμαίων
551 4153 767 4233 διαγωνίσασθαι.
810 4154 924 4227 Ἐπιτη-

144 4242 275 4301 δειάτοιτον
290 4244 341 4321 γδιρ
357 4234 424 4303 ε’ίναι
437 4245 510 4303 τόνδε
524 4244 569 4303 τὸν
581 4242 692 4322 άρεθμδν
704 4244 740 4309 είς
753 4242 860 4304 άπασαν
874 4245 926 4322 άμ-

144 4328 354 4409 φισέητουμίνσυ
379 4331 532 4412 πράγματος
555 4329 696 4409 διαίρεσιν,
721 4331 806 4410 ἀρχήν
829 4356 857 4392 τε
879 4331 925 4392 καί

84 4457 115 4493 ⁴5
145 4419 224 4493 μέσον
237 4420 284 4478 καὶ
299 4419 423 4491 τελευτήν
439 4419 523 4498 ίχοντ’
541 4421 566 4478 έν
589 4422 683 4499 ἑαυτῷ.
726 4419 820 4500 Ταύτῃ
836 4444 923 4501 προσ-

143 4507 260 4583 θεμένων
276 4508 417 4589 τῇγνῶμῃ
434 4508 577 4582 Ῥωμαίων
601 4531 629 4566 τε
648 4508 692 4567 καί
713 4507 843 4568 Ἀλόανῶν
862 4509 878 4568 8
896 4533 925 4569 τε

144 4596 270 4673 σύλλογος
283 4599 389 4672 διελύθη
404 4598 450 4657 καί
464 4597 509 4658 tsi
523 4596 583 4664 τούς
599 4598 677 4663 ίδίους
693 4598 814 4677 ἀπήισαν
829 4599 923 4658 ίκοίτε-

145 4688 326 4764 ροιχάρακας.

184 4777 263 4836 ΧΙΙΙ.
276 4774 392 4835 Ἔπειτα
408 4774 564 4840 καλέσαντες
578 4776 614 4841 εἷς
627 4774 769 4848 ἐκκλησίαν
782 4773 830 4841 τίς
844 4775 921 4834 δυνά·

84 4908 115 4941 ,υ
145 4886 201 4939 μεις
210 4865 360 4944 ἀμφοτέρας
370 4866 394 4922 οἱ
404 4864 559 4943 στρατηγοί,
572 4862 703 4935 διεξῆλθον
718 4861 735 4920 ά
746 4886 774 4921 τε
785 4862 923 4942 διελίχθη«

144 4973 192 5011 σαν
202 4954 277 5012 αὐτοὶ
288 4954 352 5031 πρός
363 4952 499 5024 ἀλλήλους,
510 4954 555 5012 καί
565 4951 605 5032 ἐφ’
616 4942 652 5019 οἷς
660 4950 794 5012 συνέθεντο
803 4948 923 5008 καταλό-

144 5044 238 5100 στσθαι
250 5041 297 5097 τὸν
308 5040 434 5116 πολεμον.
477 5040 717 5119 Ἔπικυρωσάντων
735 5036 763 5098 δί
773 5040 825 5096 τῶν
839 5060 924 5117 στρα-

143 5129 281 5205 τευμάτων
296 5125 453 5208 ἀμφοτέρων
465 5130 534 5188 sard
547 5130 646 5201 πολλὴν
662 5127 798 5200 εὐδόκησιν
810 5125 857 5192 τὰς
870 5128 922 5184 τῶν

143 5222 301 5299 στρατηγῶν
316 5215 470 5293 ὁμολογίας,
485 5216 623 5293 θαυμαστή
637 5216 706 5292 put
724 5218 801 5274 τοῦτο
814 5220 922 5290 κατεῖχε

1702 417 1758 476 13ῖ

983 576 995 600 κ
1012 556 1094 620 igitur,
1112 561 1140 609 ut
1151 571 1208 608 eum
1220 563 1290 622 parte
1307 558 1389 623 aliqua
1407 560 1530 610 exercitus
1542 559 1621 610 nostri
1634 562 1759 614 osriameu

984 680 996 703 α
1015 662 1088 711 atnbo
1104 661 1231 722 ineamus.
1246 663 1376 714 bominum
1394 678 1511 726 numero,
1523 665 1614 729 quibus
1628 665 1686 716 belli
1708 666 1757 719 ior·

982 788 995 813 κ
1012 772 1073 819 tuua
1087 770 1270 833 committebas,
1286 771 1310 820 iu
1329 769 1458 821 mirrimum
1478 774 1615 832 manacta,
1637 776 1664 822 et
1678 772 1759 823 utrius

981 896 992 915 ιι
1012 873 1080 924 urbis
1093 873 1159 925 eires
1174 874 1305 925 victoriam
1319 874 1351 925 de
1363 874 1512 926 advesariis
1527 876 1687 938 reportarint,
1704 874 1759 926 itto-

982 996 995 1020 ι
1012 990 1067 1026 rom
1079 977 1174 1029 civitati
1193 978 1323 1042 imperium
1345 978 1370 1028 in
1389 979 1493 1029 alteram
1510 978 1760 1037 momentaneum

982 1103 995 1127 s
1012 1084 1077 1140 enim
1100 1084 1184 1134 serbis
1208 1082 1290 1135 dirimi
1311 1098 1360 1135 uon
1374 1088 1492 1148 possunt,
1506 1083 1538 1135 de
1561 1084 1599 1135 his
1619 1085 1761 1136 decernitur

982 1198 994 1223 ε
1011 1179 1094 1229 umis.
1110 1199 1122 1223 ν

1012 1278 1067 1327 xii.
1084 1280 1165 1340 Atque
1184 1276 1238 1326 imae
1256 1278 1314 1327 suot
1327 1280 1471 1339 argumenta
1490 1277 1583 1340 prolata
1604 1275 1636 1328 ab
1654 1279 1759 1344 utroque

981 1371 1144 1435 imperatore,
1165 1374 1194 1421 ut
1211 1369 1327 1434 probaret
1347 1369 1477 1434 imperium
1496 1370 1525 1419 ad
1547 1384 1617 1420 suam
1632 1371 1758 1423 civitatem

980 1461 1035 1512 iure
1053 1462 1183 1526 pertinere.
1216 1459 1324 1511 Tandem
1338 1464 1420 1509 tamen
1436 1459 1461 1509 iu
1482 1459 1586 1509 Romani
1604 1461 1760 1523 imperatoris

982 1551 1128 1603 senteutiam
1136 1563 1222 1600 omnes
1233 1551 1339 1600 iverunt.
1372 1550 1421 1608 Qui
1432 1549 1496 1600 anun
1510 1551 1661 1601 titanorum
1671 1553 1696 1602 et
1709 1553 1753 1601 ito·

981 1660 1112 1699 manorum
1131 1644 1212 1695 initio
1230 1642 1463 1704 concilioaderant‚
1478 1643 1528 1693 cito
1549 1656 1577 1694 se
1597 1643 1656 1696 betti
1679 1646 1758 1697 moie-

982 1742 1037 1792 stiis
1058 1739 1159 1791 liberari
1175 1737 1317 1802 cupientes,
1331 1738 1524 1788 controversiam
1544 1739 1620 1787 armis
1639 1739 1758 1791 dirimen-

981 1835 1040 1886 dam
1052 1847 1107 1885 esse
1120 1835 1278 1883 censuerunt.
1312 1832 1364 1881 itas
1383 1834 1468 1880 autem
1480 1829 1512 1881 de
1528 1846 1554 1881 re
1570 1845 1628 1881 cum
1641 1832 1704 1882 inter
1717 1847 1759 1883 eos

981 1925 1137 1985 ωπτοειίιει,
1152 1922 1185 1973 de
1206 1934 1310 1972 numero
1327 1934 1414 1972 eorum
1428 1921 1471 1985 qui
1489 1920 1608 1972 certaturi
1622 1926 1706 1973 essent
1723 1922 1759 1973 di·

980 2017 1139 2081 seeptabatar
1152 2034 1159 2066 ι
1173 2014 1231 2078 quia
1247 2027 1295 2063 non
1317 2013 1381 2063 idem
1399 2018 1505 2077 uterque
1520 2013 1653 2078 imperator
1665 2015 1759 2066 sentie-

981 2113 1032 2162 bat.
1065 2109 1151 2159 Tuitus
1170 2107 1235 2158 euim
1249 2104 1350 2155 minimo
1369 2106 1494 2156 hominum
1515 2119 1618 2157 numero
1633 2106 1690 2157 beili
1707 2108 1756 2157 ior·

980 2210 1066 2257 tunam
1087 2200 1290 2253 committendam
1307 2213 1362 2250 esse
1381 2199 1510 2260 censebat,
1531 2199 1567 2250 ita
1580 2203 1609 2251 ut
1630 2215 1694 2252 unus
1714 2202 1758 2252 ni·

981 2296 1102 2346 banorum
1113 2290 1334 2358 praestantissimus
1350 2304 1408 2339 cum
1426 2304 1476 2339 uno
1491 2292 1657 2341 Romanorum
1676 2293 1759 2344 fortis·

980 2391 1043 2441 simo
1054 2388 1141 2454 pretio
1161 2385 1280 2449 singulari
1298 2385 1462 2435 decerneret:
1475 2387 1501 2434 et
1515 2384 1567 2448 ipse
1583 2384 1615 2435 ad
1635 2383 1757 2436 dimimn.

980 2483 1040 2532 dum
1054 2494 1099 2547 pro
1110 2479 1189 2544 patria
1201 2480 1378 2543 peruaserat,
1390 2489 1526 2540 pmvoeans
1539 2476 1660 2527 Attianum
1669 2477 1758 2530 ducem

981 2573 1014 2624 ad
1033 2586 1119 2638 parem
1130 2569 1230 2621 virtutis
1243 2568 1439 2628 commotionem,
1451 2570 1477 2617 et
1494 2566 1623 2618 declarans
1639 2570 1757 2633 praeeiara

964 2682 1035 2731 ,esse
1050 2664 1262 2727 certaminaque
1283 2661 1442 2725 imperatores
1450 2672 1495 2722 pro
1515 2659 1653 2724 principatu
1667 2665 1693 2712 et
1713 2675 1758 2726 po·

980 2762 1058 2813 tentia
1075 2757 1225 2821 suscipiant,
1238 2767 1286 2804 non
1300 2752 1380 2803 sotum
1402 2753 1423 2802 si
1444 2753 1511 2801 virus
1529 2752 1606 2803 sortes
1624 2760 1756 2819 superent,

980 2854 1108 2905 sedetiam
1119 2849 1141 2900 ai
1155 2847 1202 2913 ipsi
1215 2861 1231 2897 a
1243 2847 1305 2897 viris
1315 2845 1421 2895 sortibus
1430 2847 1584 2908 superentur,
1595 2847 1758 2899 etrecensens

979 2944 1058 2995 multa
1074 2942 1251 3005 imperatorum
1271 2938 1345 3000 atque
1362 2949 1449 2999 regum
1471 2935 1595 2999 exempta,
1613 2938 1658 3000 qui
1673 2937 1756 3001 reipu-

979 3037 1050 3088 blicae
1070 3046 1158 3084 caussa
1174 3033 1251 3082 vitam
1268 3027 1383 3093 perieulis
1402 3026 1593 3090 obiectaverint,
1609 3028 1675 3092 quiid
1696 3028 1758 3079 indi·

978 3141 1054 3192 gnum
1074 3124 1182 3190 psuarint
1204 3122 1249 3172 sibi
1267 3121 1369 3186 quidem
1382 3120 1504 3170 maximos
1521 3117 1628 3170 honores
1649 3118 1756 3182 deterri,

978 3219 1107 3269 minimum
1122 3229 1181 3265 vero
1193 3213 1362 3264 molestiarum
1373 3225 1389 3262 a
1402 3225 1430 3262 se
1441 3211 1543 3276 suscipi.
1575 3211 1685 3263 Albanus
1697 3225 1757 3267 vero

978 3312 1027 3362 boe
1039 3308 1140 3374 quidem
1153 3309 1220 3357 reete
1231 3303 1357 3355 iudicabat
1367 3303 1399 3353 ab
1410 3317 1441 3354 eo
1461 3304 1571 3363 dietum.
1586 3306 1684 3370 utrique
1693 3305 1756 3355 eivi-

978 3403 1025 3452 isti
1036 3411 1171 3465 paucorum
1179 3394 1288 3461 periculo
1301 3396 1495 3445 controversiam
1507 3408 1562 3446 osse
1573 3394 1736 3447 dirimendam
1747 3416 1753 3445 ι

979 3493 1023 3543 sed
1032 3492 1064 3542 de
1075 3488 1226 3553 singulorum
1234 3487 1368 3537 certamine
1375 3499 1423 3535 uon
1430 3485 1610 3537 assentiebatur
1619 3492 1755 3540 ttorrtono.¹

980 3581 1170 3649 imperatoribus
1182 3578 1246 3628 enim
1257 3616 1263 3639 ,
1276 3590 1334 3627 eum
1348 3577 1396 3628 sibi
1416 3578 1476 3642 ipsis
1492 3579 1625 3641 potentiam
1643 3585 1754 3644 quierant

980 3675 1125 3742 praclarum
1138 3676 1161 3721 et
1173 3668 1339 3719 necessarium
1356 3682 1411 3717 esse
1424 3672 1559 3726 certamen,
1574 3670 1641 3730 quod
1651 3671 1716 3720 inter
1728 3685 1755 3721 se

980 3763 1011 3814 de
1028 3760 1166 3827 principatu
1178 3755 1313 3819 suscipiant
1321 3771 1328 3815 ;
1343 3753 1485 3803 civitatibus
1499 3766 1558 3802 vero
1570 3754 1601 3804 de
1618 3756 1756 3819 principatu

978 3856 1043 3907 inter
1062 3868 1090 3905 se
1117 3847 1323 3903 contendentibus
1353 3846 1464 3910 prmtium
1492 3845 1612 3908 singulare
1639 3860 1685 3895 non
1712 3862 1754 3896 so-

978 3960 1032 4011 lum
1043 3964 1098 4005 esse
1109 3946 1290 4015 periculosum,
1305 3942 1349 3991 sed
1363 3940 1439 3990 etiam
1453 3943 1537 4003 turpe,
1556 3947 1606 3989 tarn
1622 3939 1757 3989 victoribus

979 4063 1053 4115 quam
1071 4043 1152 4094 victis.
1184 4042 1265 4098 Quare
1285 4032 1406 4085 suadebat
1426 4036 1453 4081 ut
1467 4035 1518 4083 tres
1538 4031 1629 4082 siries
1651 4035 1755 4097 utraque

979 4141 1080 4193 civitate
1098 4136 1156 4187 lecti
1175 4134 1200 4183 in
1220 4129 1330 4182 omnium
1347 4128 1373 4176 et
1391 4124 1538 4174 Albanorum
1554 4130 1580 4174 et
1593 4127 1756 4175 Romanorum

980 4234 1114 4295 conspectu
1127 4225 1280 4277 dimicarent.
1314 4220 1402 4272 Aiebat
1413 4217 1478 4269 euim
1496 4216 1562 4268 hunc
1575 4230 1704 4267 numerum
1715 4231 1757 4282 ap-

979 4324 1102 4377 tissimum
1112 4332 1167 4369 esse
1175 4317 1207 4367 ad
1219 4329 1317 4366 omnem
1332 4313 1368 4364 rei
1377 4311 1568 4364 controversiam
1578 4310 1753 4371 dirimendam

979 4415 1046 4483 quod
1066 4409 1211 4478 principium
1225 4411 1250 4458 et
1266 4406 1388 4466 medium,
1408 4409 1432 4455 et
1444 4402 1515 4454 έοειιι
1531 4402 1557 4452 in
1575 4414 1602 4452 aa
1623 4401 1754 4452 contineat.

979 4510 1045 4558 cuns
1057 4504 1131 4568 igitur
1152 4499 1253 4550 Romani
1274 4503 1300 4547 et
1312 4495 1399 4546 Albani
1415 4495 1441 4544 in
1454 4493 1517 4544 bane
1529 4491 1676 4542 sententiam
1698 4490 1756 4540 isis-

978 4602 1047 4660 aeut,
1061 4593 1190 4647 munitium
1203 4592 1333 4641 dimissum
1344 4592 1382 4639 eat
1395 4591 1420 4638 et
1433 4588 1532 4651 utrique
1543 4585 1568 4634 iu
1581 4596 1663 4634 suase
1675 4585 1756 4631 eastra

979 4706 1035 4743 rece
1068 4692 1132 4740 mut.

1011 4704 1077 4840 Χίίί.
1091 4783 1185 4836 Deinde
1198 4780 1297 4846 utrique
1306 4780 1480 4843 imperatores,
1492 4772 1600 4825 exercitu
1614 4771 1646 4822 ad
1659 4770 1755 4820 concio·

978 4908 1036 4945 nem
1047 4895 1149 4951 vocato,
1159 4888 1290 4938 narrarunt
1303 4882 1364 4948 quid
1375 4881 1402 4931 in
1410 4877 1532 4942 ootloqoio
1542 4879 1626 4926 aetum
1637 4876 1718 4935 esset,
1729 4874 1756 4923 et

978 4997 1070 5062 quibus
1090 4990 1271 5044 conditionibus
1293 5002 1320 5038 se
1343 4998 1428 5052 pacem
1450 4984 1557 5034 tacturos
1574 4977 1754 5045 promisissent.

979 5101 1239 5160 Gumautemuterque
1248 5093 1466 5152 exercitusmagno
1473 5099 1592 5138 consensu
1603 5084 1755 5135 conditiones

980 5208 1080 5261 foderis
1113 5204 1255 5271 dequibus
1275 5202 1339 5253 iuter
1352 5198 1513 5263 impemtores
1535 5192 1699 5252 oonrenerat,
1713 5200 1755 5251 sp
