4048 5924
122 1852 126 1861 ι
217 1831 243 1870 λθ

209 3584 236 3624 ³5

209 4032 237 4071 40

209 4466 235 4506 ab

123 4938 127 4945 ·
209 4917 236 4958 50

272 418 332 479 1²18

276 576 288 603 ι
307 547 374 628 μηδὲ
394 545 516 624 άγεννίς,
541 546 587 607 καῖ
610 544 644 606 τά
671 546 766 608 παιδία
789 555 873 610 ταῦτα
895 548 1050 629 παραμύθια

277 664 289 689 ι
306 642 353 709 τῆς
368 638 434 713 ίμῆς
451 635 559 716 όρημίας
574 634 696 716 ίχουσαι,
706 636 813 718 τρέφετε
834 636 912 706 ἀξίως
930 640 1004 713 ὐμῶν
1022 659 1051 696 τε

276 752 290 778 ιι
306 724 352 784 καὶ
366 730 412 784 τοῦ
426 721 528 800 γόνους·
544 714 582 791 οἷς
607 724 660 785 θεολ
679 725 747 785 δοῖεν
770 728 808 798 εἰς
832 726 928 804 ἄνδρας
949 727 1052 786 ἐλθοῦσι

275 840 289 866 ιι
305 812 390 892 τύχην
409 813 457 889 μίν
477 811 615 891 κρείττονα
637 815 818 894 τοῦπατρὸς,
839 816 936 893 ἀρετὴν
960 813 988 874 δύ
1013 815 1051 891 μὴ

275 930 288 956 ιι
305 903 412 984 χείρονα
424 921 432 938 ·
444 900 487 961 καί
503 902 620 982 χαίρετε.
662 901 826 983 Ἀπίρχομαι
841 903 892 985 γάρ
904 904 956 978 ήδη
970 926 1052 962 κατα·

275 1018 288 1043 ιι
304 989 389 1051 λιπὼν
399 988 447 1062 τήν
462 991 550 1050 οὐκέτι
563 996 704 1070 χωροῦσαν
717 993 813 1071 άνδρας
830 992 944 1072 ἀγαθοὺς
961 992 1048 1052 πόλιν.

275 1108 288 1133 ιι
307 1080 362 1140 ilat
381 1083 469 1157 ὑμεῖς,
486 1068 509 1139 ῶ
528 1080 582 1138 θεοῖ
602 1080 707 1151 κτήσιοι
721 1082 767 1140 καί
786 1080 861 1141 ἑστία
881 1079 992 1162 πατρῴα
1006 1078 1051 1139 καὶ

275 1197 288 1221 ιι
306 1168 438 1247 δαίμονες,
450 1170 473 1228 οί
484 1167 640 1247 κατέχοντες
653 1174 743 1228 τοῦτον
758 1169 802 1228 τόν
820 1170 915 1240 τόπον,
932 1169 1050 1248 χαίρετε.

250 1328 252 1335 Ι
276 1284 289 1311 ιι
307 1257 354 1325 Ὠς
370 1258 398 1317 δέ
415 1261 499 1317 ταῶτα
512 1248 601 1332 εἶπεν,
616 1259 693 1334 ἡμεῖς
711 1257 759 1334 μίν
774 1263 802 1318 αί
812 1259 964 1337 δυστυχεῖς,
979 1258 1009 1325 ἃς
1020 1256 1051 1318 τδ

274 1373 287 1399 ιι
304 1347 386 1414 πάθος
409 1345 505 1426 άπήττι
530 1344 617 1426 φωνάς
637 1343 791 1406 άναύοῶσαι
809 1346 854 1405 καὶ
875 1345 1002 1406 παίουσαι
1016 1345 1051 1406 adr

275 1464 288 1489 ιι
305 1435 400 1508 στήθη,
421 1433 615 1514 περιεχύθημεν
630 1435 701 1514 αὐτῷ
719 1434 779 1501 τούς
794 1433 923 1515 ίσχάτους
946 1436 1051 1494 άσττασ-

275 1553 288 1579 ιι
306 1524 370 1603 μούς
393 1524 582 1600 κομιούμεναι·
604 1526 657 1582 τῶν
689 1522 717 1582 δῖ
741 1523 853 1583 παιδίων
878 1522 977 1583 τούτων
999 1522 1052 1604 ἐγὼ

274 1640 287 1666 ιι
306 1613 353 1692 μίν
366 1612 411 1671 τόν
432 1609 608 1692 πρεσόύτιρον
625 1602 705 1690 ήγον,
726 1617 742 1683 ἡ
764 1611 791 1671 δέ
816 1611 905 1692 μήτηρ
920 1611 964 1672 τδν
986 1612 1052 1671 νεώ-

274 1728 287 1756 ιι
305 1724 378 1782 τερον
394 1690 464 1780 εἶχεν
481 1700 525 1760 ant
538 1703 584 1772 τῆς
599 1701 725 1780 ἀγκάλης·
740 1704 754 1759 ό
769 1700 797 1760 δί
813 1699 991 1781 ἀποστραφείς
1005 1701 1052 1760 καλ

272 1818 285 1845 ιι
300 1791 491 1869 παρωσάμενος
512 1792 603 1865 ἡμᾶς,
627 1781 719 1848 εἶπεν·
745 1787 816 1849 Ούτε
840 1788 884 1856 σδς
911 1790 964 1855 υἱός
991 1789 1050 1862 ἔτι,

272 1904 285 1933 ι
301 1881 400 1959 μῆτερ,
414 1879 488 1936 ἔσται
504 1876 548 1936 τὸν
570 1875 624 1936 άπὸ
638 1878 713 1936 τοῖνδε
727 1877 820 1959 χρόνον
834 1877 965 1957 Μάρκιος,
983 1878 1051 1935 ἀλλὰ

270 1990 284 2017 ιι
299 1963 434 2044 ἀφῄρηταί
456 1987 485 2023 σε
508 1965 552 2024 τόν
576 1964 739 2044 γηρούοσιιδν
754 1972 771 2039 ἡ
787 1966 901 2044 πατρίς·
925 1965 984 2024 οὔτε
1006 1966 1051 2032 σὸς

269 2080 283 2108 ιι
300 2053 368 2134 ἀνὴρ
393 2054 446 2113 ἀπὸ
472 2054 582 2128 ταύτης,
604 2044 626 2113 d
651 2056 837 2134 Οὐολουμνία,
858 2060 907 2128 τῆς
935 2056 1050 2134 ἡμέρας,

269 2171 282 2198 ιι
299 2145 358 2204 ἀλλ’
372 2147 509 2224 εὐτυχοίης
535 2141 623 2225 ἓτερον
637 2146 719 2224 ἄνδρα
736 2147 857 2207 λαθοῦσα
876 2145 1049 2223 εὐδαιμονέσ-

270 2260 283 2285 ιι
297 2257 371 2315 τιρον
386 2237 466 2311 ἐμοῦ·
482 2233 543 2293 οὔτε
556 2237 649 2311 ὐμῶν,
666 2223 688 2292 ῶ
702 2233 783 2293 τέκνα
802 2237 932 2315 φίλτατα,
948 2229 1048 2316 πατὴρ,

270 2349 283 2375 ιι
298 2324 357 2382 ἀλλ’
373 2322 480 2400 ὀρφανοί
496 2320 541 2381 καῖ
558 2321 651 2401 ίρημοι
672 2321 747 2403 παρά
763 2328 870 2392 ταύταις
890 2324 938 2392 ἕως
954 2326 990 2392 είς
1004 2327 1049 2385 άν-

268 2438 282 2466 ιι
297 2414 360 2492 δρας
372 2413 475 2484 ἔλθητε,
489 2410 661 2492 τραφήσεσθε.
705 2411 800 2471 Ταῦτα
826 2412 924 2487 είπὼν,
939 2414 1004 2473 άλλο
1021 2412 1048 2472 δὲ

268 2527 282 2554 ιι
298 2500 369 2561 οὐδέν
385 2500 445 2561 οὐτε
460 2500 660 2577 διοικησάμενος
674 2499 728 2559 οὐτ’
744 2501 893 2568 ίπιστείλας
915 2500 975 2562 οὔτε
986 2501 1048 2560 όποι

268 2617 282 2646 ιι
295 2591 435 2673 πορεύεται
449 2592 565 2672 φράσας,
581 2592 697 2663 ἀπῆλθεν
712 2591 743 2648 ίκ
756 2593 803 2662 τῆς
816 2589 899 2653 octa<
918 2589 995 2665 μόνος
1006 2580 1048 2664 ,όν

269 2706 282 2733 ιι
296 2687 433 2758 γυναῖκες,
448 2680 570 2751 ἄδουλος,
590 2680 705 2758 άπορος,
727 2678 786 2738 οὐδὲ
811 2679 857 2748 τήν
883 2678 1013 2758 ἐφήμερον
1034 2683 1048 2737 ό

268 2794 280 2819 ιι
293 2766 419 2838 δύστηνος
432 2769 463 2824 έκ
477 2770 529 2825 τῶν
545 2770 638 2825 ἑαυτοῦ
659 2768 806 2845 χρημάτων
827 2764 925 2846 τροφήν
949 2767 1046 2846 ῖπαγό·

267 2880 280 2906 ιι
295 2875 381 2927 μενος.
427 2854 481 2914 Καὶ
501 2858 626 2934 τέταρτον
642 2854 759 2914 ῖνιιιυτύν
775 2854 825 2927 ήδη
844 2858 954 2925 τοῦτον,
975 2853 1001 2922 i}
1018 2847 1047 2913 οὐ

267 2970 279 2996 ιι
294 2943 384 3023 φεύγει
400 2945 449 3016 τὴν
467 2943 596 3022 πατρίδα,
613 2944 713 3009 πάντας
727 2949 797 3018 ἡμᾶς
815 2944 966 3022 ἀλλοτρίους
987 2947 1048 3003 iac·

266 3059 279 3084 ιι
294 3036 338 3089 τοῦ
364 3030 511 3106 νενόμικεν,
535 3032 564 3091 οὐ
586 3032 695 3111 γράφων
716 3030 797 3102 οὐδέν,
808 3034 854 3090 οὐκ
868 3031 1044 3108 Cascellium,

267 3146 280 3173 ιι
294 3121 324 3178 οὐ
347 3118 381 3176 τδι
403 3118 465 3199 περὶ
489 3122 560 3196 ἡμᾶς
586 3118 682 3178 εἰδέναι
708 3120 873 3198 βουλόμενος.
917 3121 991 3202 Πρὸς
1013 3121 1045 3192 δή

266 3234 279 3261 ιι
296 3208 419 3282 τοιαύτην
440 3208 528 3289 ψυχὴν
553 3207 622 3268 οὓτω
648 3206 767 3285 σκληρόν
795 3206 841 3266 καῖ
866 3206 998 3288 ἄτρωτον,
1023 3200 1045 3269 ῶ

265 3324 278 3349 ιι
293 3297 447 3378 Οὐαλερία,
470 3296 529 3355 τίνα
544 3295 620 3377 ίσχύν
638 3295 738 3366 ίξουοιν
759 3299 787 3355 αί
807 3295 871 3379 παρ’
884 3301 961 3374 ήμῶν
985 3298 1045 3373 δεή-

265 3376 366 3461 ιι’σεις,
389 3377 430 3454 αῖς
454 3385 514 3446 ούτε
537 3389 687 3464 ἀσπασμῶν
710 3388 866 3463 μετέδωκεν,
882 3386 941 3446 οὔτε
965 3391 1043 3470 φιλη-

265 3501 278 3527 ιι
293 3475 403 3549 μάτων,
436 3473 490 3534 οὔτ’
520 3475 603 3547 άλλης
628 3473 819 3557 φιλοφροσύνης
847 3476 970 3553 οὐδεμιᾶς
995 3476 1043 3550 τὴν

266 3592 279 3618 ιι
294 3563 447 3623 τελευταίαν
461 3563 634 3645 πορευόμενος
644 3566 674 3623 έκ
688 3568 735 3635 τῆς
747 3562 831 3633 οίκίας
843 3564 917 3641 όδόν;

304 3653 392 3714 XLll.
418 3673 432 3710 ιι
450 3650 522 3713 Ἀλλ’
534 3655 556 3711 εί
573 3651 619 3711 καί
639 3651 731 3711 τούτου
746 3653 831 3712 δεῖσθε
848 3654 942 3731 ὑμεῖς,
960 3643 1043 3734 ῶγυ-

264 3770 276 3795 ιι
291 3744 388 3816 ναῖκες,
403 3741 448 3801 καῖ
455 3742 561 3809 πάντως
570 3741 658 3803 θέλετε
670 3742 874 3823 ἀσχημονούσας
887 3749 958 3822 ἡμᾶς
967 3745 1041 3825 ἰδεῖν,

264 3856 277 3883 ιι
294 3828 443 3890 ύπολάύετε
468 3835 592 3909 παρεῖναι
621 3831 686 3911 πρδς
710 3832 787 3892 αὐτὸν
813 3831 885 3908 κάμῖ
906 3834 950 3893 καὶ
972 3836 1044 3896 Οὐο-

265 3946 278 3973 ιι
292 3919 419 3997 λουμνίαν
441 3921 556 3999 ἀγούσας
567 3919 602 3978 τά
623 3920 735 3979 παιδία·
753 3919 826 3988 τίνας
841 3924 891 4003 ἐρῶ
907 3925 1012 4003 πρῶτον
1025 3928 1042 3997 ἡ

265 4032 277 4059 ιι
293 4008 382 4085 μήτηρ
406 4006 459 4085 tyb
477 4007 542 4087 πρὸς
561 4007 639 4068 αύτύν
658 4008 769 4086 λόγους,
798 4009 844 4069 καῖ
872 4009 931 4069 τίνα
954 4011 1043 4082 δέησιν

264 4118 278 4144 ιι
294 4093 439 4172 ποιήσομαι
449 4101 495 4156 τοῶ
509 4098 583 4170 υίοῦς
597 4096 686 4174 λέγετε
700 4096 746 4156 καί
761 4097 899 4156 διδάσκετέ
915 4121 959 4177 με.
976 4099 1044 4159 ‹irat-

264 4206 277 4231 ιι
290 4184 389 4238 σασθαι
403 4185 552 4262 παρακαλῶ
566 4186 618 4242 τῶν
637 4188 731 4244 ἑαυτοῦ
749 4185 884 4260 πολιτῶν,
907 4185 950 4268 ὐφ’
961 4177 998 4247 ῶν
1013 4190 1043 4247 ίκ

264 4296 276 4324 ιι
290 4273 338 4342 τῆς
362 4271 487 4352 πατρίδος
514 4273 669 4344 ἐξελήλαται
690 4273 771 4352 μηδῖν
799 4276 915 4355 ἀδικῶν,
942 4278 1041 4359 οίκτίρ-

263 4385 276 4413 ιι
291 4381 360 4438 μονα
383 4357 410 4417 δύ
430 4359 477 4419 καῖ
498 4368 624 4439 συμπαθῆ
649 4363 713 4442 πρὸς
735 4362 796 4433 τούς
818 4365 974 4442 δημοτικοῖς
997 4391 1042 4447 γε·

263 4476 276 4503 ιι
289 4448 399 4522 νέσθαι,
423 4452 487 4530 παρ’
509 4441 546 4510 ῶν
571 4451 625 4510 οὐτ’
649 4453 721 4513 ίλέου
742 4454 871 4536 μετέσχεν
894 4454 953 4516 ούτι
971 4480 1042 4534 συμ-

263 4563 276 4589 ιι
289 4536 416 4613 παθείαςς
437 4540 622 4616 ἐγκαταλιπιῖν
640 4538 668 4599 δθ
691 4541 743 4621 ἄρα
757 4543 803 4602 καλ
821 4545 963 4622 προδοῦναι
985 4543 1043 4613 τούς

263 4652 276 4681 ιι
290 4627 497 4707 ίποδεξαμένους
508 4629 588 4688 αὐτοῦ
598 4628 647 4702 τλν
660 4634 759 4712 φυγὴν,
771 4630 796 4691 οῖ
810 4629 896 4692 πολλά
909 4632 955 4692 καὶ
970 4633 1041 4692 δεινδι

263 4740 276 4768 ιι
290 4715 448 4785 πεπονθότες
462 4719 508 4775 ὑπ’
523 4717 603 4777 αὐτοῦ
614 4717 740 4798 πρότερον
750 4766 759 4792 ,
770 4720 800 4777 οὐ
814 4720 948 4797 πολεμίων
966 4729 1041 4798 μῖσος

264 4828 277 4858 ιι
292 4804 361 4864 ἀλλά
374 4804 458 4885 φίλων
471 4807 517 4867 καῖ
531 4810 663 4887 συγγενῶν
677 4805 777 4868 εύνοιαν
790 4812 827 4877 είς
846 4806 923 4868 αύτδν
936 4810 1041 4870 άπεδεί·

263 4917 276 4945 c
292 4890 383 4965 ῖαντοι
407 4895 468 4955 τίνα
483 4897 572 4978 ψυχὴν
592 4896 713 4958 λαόοῶσα
729 4896 834 4967 άξιύισω
857 4896 902 4958 τόν
927 4898 981 4960 υίδν
1007 4899 1040 4959 τδ

263 5005 277 5033 ι
292 4981 339 5054 μῖν
350 4982 518 5045 ἀπολέσαντα
533 4987 629 5067 φιλεῖν,
640 4985 675 5046 τά
689 4986 716 5047 δὲ
727 4985 851 5047 σύσαντα
864 4989 978 5063 ἀδικεῖνς
994 4992 1041 5049 οὐκ

263 5092 277 5119 ιι
291 5067 355 5127 tivit
374 5063 445 5133 ούτοι
472 5075 571 5154 μητρδς
595 5074 763 5152 ὑγιαινούσης
786 5075 860 5154 λόγοι
883 5075 948 5156 πρύς
966 5076 1040 5148 υἱόν,

263 5178 277 5206 ιι
292 5154 349 5213 cdii
365 5162 519 5237 γυναικδςά
537 5162 576 5221 δεῖ
589 5163 762 5243 λογιζομένης
776 5163 943 5244 πρδςάνδρα.
961 5163 1039 5237 Μήδῖ

262 5244 364 5323 ιιύμιῐς
377 5249 512 5327 βιάζεσθε,
527 5257 665 5327 γυναῖκτς,
682 5251 700 5309 δ
720 5250 789 5329 μήτε
803 5251 868 5331 πρὸς
887 5251 1040 5332 ἀνθρώπως

773 413 942 477 DIONYSll
963 414 1344 479 HALICARNASSENSIS

1108 577 1121 605 ι
1137 557 1260 623 postulat,
1279 556 1388 622 qnibus,
1403 554 1448 607 nbi
1467 555 1519 605 iam
1537 551 1571 605 ad
1589 553 1690 604 etatem
1711 551 1811 602 virilem
1831 564 1890 615 per·

1108 674 1121 700 ι
1138 655 1268 715 renarint,
1288 654 1324 706 dii
1341 654 1401 705 dent
1413 636 1541 704 tartunam
1557 650 1699 709 meliorem,
1719 662 1796 713 qnam
1813 648 1893 713 patri,

1108 780 1121 806 ιι
1137 759 1258 810 vinulam
1275 773 1323 809 non
1338 758 1489 809 deteriorem
1504 772 1510 803 :
1524 758 1551 807 et
1561 755 1652 806 valete.
1683 762 1741 812 iam
1758 756 1821 805 eninr
1833 754 1890 805 dis·

1107 878 1120 903 ιι
1135 858 1212 920 cedo,
1227 858 1315 908 relicta
1334 856 1410 918 urbe,
1428 855 1576 921 qnasboncs
1589 854 1657 905 ciros
1667 853 1830 918 ampliusnon
1842 867 1891 904 ca·

1107 974 1121 1001 ιι
1137 956 1183 1020 pit.
1217 956 1391 1019 Vosquoque,
1402 953 1439 1003 dii
1458 956 1575 1018 penates,
1590 956 1616 1002 et
1627 952 1693 1001 lares
1708 952 1892 1016 patrii,genii·

1107 1072 1120 1098 ι
1134 1066 1184 1117 que
1198 1052 1274 1103 buius
1289 1052 1336 1102 loci
1352 1049 1581 1115 praelucescente.
1614 1051 1677 1107 Qum
1694 1063 1752 1099 cum
1766 1048 1890 1108 dixisset,

1108 1170 1121 1195 ιι
1136 1144 1247 1201 infeli'oes
1261 1162 1306 1200 nos
1320 1161 1385 1213 quas
1404 1146 1475 1197 dolor
1496 1146 1663 1211 extorquebat
1684 1160 1758 1197 voces
1770 1146 1890 1203 edentm,

1108 1267 1121 1293 ιι
1137 1251 1164 1299 et
1176 1249 1278 1313 pectora
1290 1245 1434 1311 plangentes
1445 1245 1471 1295 in
1480 1244 1536 1296 eius
1546 1245 1677 1309 amplexus
1696 1245 1849 1304 ruebamus,
1862 1250 1892 1294 ut

1108 1363 1121 1388 ιι
1135 1346 1286 1408 postremam
1315 1341 1492 1394 salutationem
1516 1343 1687 1406 acciperemus
1711 1360 1718 1390 ι
1742 1344 1820 1406 atque
1842 1340 1890 1391 hc·

1109 1460 1121 1484 ι
1135 1455 1190 1491 rum
1213 1454 1349 1506 puerorum
1371 1454 1415 1504 ego
1434 1439 1554 1490 maiorem
1573 1443 1635 1491 natu
1652 1439 1792 1500 ducebam,
1810 1442 1893 1489 mater

1108 1553 1195 1589 «vero
1220 1539 1341 1589 minorem
1367 1539 1392 1588 in
1419 1537 1487 1588 ulnis
1512 1537 1635 1602 gestabat.
1679 1540 1712 1587 at
1726 1537 1769 1587 ille
1788 1548 1893 1586 aversus

1109 1655 1121 1679 ιι
1137 1640 1163 1685 et
1179 1634 1250 1685 nobis
1269 1633 1391 1700 repulsis,
1411 1633 1494 1699 inquit
1513 1651 1519 1683 ι
1538 1635 1589 1685 Nec
1603 1633 1663 1692 tibi,
1680 1636 1774 1710 mater,
1787 1632 1891 1697 posthae

1108 1754 1120 1776 ι
1134 1734 1244 1783 Marcius
1255 1733 1303 1783 erit
1314 1732 1381 1783 iliius
1394 1752 1400 1782 ι
1414 1732 1458 1783 sed
1474 1731 1555 1797 patria
1569 1732 1674 1784 abstulit
1690 1732 1736 1783 tibi
1756 1731 1892 1783 senectutis

1107 1851 1119 1872 ι
1136 1831 1299 1891 οιιῑτίίοτοιιι;
1317 1844 1362 1881 nec
1377 1830 1423 1881 tibi
1435 1830 1467 1880 ab
1481 1830 1529 1880 boe
1540 1829 1582 1881 die
1593 1830 1619 1880 in
1633 1833 1777 1895 posterum,
1790 1829 1889 1903 Votum

1107 1946 1121 1973 ιι
1134 1928 1189 1988 nia,
1204 1928 1311 1978 maritus
1323 1929 1385 1990 erit,
1404 1930 1446 1980 sed
1468 1929 1529 1981 felix
1549 1932 1694 1982 estoaiium
1716 1932 1838 1982 maritum
1851 1946 1890 1981 me

1108 2047 1120 2069 ι
1134 2025 1324 2077 fortunatiorem
1347 2033 1439 2090 nacta;
1456 2043 1539 2095 neque
1555 2030 1640 2090 vobis,
1655 2030 1804 2081 ocarisaimi
1825 2030 1887 2079 iiiii!

1108 2144 1120 2169 ι
1135 2128 1205 2189 pater
1219 2139 1262 2175 cro
1272 2162 1278 2184 ,
1290 2125 1335 2176 sed
1350 2125 1406 2176 orbi
1417 2129 1444 2177 et
1462 2127 1494 2178 ab
1507 2128 1624 2179 omnibus
1635 2127 1752 2178 destituti
1765 2126 1829 2191 apud
1841 2127 1890 2176 bas

1107 2244 1120 2269 ι
1136 2238 1215 2289 usque
1225 2224 1257 2275 ad
1267 2225 1367 2276 virilem
1380 2229 1482 2278 aetatem
1493 2228 1671 2280 educabimini.
1706 2230 1763 2279 ileo
1776 2227 1886 2287 locutus,

1108 2343 1120 2367 ι
1135 2338 1214 2389 quum
1233 2338 1279 2374 nec
1292 2323 1345 2373 ullo
1363 2323 1438 2374 modo
1450 2325 1526 2377 rebus
1545 2326 1690 2378 domesticis
1711 2328 1887 2393 prospexisset.

1107 2442 1119 2465 ι
1138 2436 1183 2473 nec
1206 2421 1257 2472 ulla
1278 2420 1396 2472 mandata
1410 2421 1539 2485 dedisset,
1560 2437 1673 2490 necque
1695 2426 1743 2477 iret
1768 2426 1885 2487 dixisset,

1108 2536 1120 2565 ι
1135 2518 1216 2578 solus,
1235 2532 1251 2566 ο
1272 2521 1405 2577 matroma,
1427 2518 1480 2570 aine
1502 2533 1585 2581 servo,
1602 2535 1712 2586 egenus,
1726 2527 1753 2574 et
1769 2537 1800 2573 ne
1813 2524 1887 2575 nnius

1107 2636 1119 2659 ιι
1133 2615 1235 2682 quidem
1269 2615 1319 2666 diei
1343 2616 1433 2666 viatico
1466 2616 1498 2667 de
1522 2618 1576 2668 suis
1602 2620 1715 2683 pecuniis
1743 2624 1885 2684 assumpto,

1106 2733 1118 2757 ι
1134 2714 1210 2764 miser
1222 2712 1264 2763 ille
1280 2712 1355 2763 domo
1368 2712 1492 2765 discessit.
1527 2716 1560 2765 Et
1574 2714 1623 2765 iam
1638 2720 1747 2781 quartam
1757 2722 1797 2768 est
1810 2731 1888 2767 annus

1105 2831 1118 2856 ιι
1135 2826 1167 2862 ex
1176 2824 1227 2875 quo
1238 2810 1262 2860 in
1279 2810 1368 2861 exsilio
1379 2825 1454 2875 agens
1471 2825 1518 2862 nos
1532 2826 1618 2863 omnes
1630 2828 1644 2863 a
1656 2828 1683 2864 se
1694 2814 1790 2866 alienas
1802 2815 1885 2872 ducit:

1104 2928 1117 2952 ιι
1132 2905 1194 2956 nibil
1216 2905 1339 2965 scribens,
1368 2906 1432 2957 nibil
1448 2921 1492 2973 per
1506 2909 1608 2959 nunbos
1630 2911 1747 2971 mittens,
1769 2911 1886 2976 neuquid

1104 3024 1116 3048 ι
1131 3016 1248 3068 agamus,
1274 3004 1338 3054 scire
1357 3018 1455 3055 curans.
1488 3006 1560 3071 Apud
1573 3006 1650 3059 talem
1668 3009 1746 3074 igitur
1759 3011 1886 3071 animum,

1103 3124 1115 3147 ιι
1130 3088 1184 3154 tarn
1203 3103 1296 3154 durum
1310 3106 1337 3154 et
1357 3102 1541 3162 inhumanum,
1567 3119 1645 3170 quam
1666 3106 1734 3166 vim,
1778 3107 1886 3164 Valeria,

1103 3220 1116 3244 ι
1130 3199 1259 3251 habebunt
1277 3213 1362 3265 preces
1378 3204 1487 3262 nostroe,
1507 3216 1587 3266 quum
1611 3202 1683 3253 nobis
1706 3217 1751 3253 nec
1777 3203 1886 3255 salutem

1105 3316 1117 3340 ιι
1134 3296 1242 3357 dixerit,
1260 3309 1307 3347 nec
1322 3297 1409 3347 oscula
1427 3297 1543 3359 dederit,
1559 3312 1605 3351 nec
1619 3300 1699 3350 ullum
1713 3299 1782 3350 alind
1801 3301 1884 3350 comi·

1102 3416 1114 3440 ι
1131 3397 1190 3447 tntis
1212 3410 1290 3462 genus
1304 3397 1461 3458 exhibuerit,
1481 3412 1514 3449 ex
1531 3397 1630 3451 edibus
1645 3403 1781 3451 extremum
1796 3398 1886 3463 digre-

1103 3518 1115 3541 ι
1129 3496 1220 3549 diens?

1132 3662 1207 3711 libii.
1226 3680 1239 3704 ι
1258 3662 1453 3721 verumtamen,
1476 3660 1497 3711 si
1518 3660 1566 3712 boc
1585 3675 1688 3727 qnoque
1710 3676 1756 3713 vos
1780 3663 1882 3728 petitis,

1102 3768 1113 3793 ι
1132 3752 1267 3808 matronas,
1286 3753 1312 3800 et
1332 3749 1433 3800 omnino
1450 3749 1537 3800 vultam
1554 3763 1600 3800 nos
1611 3764 1663 3800 rem
1686 3750 1828 3802 indecoram
1843 3750 1881 3801 ia·

1102 3838 1223 3888 «cientem
1241 3836 1341 3899 videre,
1367 3837 1451 3901 fingite
1472 3851 1512 3889 me
1528 3841 1554 3889 et
1575 3839 1737 3890 Volumniam
1760 3855 1809 3891 una
1823 3852 1880 3890 cnm

1101 3945 1113 3969 ιι
1125 3924 1167 3977 laia
1183 3926 1268 3991 pueris
1279 3925 1347 3991 apud
1370 3940 1428 3977 eum
1441 3941 1511 3986 esse,
1536 3927 1598 3992 quid
1616 3928 1726 3992 primum
1739 3944 1786 3993 ego
1802 3932 1881 3979 mater

1100 4033 1113 4058 ιι
1127 4014 1164 4065 iiii
1185 4015 1287 4066 dicerni
1306 4015 1400 4081 quibus
1414 4016 1531 4081 precibus
1543 4016 1623 4067 tilium
1642 4017 1784 4081 precabor?
1805 4018 1880 4069 dicite

1100 4124 1113 4148 ι
1127 4108 1153 4155 et
1169 4103 1257 4155 docete
1278 4118 1328 4155 me.
1359 4106 1396 4154 in
1421 4096 1637 4163 hortabor'eum,
1659 4108 1687 4155 ut
1710 4105 1764 4155 suia
1784 4104 1880 4156 dvibm

1101 4212 1113 4237 ι
1129 4197 1227 4257 parcat,
1242 4207 1258 4244 a
1274 4194 1368 4259 quibus
1389 4193 1469 4258 patria
1489 4192 1609 4257 expulsus
1624 4197 1676 4253 est,
1698 4193 1775 4259 idque
1787 4194 1879 4245 nullam

1099 4298 1113 4323 ιι
1126 4279 1160 4330 ob
1180 4280 1314 4331 iniuriam?
1327 4294 1358 4331 an
1378 4285 1408 4332 ut
1421 4280 1592 4332 misericordia
1620 4284 1646 4332 et
1666 4282 1880 4333 commiseratione

1099 4384 1111 4410 ι
1124 4368 1278 4432 plebeiorum
1289 4373 1485 4430 commoveatur,
1499 4384 1514 4420 a
1531 4368 1626 4435 quibus
1634 4369 1732 4420 nuliam
1743 4370 1879 4421 miserico*

1099 4474 1111 4498 ι
1126 4456 1193 4506 diam
1211 4461 1256 4507 aut
1273 4459 1513 4510 commiserationem
1530 4459 1664 4524 impetrare
1686 4459 1789 4524 potuit?
1802 4472 1835 4509 an
1851 4462 1879 4508 ut

1098 4548 1222 4600 «deserat
1239 4553 1266 4601 et
1275 4550 1366 4615 prodat
1386 4565 1437 4610 eos,
1456 4551 1578 4617 aquibus
1589 4551 1660 4602 exsui
1685 4551 1878 4602 hmnaniterest

1098 4643 1256 4704 «exceptus,
1275 4640 1320 4705 qui
1343 4641 1430 4691 multis
1445 4644 1472 4691 et
1493 4640 1613 4705 gravibus
1633 4639 1748 4691 cladibus
1768 4643 1828 4691 ante
1847 4638 1878 4689 ab

1098 4747 1111 4773 ι
1125 4727 1170 4778 iilo
1181 4726 1282 4790 allecti,
1303 4728 1372 4779 baud
1388 4732 1471 4780 tamen
1487 4729 1578 4781 hostile
1595 4729 1702 4788 odium,
1719 4728 1765 4780 sed
1783 4729 1875 4779 amico·

1097 4837 1109 4861 ιι
1122 4833 1179 4869 rum
1197 4821 1224 4869 et
1240 4822 1402 4883 cognatorum
1423 4818 1623 4871 benevolentiam
1643 4834 1702 4885 erga
1721 4832 1782 4869 eum
1793 4821 1877 4869 naim·

1096 4926 1109 4952 ιι
1123 4907 1233 4959 derunt?
1247 4922 1299 4974 quo
1314 4907 1397 4959 animo
1411 4908 1491 4959 tilium
1510 4907 1618 4973 rogabo,
1632 4911 1661 4959 ut
1677 4921 1738 4971 eos,
1752 4922 1768 4959 a
1784 4906 1876 4973 quibus
1954 4932 1957 4941 ·

1097 5013 1110 5039 ι
1123 4996 1300 5059 perditricem,
1316 5000 1392 5057 amet,
1410 4996 1461 5047 iilis
1476 5010 1580 5056 vero,a
1596 4997 1690 5062 quibus
1714 4996 1822 5048 salutem
1836 5008 1875 5046 ac·

1097 5101 1110 5127 ιι
1127 5084 1206 5149 cepit,
1227 5084 1344 5136 iniuriam
1361 5082 1455 5137 saciati
1473 5087 1527 5136 Non
1548 5088 1607 5136 sunt
1620 5085 1676 5136 brec
1691 5085 1771 5137 verba
1787 5084 1874 5137 matris

1097 5192 1110 5218 ι
1122 5186 1182 5225 sana
1200 5178 1284 5226 mente
1302 5174 1417 5239 predita
1426 5174 1459 5225 ad
1477 5174 1572 5236 tilium,
1583 5188 1630 5225 nee
1643 5174 1743 5236 uxoris,
1754 5189 1800 5238 ea,
1815 5186 1873 5240 qua

1097 5264 1220 5326 «oportet
1238 5261 1434 5326 considerantia,
1456 5262 1489 5315 ad
1513 5261 1642 5316 maritum.
1675 5264 1727 5316 uec
1744 5276 1803 5327 ras,
1817 5276 1873 5316 ma·
