4034 5922
605 420 899 494 ANTIQUITATUM
922 426 1075 489 hohan.
1102 430 1175 492 LlB.
1199 433 1222 492 1.
1682 446 1719 504 ld

122 554 135 607 δ
146 554 220 625 μῦθος
231 549 299 629 ἔχει.
341 545 429 629 Ἕκτῃ
444 550 467 608 δ’
478 549 585 631 ῦστερον
602 563 679 633 γενεᾷ
691 553 889 626 Πελοπόννησον

122 637 263 704 ἐκλιπόντες
275 639 314 706 είς
323 637 369 708 τὴν
384 639 444 698 τότε
459 638 508 715 μὲν
521 642 665 716 Αἱμονίαν,
681 649 725 701 νῦν
741 642 768 703 δὲ
782 646 889 703 Θεττα-

120 727 172 785 λίαν
199 726 397 802 ὀνομαζομένην
422 728 633 804 μετανέστησαν·
657 734 768 807 ἡγοῦντο
796 731 823 790 δέ
844 737 890 803 τῆς

119 813 234 880 ἀποικίας
246 812 351 893 Ἀχαιὸς
364 815 410 873 καί
425 818 508 883 Φθῖος
522 817 568 874 καί
582 820 719 896 Πελασγὸς
733 822 757 878 οί
771 822 889 900 Λαρίσης

87 930 97 965 ε
117 906 158 962 καὶ
175 904 342 970 Ποσειδῶνας
355 904 418 964 olai.
462 903 628 986 Ἀφικόμενοι
643 906 666 966 δ’
686 911 722 976 εἷς
736 909 782 981 τὴν
801 914 888 987 Αίμο·

116 991 168 1050 νίαν
181 992 239 1059 τούς
250 1014 281 1050 τε
294 997 484 1059 κατοικοῦντας
497 997 523 1053 ἐν
535 996 603 1074 αὐτῇ
619 994 765 1077 βαρῦάρους
779 996 888 1066 ἐξελαύ-

117 1103 196 1153 νουσι,
211 1081 257 1139 καί
273 1079 402 1157 νέμονται
415 1080 464 1151 τὴν
489 1081 579 1161 χῶραν
600 1087 696 1164 τριχῇ,
713 1085 766 1151 τοῖς
777 1086 887 1164 ἡγεμόσι

115 1168 266 1238 ποιήσαντες
283 1167 440 1246 ὁμωνύμους
454 1169 500 1235 τάς
526 1173 635 1251 μοίρας,
652 1174 769 1233 Φθιῶτιν
781 1174 827 1234 καί
839 1173 887 1234 Ἂν·

115 1256 187 1336 χαίαν
201 1261 248 1317 καί
268 1261 465 1336 Πελασγιῶτιν.
510 1260 592 1320 Πέντε
607 1260 634 1320 δὲ
650 1261 784 1339 μείναντες
799 1266 887 1324 αὐτόθι

78 1367 95 1403 ιο
115 1346 209 1425 γιντδς,
227 1348 255 1404 ἐν
270 1337 314 1414 αἶς
323 1346 368 1406 ε’πί
384 1347 514 1422 μήκιστον
528 1350 649 1428 εὐτυχίας
658 1349 762 1409 έλασαν
773 1352 807 1411 τδι
820 1354 886 1432 κρά·

43 1500 44 1511 γ
115 1457 185 1493 τιστα
198 1437 250 1493 τῶν
264 1437 292 1493 ἐν
307 1440 342 1514 τῇ
362 1436 497 1516 Θετταλίᾳ
509 1437 608 1495 πεδίων
621 1438 811 1518 καρπούμενοι,
825 1443 886 1520 περί

113 1523 155 1595 alp
164 1523 242 1595 έκτην
253 1524 354 1602 γενεδιν
365 1523 546 1591 ίξελαύνονται
556 1528 702 1594 Θετταλίας
715 1528 766 1588 ὑπό
777 1552 805 1586 τε
817 1532 886 1589 Κου·

116 1617 190 1688 ρητιον
199 1611 244 1670 καὶ
251 1611 392 1687 Λελέγων,
403 1610 429 1670 οἳ
436 1617 481 1669 νῦν
491 1614 606 1674 Αἰτωλοί
612 1613 657 1673 καί
666 1614 764 1692 Λοκροί
773 1618 885 1677 καλοῦν·

43 1736 44 1781 γ
115 1723 160 1772 ται,
167 1701 210 1758 καί
220 1704 328 1779 συχνῶν
335 1699 424 1759 άλλων
432 1705 484 1759 τῶν
493 1703 554 1783 περί
563 1702 607 1761 τὸν
619 1704 776 1782 Παρνασσὸν
784 1707 884 1766 οἰκούν-

43 1784 44 1837 ί
80 1809 97 1846 ιε
115 1812 171 1862 των,
180 1786 334 1866 ἡγουμένω
346 1792 397 1846 τῶν
412 1789 544 1866 πολεμίοιν
559 1792 739 1858 Δευκαλίωνος
750 1798 794 1851 τοῦ
808 1796 885 1873 Προ-

114 1876 221 1953 μηθέως,
233 1876 338 1955 μητρὸς
351 1877 380 1934 δδ
394 1878 531 1954 Κλυμένης
542 1882 589 1949 τῆς
602 1878 741 1941 Ὠκεανοῦ.

146 1967 240 2027 lillll.
256 1964 452 2033 Σκεδασθέντες
467 1966 493 2024 δὲ
509 1966 577 2024 κατά
587 1968 634 2039 τὴν
644 1967 729 2044 φυγὴν
744 1971 768 2029 οἱ
783 1967 831 2046 μὲν
846 1973 883 2037 εἰς

116 2054 209 2134 Κρήτην
222 2056 363 2127 ἀπῆλθον,
381 2056 405 2112 οἱ
423 2055 451 2114 δὲ
465 2059 516 2113 τῶν
534 2055 678 2116 Κυκλάδων
702 2057 789 2128 νήσων
812 2059 884 2126 τινάς

114 2143 239 2221 κατέσχον,
250 2146 275 2202 οῖ
287 2144 318 2200 δὲ
326 2141 373 2212 τὴν
384 2142 443 2222 περί
452 2143 497 2200 τὸν
508 2140 649 2221 Ὄλυμπόν
662 2167 689 2203 τε
701 2144 746 2203 καί
758 2146 805 2217 τὴν
814 2142 885 2206 'Oo-

79 2248 98 2285 ιν
115 2254 169 2307 σαν,
179 2230 348 2307 καλουμένην
361 2232 383 2289 δ’
398 2229 566 2291 Ἑστιαιῶτιν
581 2229 702 2310 ᾤκησαν,
717 2233 792 2292 ἄλλοι
808 2234 832 2292 δ’
846 2233 883 2302 είς

113 2342 136 2378 τι
148 2319 273 2379 Βοιωτίαν
287 2318 338 2379 καί
352 2318 465 2379 Φωκίδα
476 2319 521 2378 καί
533 2318 650 2380 Εὐῦοιαν
665 2320 878 2399 διεκομίσθησαν·

115 2411 134 2466 αἱ
151 2405 174 2464 δ’
188 2409 222 2474 είς
236 2407 285 2479 τὴν
299 2406 392 2467 Ἀσίαν
411 2406 599 2486 περαιωθέντες
612 2411 660 2477 τῆς
678 2408 739 2485 περὶ
756 2411 800 2467 τὀν
814 2409 883 2470 Ἑλ·

115 2498 252 2568 λήστοντον
266 2498 405 2576 παραλίου
420 2496 506 2554 πολλὰ
519 2499 604 2576 χωρία
617 2496 757 2576 κατέσχον,
772 2497 818 2557 καί
832 2502 884 2558 τῶν

116 2585 310 2664 παρακειμένων
333 2586 400 2665 αὐτῗΙ
413 2584 501 2656 νήσων
526 2586 607 2652 ἄλλας
621 2609 651 2645 τε
665 2584 763 2666 συχνάς
777 2588 823 2646 καί
837 2585 885 2658 τὴν

78 2696 95 2731 n
116 2679 156 2732 νῦν
175 2674 346 2752 καλουμένην
372 2672 486 2746 hirtos,
511 2674 700 2754 ἀναμιχθέντες
715 2682 768 2740 τοῖς
789 2678 819 2734 ἐκ
840 2679 886 2746 τῆς

117 2760 234 2830 ’λλλάδος
250 2764 394 2822 στέλλουσι
416 2761 464 2831 τὴν
484 2761 592 2841 πρώτην
608 2762 732 2821 ἀποικίαν
748 2765 785 2831 τίς
804 2761 885 2834 αὐτὴν

116 2852 212 2930 ἄγοντος
224 2854 359 2931 Μάκαρος
375 2856 423 2909 τοῦ
439 2850 575 2931 Κρισαίου.
616 2850 694 2909 Τὀδί
704 2854 826 2911 πλεῖστον
841 2854 886 2910 αὐ·

116 2944 160 2998 τῶν
174 2940 248 3020 μέρος
268 2940 319 2999 δεδι
332 2943 380 3011 τῆς
396 2937 534 3016 μεσογείου
553 2939 714 3018 τραπόμενοι
740 2939 805 3084 πρὸς
827 2939 886 3006 τούς

43 3064 44 3067 =
116 3030 139 3084 ἐν
152 3029 260 3107 Δωδώνη
273 3032 465 3094 κατοικοῦντας
484 3030 555 3108 σιρῶν
581 3035 728 3106 συγγενεῖς,
749 3028 884 3095 οςούδεὶς

43 3138 44 3147 ²
79 3142 99 3177 n
117 3115 180 3186 ἠξίου
199 3118 317 3195 πολεμον
334 3116 465 3195 ἐπιρίρειν
479 3119 519 3182 ῶς
531 3117 630 3194 ἱεροῖς,
654 3116 747 3196 χρόνον
767 3113 814 3192 μέν
826 3138 884 3174 τινα

117 3202 251 3285 σίμμετρον
265 3202 360 3263 αὐτόθι
373 3200 523 3284 διέτριψαν·
538 3202 596 3262 ἐπεὶ
621 3203 649 3262 δέ
671 3201 784 3282 λυπηροί
798 3206 885 3271 αὐτοῖς

116 3292 176 3360 όντις
189 3295 352 3372 ᾐσθάνοντο,
369 3294 419 3371 οὐχ
434 3295 526 3362 ίκανῆς
549 3289 628 3364 οὔσης
647 3290 766 3359 ἅπαντας
781 3291 883 3371 τρέφειν

118 3382 157 3451 τῆς
168 3386 227 3459 γῆς,
244 3380 401 3442 ἐκλείπουσι
415 3381 464 3453 τὴν
486 3380 577 3460 χώραν
603 3383 719 3460 χρησμῷ
735 3381 884 3455 πειθόμενοι

118 3470 232 3528 κελεύοντι
243 3475 323 3532 πλεῖν
338 3472 372 3534 εἷς
383 3467 511 3541 Ἰταλίαν,
523 3468 541 3539 ἢ
552 3470 610 3527 τότε
624 3467 882 3548 Σατορνίαέλέγετο.

80 3578 99 3613 ιι
121 3556 376 3633 Κατασκευασάμενοι
387 3555 413 3616 δέ
424 3562 485 3623 ναῦς
494 3554 593 3622 πολλάς
602 3555 821 3636 περαιοῦνταιτδν
832 3556 884 3617 Ἰό·

43 3714 44 3717 ρ
119 3665 183 3715 νιον,
198 3645 313 3714 σπουδὴν
331 3641 380 3721 μέν
392 3644 543 3719 ποιούμενοι
556 3649 608 3703 τῶν
624 3644 731 3722 ἔγγιστα
746 3650 792 3718 τῆς
810 3643 882 3703 Ἰτα-

120 3729 172 3796 λίας
182 3729 293 3812 άίρασθαι
307 3733 429 3812 χωρίων·
446 3730 497 3792 ῦπδ
512 3731 540 3789 δὲ
566 3731 650 3790 νοτίου
672 3731 818 3808 πνεύματος
838 3733 884 3791 καί

121 3819 216 3894 ἀγνοίας
227 3825 279 3881 τῶν
290 3820 379 3881 τόπων
391 3819 578 3900 μετεωρότεροι
592 3819 747 3900 ἐνεχθέντες,
761 3820 806 3879 καί
820 3819 884 3900 πρὸς

120 3908 152 3963 τῶ
164 3908 197 3967 tvl
209 3912 258 3969 τῶν
281 3914 327 3967 τοῦ
347 3908 440 3969 Πάδου
464 3910 602 3985 στομάτων
624 3910 795 3988 ὁρμισάμενοι
810 3909 882 3968 Σπι-

82 4004 101 4041 to
121 3996 170 4065 νῆτι
189 3996 357 4078 καλουμένῳ,
374 4001 437 4064 ναῦς
457 3994 505 4074 μέν
531 3995 614 4074 ταύτῃ
636 3996 825 4054 καταλείπουσι
839 3994 883 4054 καί

122 4080 158 4141 τθν
173 4083 263 4154 ἥκιστα
285 4087 429 4163 δυνάμενον
451 4088 628 4166 ταλαιπωρεῖν
649 4081 728 4164 ὄχλον
735 4127 744 4159 ,
766 4084 883 4163 φυλακὴν

121 4169 186 4230 αὐτοῦ
201 4171 432 4246 καταστήσαντες,
450 4176 486 4240 ῶς
508 4172 592 4253 ἔχοιεν
619 4173 641 4230 εί
669 4170 706 4247 μὴ
729 4170 883 4251 προχωροίη

123 4258 183 4338 πρίει
203 4263 235 4323 rt
262 4263 410 4344 πράγματα
432 4260 597 4341 καταφυγήν.
641 4261 695 4320 Καὶ
710 4263 734 4318 οἱ
755 4259 802 4336 μέν
821 4263 884 4319 θπο-

123 4346 239 4421 μείναντες
254 4352 281 4409 ἐν
300 4350 385 4432 τούτῳ
410 4351 449 4429 τῷ
476 4351 585 4429 χωρίῳ,
606 4356 691 4428 τεῖχος
718 4353 756 4428 τῷ
771 4370 883 4428 στρατο-

83 4430 182 4514 θπέδῳ
201 4438 404 4520 περιθαλόμενοι
428 4438 474 4497 καί
500 4440 555 4503 ταῖς
576 4438 669 4496 ναυσίν
686 4435 883 4512 εἰσκομίσαντες

122 4519 161 4588 ἴθι
176 4528 209 4594 εἰς
219 4529 262 4586 τὸν
279 4525 335 4607 βίον
351 4526 489 4607 εὐπορίας,
503 4525 593 4598 ἐπειδὴ
612 4524 681 4583 κατδι
699 4526 808 4602 γνώμην
824 4524 883 4583 ἐδό-

121 4628 155 4666 τιι
166 4615 245 4683 αὐτοῖς
259 4623 356 4695 χωρεῖν
370 4615 403 4673 τδι
418 4615 578 4695 πράγματα,
597 4613 672 4671 πολιν
686 4612 792 4671 ἔκτισαν
808 4611 882 4689 δμώ-

123 4714 190 4771 with
205 4706 241 4781 τιῖι
263 4701 377 4776 στόματι
394 4706 440 4760 τοῦ
456 4705 597 4778 ποταμοῦ·
611 4699 759 4778 εὐτύχησάν
780 4722 809 4756 τε
827 4699 881 4775 μά-

122 4780 188 4844 λιστα
200 4793 247 4848 τῶν
260 4791 322 4869 περί
335 4790 378 4848 τὸν
390 4789 481 4849 Ἰόνιον
492 4790 630 4848 οἰκούντων
641 4791 884 4865 θαλαττοκρατοῦν-

85 4865 104 4901 ¹⁰
124 4874 220 4955 ῖῑεᾶχρι
231 4880 340 4951 πολλοῦ,
354 4878 399 4936 καί
415 4878 527 4944 δεκάτας
544 4880 580 4943 τίς
599 4876 715 4959 Δελιρούς
732 4878 829 4951 άνῆγον
843 4879 882 4957 τῷ

124 4960 167 5037 θεῷ
181 4964 239 5042 [καί]
252 4969 305 5024 τῶν
317 4965 424 5036 άπδτῆς
434 4964 564 5033 θαλάττης
572 4965 716 5045 ὠρελειῶν,
726 4962 799 5041 εἴπερ
814 4961 881 5031 τινές

126 5045 162 5103 καί
174 5050 259 5127 ἄλλοι,
274 5054 473 5134 λαμπροτάτας.
515 5050 646 5131 Ὕστερον
661 5051 763 5128 μέντοι,
779 5050 882 5131 μεγάλη

124 5134 183 5215 χειρί
191 5142 238 5199 τῶν
250 5142 459 5220 προσοικούντων
471 5140 612 5221 βαρθάρων
622 5138 881 5220 ἐπιστρατευσάντων

124 5220 208 5299 αθῐθῖε,
218 5230 332 5299 ἐξέλιπον
339 5227 386 5302 τὴν
398 5231 483 5289 πόλιν·
494 5231 518 5288 ol
526 5228 553 5288 δέ
566 5227 695 5310 βάρύαροι
707 5227 775 5306 μετὰ
786 5225 879 5308 χρόνον

944 568 1084 627 concubuit.
1103 573 1132 619 ut
1153 570 1243 622 tabulis
1267 573 1385 636 proditur.
1418 576 1541 640 Sertaque
1568 583 1720 644 postulate

945 657 1111 722 Peloponneso
1144 660 1236 722 relicta,
1264 662 1287 710 iu
1310 666 1399 713 terram
1429 679 1485 727 quin
1511 669 1570 717 tuno
1592 672 1724 722 llnruonla

943 750 1120 813 appellabatur,
1142 766 1207 802 nuuc
1222 766 1281 803 vero
1296 755 1422 806 Thessalia
1438 763 1557 819 vocatur,
1573 762 1717 825 migrarunt.

944 841 1051 891 Coloniae
1064 845 1148 892 autern
1159 843 1237 893 dures
1246 849 1318 894 eraut
1328 846 1466 899 habenam
1475 850 1581 902 Phthius
1591 853 1717 917 Pelasgus·

942 945 1000 997 que,
1017 933 1120 985 Larissae
1139 937 1164 985 et
1183 938 1290 999 Neptuni
1303 937 1345 987 hlii
1366 940 1430 1004 :qui
1447 941 1471 990 in
1492 945 1643 994 flamonium
1660 960 1717 1012 pro·

943 1027 1000 1079 lecti
1019 1028 1138 1079 barbaros
1155 1030 1209 1079 eius
1229 1035 1302 1082 terrae
1313 1033 1404 1084 incolas
1417 1037 1579 1100 expulerunt,
1593 1045 1618 1091 et
1631 1056 1718 1104 agrurn

941 1120 1061 1171 laisarjam
1073 1121 1227 1183 dirlsemnt3
1250 1137 1341 1188 easque
1363 1130 1445 1191 partes
1459 1142 1475 1177 a
1491 1131 1591 1183 coloniae
1611 1134 1717 1185 ducibus

941 1213 1070 1264 Phthiotiu
1094 1218 1121 1266 et
1146 1216 1265 1267 achalam
1294 1222 1321 1268 et
1344 1220 1488 1283 Pelasgiotin
1516 1222 1713 1278 denominuunt.

943 1307 1005 1357 Cum
1032 1311 1113 1357 autem
1145 1310 1254 1374 quinque
1280 1313 1367 1361 estates
1388 1311 1423 1362 ibi
1444 1315 1604 1376 mansissent,
1625 1319 1715 1381 qubius

940 1407 971 1456 ad
987 1419 1109 1457 summam
1122 1407 1261 1458 felicitatem
1282 1409 1392 1471 provecti
1408 1414 1479 1471 sunt,
1500 1411 1596 1462 lructus
1610 1428 1640 1463 ex
1657 1428 1718 1478 prm-

940 1501 1098 1550 stantissimis
1108 1500 1242 1551 Thessaliae
1255 1502 1349 1564 campis
1361 1502 1531 1566 percipientes,
1546 1505 1613 1556 circa
1624 1510 1719 1557 sextam

939 1594 1038 1642 aetatem
1049 1591 1106 1643 inde
1120 1593 1217 1657 expulsi
1230 1596 1287 1642 suut
1303 1607 1318 1642 a
1335 1594 1464 1644 Curetibus
1481 1598 1507 1647 et
1524 1596 1661 1659 Leleglbus,
1675 1601 1717 1663 qui

940 1699 1005 1735 nunc
1016 1686 1088 1736 AEtoli
1098 1690 1122 1736 et
1132 1686 1203 1736 Locri
1214 1690 1342 1747 vocantur,
1349 1686 1453 1752 aliisque
1464 1688 1548 1739 multis
1554 1691 1665 1740 Parnassi
1673 1705 1718 1741 ac-

939 1778 1008 1838 colis,
1022 1777 1100 1828 ductu
1107 1779 1262 1829 Deucalionis
1271 1778 1313 1828 filli
1323 1780 1461 1830 Promethei
1473 1783 1498 1830 et
1506 1780 1634 1843 Clymenes
1641 1787 1716 1834 Ocea·

939 1871 963 1920 ui
977 1871 1043 1922 tilios.

970 1969 1061 2018 thlll.
1081 1970 1144 2023 Cum
1161 1969 1278 2018 antemio
1290 1967 1343 2031 ipsa
1359 1967 1416 2031 luga
1435 1968 1613 2032 dissiparentur
1625 1969 1666 2021 alii
1677 1984 1718 2021 eo-

943 2082 1000 2118 rum
1019 2069 1043 2119 in
1057 2069 1156 2119 Cretam
1169 2068 1282 2119 abierunt
1299 2090 1305 2118 ε
1320 2068 1360 2118 alii
1383 2070 1515 2132 cycladum
1527 2070 1655 2120 nonnullas
1674 2084 1718 2120 oc-

939 2172 1059 2232 cuparunt
1080 2187 1087 2218 r
1105 2167 1145 2219 alii
1166 2168 1233 2219 circa
1242 2169 1374 2233 olympum
1389 2171 1416 2218 et
1432 2172 1520 2219 ossam
1535 2169 1560 2219 iu
1576 2183 1606 2220 ea
1621 2170 1718 2233 regione

938 2280 995 2332 quoe
1013 2268 1154 2318 Heahaeotis
1164 2271 1269 2318 vocatur
1279 2266 1351 2318 sedes
1368 2273 1505 2332 posueruut
1522 2289 1529 2319 ι
1544 2269 1584 2319 alii
1601 2270 1625 2319 iu
1645 2271 1717 2320 Boeo·
1771 2296 1775 2301 ·

939 2368 1016 2428 tiam,
1040 2367 1192 2430 Phocidem,
1213 2369 1331 2420 Eubnam
1352 2369 1428 2420 delati
1449 2373 1508 2419 suut
1522 2391 1528 2420 ι
1544 2370 1593 2429 αΙῖί,
1613 2383 1670 2421 cum
1693 2372 1719 2422 iu

939 2468 1022 2519 haiam
1045 2467 1209 2525 traiecissent,
1231 2469 1297 2520 circa
1321 2470 1506 2534 Hellespontum
1533 2470 1612 2522 ruultu
1635 2474 1714 2524 mari·

939 2570 999 2619 tima
1019 2570 1074 2619 loca
1089 2575 1249 2634 occuparunt,
1263 2573 1289 2620 et
1311 2585 1343 2621 ex
1366 2571 1451 2621 insulis
1473 2571 1644 2623 adiacentibus
1657 2587 1716 2624 eum

939 2664 1031 2715 multas
1043 2664 1113 2724 alias,
1132 2669 1253 2716 tumeam
1266 2679 1398 2728 quaeuunc
1410 2666 1502 2717 Lesbos
1519 2671 1630 2731 vocatur,
1644 2668 1716 2720 mixti
1767 2704 1770 2711 ,

939 2772 1039 2834 creos,
1059 2771 1102 2835 qui
1130 2771 1234 2834 primam
1256 2771 1376 2822 coloniam
1396 2772 1477 2822 ductu
1501 2773 1607 2824 Macaria
1628 2774 1716 2824 criasti

938 2874 981 2924 tilii
992 2887 1023 2926 eo
1042 2873 1205 2925 deducebant.
1239 2874 1286 2924 Sed
1303 2888 1362 2925 cum
1373 2877 1482 2926 maxima
1503 2889 1589 2927 eorum
1600 2890 1660 2941 para
1671 2890 1715 2941 per

938 2977 992 3027 loca
1004 2976 1185 3027 mediterranea
1198 2988 1226 3026 se
1247 2976 1390 3027 contulisset
1402 2976 1436 3027 ad
1451 2976 1591 3028 Dodonaeos
1606 2978 1716 3042 ipsorum

939 3082 1062 3141 ooprnatoa,
1072 3078 1161 3142 qulbus
1170 3080 1199 3129 ut
1210 3079 1481 3131 sanctionemobellum
1495 3080 1584 3131 inlerre
1593 3081 1631 3131 las
1639 3080 1715 3132 duce·

937 3185 989 3246 bat,
999 3184 1126 3237 modicum
1136 3184 1262 3250 quoddam
1269 3188 1369 3251 ternpus
1381 3186 1415 3236 lbi
1428 3189 1485 3237 sunt
1494 3187 1635 3237 commorati
1651 3205 1658 3236 ι
1673 3186 1715 3237 sed

938 3286 982 3336 ubi
1005 3299 1048 3336 eos
1069 3300 1084 3335 a
1107 3298 1134 3336 se
1150 3286 1246 3349 gravari
1262 3289 1404 3347 senserunt,
1428 3286 1495 3350 quod
1519 3289 1586 3337 terra
1604 3286 1716 3336 omnibus

939 3388 1034 3438 alendis
1046 3400 1095 3437 non
1107 3386 1246 3450 sullloeret,
1257 3400 1311 3438 earn
1330 3388 1453 3451 regionem
1466 3388 1626 3450 reliquerunt,
1638 3387 1715 3438 secuti

938 3492 1076 3553 oraculum,
1090 3505 1140 3555 quo
1152 3492 1302 3543 iubebantur
1314 3494 1339 3541 iu
1350 3491 1514 3554 Italiamque
1527 3493 1588 3541 tunc
1601 3491 1715 3542 Saturnia

937 3594 1074 3644 vocabatur
1088 3595 1209 3657 navigare.
1243 3595 1326 3651 Quare
1335 3592 1427 3657 paratis
1436 3591 1520 3642 multis
1531 3591 1633 3640 naribus
1648 3604 1715 3639 mare

939 3695 1034 3745 lonium
1062 3696 1224 3755 traiecerunt,
1245 3707 1314 3743 orem
1338 3695 1476 3758 proxlmam
1496 3692 1572 3741 ltaliae
1597 3691 1714 3752 attingere

937 3793 1131 3844 contendentes:
1147 3794 1189 3844 scd
1208 3794 1241 3845 ab
1255 3796 1339 3843 austro
1353 3794 1463 3845 locorum
1476 3793 1553 3856 ignari
1567 3793 1591 3841 in
1602 3791 1713 3854 superio·

937 3909 991 3945 reru
1001 3893 1309 3958 partemdelati,aduuuru
1318 3895 1376 3945 Padi
1386 3894 1487 3954 ostium,
1497 3892 1622 3956 spinetum
1632 3891 1712 3955 appel·

936 3998 1030 4050 latum.
1047 3994 1207 4062 appulerunt,
1217 3999 1242 4047 et
1254 4008 1330 4046 nares
1339 3995 1363 4044 in
1373 3994 1420 4043 hoc
1434 3993 1488 4056 ipso
1496 3993 1551 4042 loco
1563 3991 1715 4055 reliquerunt

936 4101 1084 4165 turbamque
1101 4099 1227 4150 laboribus
1243 4097 1350 4150 terendis
1363 4096 1464 4145 minime
1479 4106 1578 4158 parem,
1598 4089 1714 4143 collocato

939 4204 972 4255 ibi
986 4202 1108 4267 prasidio,
1125 4202 1182 4252 utsi
1192 4214 1233 4252 rea
1248 4198 1296 4251 sibl
1309 4199 1392 4248 miuus
1411 4195 1572 4248 succederent
1592 4195 1714 4259 reludunt

936 4305 1061 4355 habereut.
1095 4304 1145 4363 Qui
1170 4317 1229 4353 vero
1254 4303 1278 4351 in
1301 4314 1331 4350 eo
1357 4299 1412 4349 laco
1434 4299 1617 4350 remanserunt.
1632 4298 1715 4346 eastra

937 4405 1016 4456 muris
1028 4407 1160 4456 οἱτιιετιιιιι
1180 4406 1205 4454 ot
1224 4416 1264 4453 res
1282 4400 1315 4451 ad
1332 4399 1425 4450 rictum
1444 4399 1596 4450 necessarias
1610 4396 1714 4446 naribus

936 4508 1034 4559 abunde
1047 4487 1226 4571 importunuutr
1241 4507 1325 4566 atque,
1339 4515 1396 4552 cum
1411 4515 1452 4551 res
1465 4499 1582 4551 exanimi
1596 4497 1715 4547 sententia

937 4610 982 4661 sibi
997 4608 1129 4660 succedere
1150 4605 1331 4667 existimarent,
1355 4604 1442 4654 urbem
1463 4602 1526 4651 ostio
1540 4596 1650 4648 huminis
1671 4609 1713 4648 eo·

936 4711 1074 4776 guomlnem
1099 4708 1272 4769 condiderunt,
1292 4711 1318 4757 et
1333 4702 1520 4756 fortunatissimi
1544 4702 1643 4752 fuerunt
1659 4714 1713 4750 oru-

936 4815 1006 4865 nium
1018 4812 1088 4862 sinus
1099 4809 1162 4860 lonii
1176 4808 1331 4870 accolarum,
1345 4806 1388 4857 diu
1400 4804 1476 4855 ruaris
1485 4800 1615 4866 imperium
1629 4803 1713 4850 tenen·

936 4923 988 4984 tes,
1011 4922 1038 4969 et
1059 4916 1170 4967 decimas
1191 4928 1222 4965 ex
1236 4912 1365 4964 maritimis
1388 4908 1551 4975 proventibus
1568 4905 1590 4955 si
1609 4906 1651 4969 qui
1671 4903 1714 4954 alii

937 5022 1148 5090 splendidissimas
1165 5020 1275 5083 Delphos
1286 5018 1333 5068 deo
1346 5016 1484 5069 mittebant.
1524 5015 1615 5062 Postea
1628 5014 1712 5060 tamen

936 5137 993 5174 cum
1008 5121 1107 5174 barbari
1127 5121 1219 5171 accolae
1244 5132 1330 5182 mepta
1352 5128 1428 5166 meno
1446 5113 1538 5163 bellum
1557 5110 1593 5161 eis
1617 5108 1714 5158 intulis·

938 5234 1005 5294 sent,
1025 5228 1113 5282 urbem
1131 5227 1295 5279 deseruerunt
1315 5220 1437 5274 :barbari
1455 5230 1515 5271 raro
1530 5220 1614 5283 postea
1634 5227 1649 5265 a
1664 5214 1708 5264 lio·
