4052 5926
277 384 344 443 aaa
783 377 960 446 ‚uronrsn
986 332 1359 438 uanrcnuunssnnsis

280 526 301 568 ἰ
317 537 369 582 τις.
393 512 447 575 Καί
461 512 515 573 οὐδ’
528 516 545 583 ἡ
558 509 738 592 φιλανθρωπία
752 513 803 568 τῶν
817 509 901 584 λόγων
917 507 950 580 ἣν
964 507 1050 567 πλάτ-

288 627 301 656 a
318 607 390 662 ’τεσθε
402 601 465 680 πρὸς
473 599 516 658 τὸν
527 599 643 677 παρόντα
652 598 751 677 καιρόν,
764 596 823 656 oili
836 596 865 655 τό
879 594 1049 673 προσποίημα

279 700 305 748 ἰι
318 693 391 764 ἀμῶν
404 692 450 758 τῆς
464 689 538 765 δεῦρο
555 685 662 767 ἀφίξεως
682 683 750 762 ὑγιές
771 684 850 755 ἐστιν,
865 681 933 741 ἀλλά
954 681 1048 759 μεστόν

289 803 302 830 ι
317 778 393 835 δολσυ
416 774 460 834 καί
477 774 591 846 ἀπάτης.
613 775 655 833 (lt
674 772 726 851 γάρ
748 768 970 845 συνησθησόμενοι
995 777 1048 837 τοῖς

245 886 258 925 a
287 886 302 921 ε
317 867 421 941 ἀγαθοῖς
439 864 492 927 τοῖς
505 860 641 941 ἡμετέροις
655 860 844 933 ἐξαπέσταλθε,
859 857 927 917 ἀλλά
949 880 1048 916 κατασ-

286 972 301 1007 r
316 947 453 1030 κεψόμενοι
465 952 520 1014 πῶς
529 952 593 1023 ημῖν
602 943 756 1017 ἀσθενιίαςῆ
771 946 904 1022 δυνάμεως
918 942 952 1003 τά
963 945 1048 1031 πράγ-

287 1065 300 1092 ι
317 1039 381 1115 ματ’
396 1037 465 1116 ἔχει,
479 1036 524 1095 καί
538 1037 597 1094 έστε
615 1033 772 1114 πρεσόευταί
787 1033 834 1109 pis
848 1033 933 1111 λόγῳ,
946 1032 1047 1092 κατάσ-

286 1148 391 1185 ακσποι
413 1125 440 1184 δί
463 1123 540 1202 ἔργῳ.
563 1149 576 1173 ν
595 1198 600 1205 ⁶
617 1122 792 1203 ’ἀρνουμένων
816 1121 843 1181 δὲ
857 1120 919 1200 πρὸς
943 1120 1046 1179 ἅπαντα

283 1215 335 1269 τῶν
360 1211 474 1289 ἀνδρῶν,
497 1211 526 1267 οὐ
553 1210 598 1291 διά
628 1216 728 1289 μακροῦ
754 1208 801 1279 τὴν
835 1208 922 1266 πίστιν
950 1207 1045 1287 ἔφησεν

231 1328 257 1372 10
276 1303 368 1379 ,αὐτοῖς
392 1296 561 1375 παρέξεσθαι·
590 1296 636 1355 καὶ
662 1295 754 1355 αὐτίκα
773 1295 819 1362 τάς
839 1294 977 1361 έπιστολάς
1001 1297 1047 1353 αὖ·

281 1387 351 1454 τῶν,
374 1384 403 1449 ἀς
422 1382 503 1442 ἔλαθε
528 1383 580 1463 πρδ
601 1388 649 1453 τῆς
673 1382 762 1462 μάχης
786 1384 839 1449 τοῖς
863 1384 975 1459 ἡγεμόσι
994 1386 1045 1441 τῶν

281 1472 401 1533 Λατίνων
418 1471 571 1553 φερομένας,
580 1460 613 1529 ’έν
629 1461 669 1536 αίς
689 1476 860 1549 ὑπισχνοῦντο
879 1474 965 1538 αὐτοῖς
975 1470 1046 1546 πέμ-

282 1564 337 1641 ψειν
352 1558 513 1637 ἐπικουρίαν,
528 1548 686 1638 προήνεγκε,
700 1558 745 1625 καί
758 1556 817 1624 τοὺς
832 1557 955 1636 φέροντας
966 1558 1047 1627 αὖτάς

283 1648 437 1729 προήγαγεν.
479 1645 704 1721 ’ἀναγνωσθέντων
714 1645 741 1704 δὲ
752 1648 803 1703 τῶν
812 1645 989 1725 γραμμάτων,
1001 1646 1046 1705 καί

229 1767 255 1811 lb
280 1739 332 1795 τῶν
347 1734 522 1816 αἰχμαλώτων
546 1734 575 1802 ἀς
597 1733 690 1794 έλαόον
707 1732 812 1799 tirell<
830 1733 1045 1811 διηγησαμένων,

280 1824 311 1883 τό
328 1824 376 1900 μέν
391 1825 488 1896 πλῆθος
501 1819 610 1901 θίρμησε
625 1822 714 1900 βαλεῖν
729 1820 787 1887 τοὺς
800 1821 990 1906 Οὐολούσκους,
1012 1824 1047 1889 ὡς

281 1912 429 1979 ἑαλωκότας
444 1913 485 1969 ἀπ’
500 1907 642 1990 αάτοφιύρῳ
656 1907 846 1974 κατασκόπους.
858 1906 893 1968 εΟ
903 1907 929 1967 δέ
947 1910 1046 1970 Ποστό-

282 2023 339 2078 μιος
350 2002 396 2059 οὐκ
405 1999 470 2080 ᾤετο
482 2025 494 2051 ν
506 2000 558 2057 δεῖν
572 1997 674 2073 ὁμοίους
684 1996 803 2074 γενέσθαι
817 2003 871 2061 τοῖς
884 1998 974 2062 κακοῖς
988 1997 1046 2064 τοὺς

283 2116 296 2142 ι
314 2087 443 2167 ἀγαθούς,
456 2086 573 2166 κρεῖττον
595 2073 660 2142 εἰναι
675 2082 756 2161 λέγων
771 2082 816 2140 καί
837 2083 1046 2167 γιγεγαλιίψυχότε,1

225 2199 252 2239 aa
280 2198 352 2256 αρον
367 2179 402 2242 εἰς
420 2173 480 2241 τοὺς
499 2170 706 2251 ἀποστείλαντας
722 2169 860 2251 φυλάττειν
885 2169 932 2240 τὴν
949 2171 1043 2247 ὀργὴν,

281 2264 327 2337 «ἢ
359 2267 395 2331 εἰς
427 2261 485 2329 τοίις
511 2258 719 2341 ἀποσταλέντας·
743 2256 788 2315 καί
812 2257 855 2315 διά
882 2256 912 2314 τὸ
935 2258 1044 2337 φανερόν

280 2378 293 2411 α
309 2353 392 2430 ὄνομα
401 2357 447 2424 τῆς
461 2350 599 2430 πρεσόιίας
616 2351 719 2429 ἀφεῖναι
737 2345 797 2413 τοὺς
814 2344 910 2424 ἀνδρας
925 2348 1024 2422 μᾶλλον
1033 2393 1043 2421 ,

278 2471 291 2497 ι
309 2443 326 2515 ἢ
347 2444 390 2503 διὰ
404 2443 434 2502 τό
446 2442 541 2523 ἀφανές
561 2445 608 2513 τῆς
626 2440 794 2507 κατασκοπῆς
813 2434 887 2516 ίργον
906 2436 1042 2510 ἀπολέσαι,
1100 2467 1106 2479 ι

278 2531 351 2593 ιίνα
375 2534 443 2610 με’,τι
467 2529 640 2595 Οὐολούσκοις
665 2524 785 2604 ἀφορμὴν
807 2524 979 2603 παράσχωσιν
1004 2526 1044 2584 εὖ·

222 2647 250 2687 ss
278 2626 398 2701 «πρεπῆ
418 2625 464 2680 τοῦ
482 2619 615 2696 πολέμου,
631 2612 799 2697 πρεσόιυτῶν
826 2613 971 2690 ἀνῃρῆσθαι
989 2612 1044 2672 σώ-
1097 2676 1100 2683 .

278 2736 292 2763 c
310 2734 381 2786 ματα
409 2706 600 2782 σκηπτομένοις
627 2702 699 2782 παρά
731 2701 775 2761 τὸν
804 2699 928 2761 ἁπάντων
952 2700 1042 2778 νόμον,
1100 2764 1106 2771 „

272 2824 290 2851 -e
308 2798 377 2875 μήτε
397 2795 450 2861 τοῖς
474 2795 563 2861 ἀλλοις
583 2795 684 2873 ἐχθροῖς
708 2789 837 2870 πρόφασιν
853 2791 936 2858 αἰτίας
958 2794 980 2850 ai
999 2793 1043 2850 καί
1101 2864 1104 2875 γ

273 2885 394 2964 ψευδοῦς,
417 2884 477 2942 ἀλλ’
490 2884 538 2941 οὐκ
550 2880 645 2961 ἀλόγου
663 2904 694 2959 γε
706 2879 762 2938 atil
777 2877 896 2939 ἀπίστου.
912 2907 924 2930 ν

312 2974 402 3037 XVll.
431 2970 569 3051 Ἐπισχὼν
595 2967 622 3028 δί
655 2970 702 3041 τὴν
731 2966 814 3046 ὁρμὴν
845 2974 890 3026 τοῦ
907 2966 1042 3044 πλήθους,

220 3085 248 3123 ao
274 3060 379 3120 ἀπιέναι
393 3059 452 3123 τοὺς
467 3056 562 3137 ἄνδρας
577 3058 711 3116 ἰκελευσιν
726 3054 922 3133 ἀμεταστρεπτὶ
939 3058 1043 3136 φυλακῇ

273 3149 406 3230 παραδοὺς
424 3146 545 3222 ἱππίων,
569 3144 594 3205 οἰ
614 3143 786 3221 προέπεμψαν
815 3140 905 3206 αύτοίις
931 3141 975 3199 iel
999 3145 1043 3201 τὸν

272 3236 448 3297 Οὐολούσκων
469 3233 586 3313 χάρακα.
630 3229 770 3291 ’Eubulidas
788 3229 815 3286 δέ
830 3227 891 3293 τοὺς
911 3229 1042 3290 κατασκό-

273 3348 353 3401 πους,
378 3323 573 3402 εὖτρεπίζεσθαι
586 3318 619 3379 τά
644 3320 679 3383 εἰς
694 3317 784 3395 μάχην
804 3312 964 3392 παρήγγειλε
990 3325 1043 3384 τοῖς

273 3411 458 3492 στρατιώταις,
470 3413 505 3479 ἀις
514 3413 583 3489 ἀνιῇ
595 3405 705 3468 κατόπιν
717 3403 804 3484 ἡμέρα
815 3402 1042 3481 παραταξόμενος·

219 3520 245 3560 ao
273 3499 363 3572 ἰδέησε
377 3499 579 3577 θἐοὐδὲναιίτῷ
595 3495 694 3575 μάχης.
735 3495 770 3553 Οἱ
784 3491 835 3571 γάρ
846 3488 972 3567 ἡγεμόνες
989 3494 1041 3549 τῶν

272 3590 460 3653 Οὐολούσκων,
468 3587 566 3656 πολλῆς
586 3583 625 3643 ίτι
641 3579 731 3648 νυκτός
749 3578 828 3652 οὔσης
849 3577 1043 3647 ἀναστήσαντες

271 3677 330 3751 τὴν·
341 3673 465 3757 στρατιάν
476 3672 576 3755 ᾤχοντο
587 3669 631 3730 tel
646 3670 680 3729 τά
694 3667 817 3751 σφέτερα.
858 3665 993 3724 Ἁπάντων
1014 3667 1041 3723 δὲ

270 3765 450 3846 χωρησάντων
470 3763 539 3841 αὐτῷ
563 3762 622 3843 κατ’
647 3758 738 3837 εὐχὴν,
759 3758 842 3836 θάψας
862 3754 921 3820 τούς
935 3753 1043 3821 οἰκείους

270 3853 377 3936 νεκρούς
398 3852 443 3910 καὶ
464 3847 526 3920 ring
538 3844 662 3927 separadii
679 3847 794 3925 καθήρας
824 3841 979 3921 ἀνέστρεψεν
1007 3842 1043 3906 εἰς

219 3967 245 4005 ιο
271 3941 318 4013 τλν
342 3941 419 4000 πόλιν
439 3937 566 4015 έκπριπιῖ
589 3931 710 4015 θριάμόῳ
736 3926 929 4007 κοσμούμενος,
954 3927 1041 3984 ὅπλων

271 4052 300 4085 τε
312 4029 395 4107 σωρλν
408 4028 449 4105 ἀφ’
465 4020 823 4109 ἀμάξαιςπολλαῒςκομίζων
832 4015 877 4074 καί
897 4014 1041 4094 χρημάτων

271 4117 466 4192 στρατιωτικῶν
475 4107 643 4190 παρασκευάς
653 4106 773 4186 ἀφθόνους
781 4105 917 4186 εἰσφέρων,
929 4099 1042 4168 καὶτοὺς

271 4200 382 4266 ἁλόντας
396 4202 422 4256 ἐν
437 4204 470 4277 τῇ
488 4200 562 4278 μάχη
576 4193 753 4258 πεντακοσίων
765 4191 921 4259 ἀποδέοντας
938 4190 1041 4260 έξακισ·

270 4288 370 4372 χιλίορς
393 4287 561 4363 ἐπαγόμενος.
604 4284 670 4369 ’ἀπό
682 4282 710 4341 δί
721 4286 772 4342 τῶν
783 4282 906 4362 λαφύρων
922 4279 1042 4363 έξελόμες

1105 535 1117 559 ι
1132 516 1283 578 nescientia,
1294 530 1369 581 ηυυυι
1380 515 1462 567 νειοῖο
1471 516 1497 566 tn
1510 516 1639 579 presentis
1651 516 1784 577 simulatis,
1793 529 1874 581 neque

1104 632 1117 658 α
1131 613 1179 664 ists
1204 614 1326 666 simulatio
1338 617 1426 666 vestre
1437 615 1561 680 legationis
1577 628 1636 665 sana
1656 618 1704 677 est,
1724 615 1769 666 sad
1781 615 1833 666 doli
1847 618 1873 666 et

1103 730 1116 757 ι
1130 714 1222 765 bandis
1231 717 1309 779 plens.
1342 718 1426 780 Neque
1434 717 1500 767 anim
1510 717 1579 768 missi
1592 718 1661 779 estis,
1674 719 1703 767 ut
1716 718 1871 781 mngrstnlu·

1103 834 1116 859 ι
1130 816 1214 866 ιουιῖιιῖ
1227 817 1318 867 nostris
1328 815 1413 876 bonis3
1428 815 1510 866 aedut
1518 816 1679 881 exploraretis
1690 828 1764 881 quam
1779 816 1870 868 rulidae

1103 934 1115 959 n
1130 919 1173 966 sut
1192 930 1267 980 quam
1288 918 1390 968 intirmae
1403 917 1453 969 sint
1466 923 1557 969 nostre
1567 918 1633 969 vires
1648 939 1655 969 z
1672 922 1698 970 et
1713 917 1795 970 rerbis
1811 920 1868 982 qui·

1103 1033 1115 1057 ι
1129 1013 1185 1065 dem
1205 1015 1278 1078 legati
1296 1016 1369 1075 estis,
1383 1017 1426 1067 sed
1440 1030 1468 1068 re
1482 1017 1536 1082 ipss
1550 1019 1725 1082 exploratores.
1744 1037 1757 1063 ν
1771 1020 1871 1080 uenus

1101 1116 1283 1189 autemomuin
1294 1115 1470 1180 initiantibus,
1488 1108 1558 1170 brevi
1573 1133 1600 1171 se
1616 1122 1670 1171 eius
1680 1110 1718 1170 rei
1733 1119 1810 1171 tidem
1822 1118 1871 1169 illis

1101 1225 1154 1262 esse
1175 1213 1297 1264 iacturum
1317 1214 1379 1267 dixit
1398 1236 1404 1266 ι
1428 1224 1454 1267 et
1472 1219 1556 1270 stetim
1581 1196 1871 1282 librariorumque

1100 1308 1261 1376 interceperat
1279 1316 1409 1377 autequam
1421 1316 1534 1379 proetium
1553 1317 1765 1376 committeretur,
1779 1317 1871 1381 quibus

1100 1407 1204 1460 ducibus
1227 1411 1370 1463 Latinorum
1391 1428 1419 1465 se
1440 1414 1531 1465 ausllia
1547 1416 1667 1466 missuros
1680 1396 1870 1480 perurebantur,

1100 1507 1215 1571 protulit,
1243 1512 1269 1559 et
1291 1511 1350 1561 illos.
1364 1512 1407 1575 qui
1431 1526 1474 1563 eas
1490 1513 1622 1565 attulerant
1649 1514 1774 1579 produxit.
1806 1517 1870 1565 cum

1101 1610 1184 1659 autem
1200 1609 1271 1660 lectas
1285 1615 1368 1663 esseut
1387 1613 1473 1677 litere,
1483 1618 1509 1664 et
1521 1616 1569 1679 ipsi
1582 1614 1673 1679 captivi
1692 1616 1808 1665 mundata
1824 1628 1868 1687 υσ·ι

1102 1710 1171 1771 capu
1192 1711 1379 1774 exposuissent,
1406 1715 1538 1766 multitudo
1564 1700 1666 1779 quidam
1692 1719 1816 1768 militaria
1836 1718 1867 1768 sd

1101 1808 1236 1860 leniendum
1248 1804 1354 1862 llolsaos¹
1364 1788 1486 1865 concitatu
1498 1818 1544 1877 est,
1556 1820 1585 1865 ut
1600 1790 1766 1881 exploratores
1779 1814 1807 1869 in'
1815 1812 1868 1882 ipso

1100 1907 1206 1959 facinora
1221 1892 1393 1983 deprehensos.
1426 1917 1458 1967 at
1472 1915 1616 1965 Postumius
1626 1901 1775 1967 exisdmnrit
1794 1939 1807 1963 ι
1820 1919 1868 1969 ml·
1932 1924 1935 1929 ’
2021 1954 2022 1961 ι

1102 2031 1115 2054 α
1128 1996 1193 2064 nima
1213 2018 1327 2078 oportere
1340 2017 1430 2079 probos
1449 2018 1567 2082 improbis
1585 2018 1679 2071 similes
1699 2020 1764 2082 lieri3
1789 2022 1869 2072 satius

1102 2125 1114 2149 ι
1129 2120 1183 2157 essa
1194 2107 1278 2161 diceus
1300 2112 1377 2173 atque
1388 2111 1461 2161 animi
1479 2113 1649 2176 generosioris,
1668 2116 1730 2165 iram
1742 2129 1868 2169 reservare

1101 2222 1113 2243 ι
1128 2203 1153 2252 ῖυ
1164 2217 1216 2267 eos,
1230 2207 1272 2270 qui
1288 2207 1413 2269 miserant,
1425 2221 1499 2271 quam
1515 2209 1541 2260 in
1558 2223 1602 2260 eas
1612 2210 1655 2275 qui
1669 2211 1737 2262 ruissi
1752 2212 1865 2264 lucrant:

1098 2316 1113 2342 ι
1125 2306 1217 2364 cosque
1229 2300 1261 2352 ob
1278 2307 1374 2353 certum
1388 2304 1515 2368 legationis
1534 2320 1622 2358 nomeu
1640 2310 1722 2372 potius
1737 2309 1865 2362 dimitten-

1100 2417 1113 2441 ι
1128 2397 1182 2461 dos,
1202 2414 1276 2464 ηυυιυ
1289 2402 1323 2453 ob
1335 2403 1454 2454 incertum
1468 2406 1640 2468 explorationis
1651 2407 1745 2458 lacinus
1756 2410 1865 2474 perden-

1098 2509 1113 2533 ιι
1127 2491 1186 2553 dos;
1206 2508 1238 2545 ue
1252 2496 1347 2547 Volscis
1369 2498 1497 2548 boneslnm
1523 2500 1582 2552 betti
1605 2504 1756 2554 occasionem
1777 2504 1867 2556 daraut

1099 2587 1217 2650 aleautos
1234 2604 1292 2642 suos
1311 2596 1394 2671 contra
1408 2594 1446 2644 ius
1457 2595 1566 2659 gentium
1580 2612 1657 2648 cassos
1672 2599 1868 2663 simiduutibus3

1100 2684 1273 2765 sners'n'aliis
1302 2666 1407 2761 inimicis
1434 2694 1532 2763 occasio
1556 2696 1699 2759 prebeatur
1718 2692 1868 2752 criruiuatio·

1100 2802 1112 2828 ι
1126 2774 1267 2851 υυυι’,ἠυω
1280 2772 1393 2852 ηιιυτυνῖε
1404 2787 1486 2852 lusu,
1498 2793 1580 2842 tumen
1595 2806 1674 2856 neque
1689 2797 1810 2847 aratione
1825 2812 1869 2849 ne·

1100 2866 1505 2961 «quea-tidemmotoeesseut.)
1538 2952 1541 2959 ‚
1566 2932 1573 2960 ,Ι
1622 2886 1626 2895 ’
1762 2954 1766 2959 Ι
1861 2954 1865 2961 ,

1100 3014 1103 3021 .
1129 2979 1205 3029 ltvll.
1219 2980 1338 3042 Represso
1357 2979 1433 3045 igitur
1443 2954 1616 3033 'mutuamina
1632 2983 1742 3047 impetu,
1758 2985 1868 3050 impera·

1098 3068 1133 3118 ait
1147 3072 1176 3118 ut
1185 3070 1297 3120 Ιιοπιῖυεσ
1310 3069 1500 3132 dimitterentur,
1509 3076 1535 3121 at
1548 3073 1581 3122 ad
1596 3085 1655 3123 suos
1664 3078 1732 3125 reatu
1747 3077 1867 3142 redueat,

1097 3173 1142 3211 nec
1159 3174 1186 3210 se
1208 3165 1401 3212 convenarent:
1423 3167 1449 3212 et
1464 3164 1584 3215 custodias
1605 3174 1693 3216 caussa
1706 3169 1802 3231 equites
1821 3170 1870 3221 illis

1098 3251 1205 3313 addidit,
1218 3253 1316 3317 quieos
1330 3267 1409 3316 usque
1426 3255 1457 3305 ad
1475 3255 1621 3307 Volscorum
1641 3264 1721 3309 castra
1743 3261 1869 3325 prosecuti

1097 3348 1164 3395 sunt¹
1196 3345 1286 3395 Eiactis
1301 3348 1383 3396 sutem
1396 3346 1599 3411 exploratoribus,
1608 3350 1737 3414 imperarit
1747 3352 1868 3404 militibus

1097 3443 1125 3487 ut
1135 3451 1175 3487 res
1187 3437 1220 3487 ad
1231 3437 1342 3501 proeliurn
1353 3444 1476 3502 pararent,
1490 3442 1561 3503 quasi
1570 3443 1687 3505 postridie
1696 3445 1865 3495 eorumsciem

1095 3536 1162 3583 esset
1178 3533 1350 3591 instructurus,
1366 3534 1408 3584 sed
1420 3535 1518 3585 omniuo
1530 3537 1616 3600 proetio
1629 3538 1651 3587 ei
1665 3552 1713 3587 nou
1730 3552 1791 3602 opus
1810 3540 1866 3590 luit.

1097 3626 1242 3676 volscorum
1266 3627 1331 3676 enim
1350 3626 1434 3687 duces,
1450 3631 1522 3678 nocte
1536 3628 1619 3678 adbuc
1629 3628 1778 3693 intempeste
1795 3632 1868 3682 notis

1097 3722 1195 3783 castris,
1214 3722 1315 3771 domum
1339 3721 1471 3773 redieruut.
1505 3726 1568 3774 Cum
1592 3728 1675 3776 autem
1694 3726 1776 3776 omnic
1796 3726 1821 3777 ei
1837 3736 1869 3778 ετ

1097 3816 1155 3864 voto
1178 3814 1365 3875 successissent,
1392 3814 1503 3866 humatis
1524 3830 1624 3866 suorum
1647 3817 1826 3879 cadaveribus,
1843 3823 1868 3869 et

1096 3904 1202 3955 lustrato
1223 3908 1467 3973 exercituliomam
1487 3908 1559 3958 rediit
1575 3908 1663 3972 insigni
1681 3909 1807 3974 triumpho
1825 3922 1865 3959 or·

1094 4000 1442 4056 natus‚armorumcu1nulos
1464 4000 1548 4050 multis
1573 4001 1688 4064 plaustris
1708 4004 1815 4065 rebeus,
1843 4006 1868 4052 et

1096 4091 1271 4154 supellectilem
1288 4091 1417 4143 militarem
1433 4091 1666 4143 abundantissimam
1688 4098 1826 4158 reportans,
1843 4095 1868 4144 at

1097 4184 1222 4234 bominum
1241 4186 1265 4233 in
1279 4197 1360 4248 pugna
1383 4187 1509 4248 captorum
1531 4185 1638 4250 quinque
1654 4185 1729 4235 nullia
1750 4190 1777 4238 et
1792 4186 1867 4250 quin·

1095 4280 1180 4339 genlos
1206 4276 1340 4326 adducens.
1373 4278 1404 4326 at
1422 4290 1480 4327 cum
1493 4277 1525 4326 de
1545 4276 1657 4327 manibiis
1680 4277 1790 4328 decimas
1808 4291 1866 4329 exe·

216 4411 242 4450 te
270 4403 311 4446 νος
325 4374 373 4443 τάς
387 4374 497 4440 δεκάτας
516 4373 617 4450 ἀγῶνάς
631 4396 660 4431 τε
677 4372 721 4430 καὶ
741 4370 829 4439 θυσίας
843 4373 896 4437 τοῖς
911 4374 976 4436 θεοῖς
989 4369 1041 4427 ἀπὸ
1096 4370 1189 4431 ruisset,
1203 4368 1274 4419 ludos
1287 4369 1442 4420 etaacrllicia
1455 4370 1741 4435 diisiecitquudragintu
1759 4372 1867 4422 talento·

269 4462 463 4545 τετταράκοντα
478 4462 612 4520 ταλάντων
624 4462 715 4533 ἀποίιι,
734 4460 779 4521 καί
792 4465 860 4519 ναῶν
879 4452 1042 4526 κατασκευάξ
1095 4475 1151 4511 rum
1165 4461 1305 4524 impendio;
1319 4461 1455 4525 cedamque,
1470 4476 1543 4525 quain
1557 4467 1665 4512 νονοῐσί.
1676 4461 1875 4519 commansera-

269 4555 428 4637 ἰξεμίσθωσε
453 4551 577 4630 Δήμητρι
603 4549 648 4608 καί
673 4550 793 4630 Διονύσῳ
819 4548 865 4608 καλ
883 4548 955 4627 Κόρη
981 4552 1040 4605 κατ’
1093 4550 1247 4614 Liberaeque,
1260 4550 1433 4601 exstruendam
1453 4549 1551 4600 locavit.
1584 4551 1657 4600 Initio
1670 4549 1736 4600 anim
1754 4548 1811 4599 belli
1821 4545 1861 4599 la·

269 4644 359 4725 εὐχήν.
403 4638 570 4701 Ἐσπάνισαν
585 4637 635 4715 γάρ
652 4642 679 4697 αἰ
690 4638 784 4718 τροφαί
797 4642 841 4696 τοῦ
854 4638 969 4712 πολέμου
981 4638 1040 4694 κατ’
1095 4642 1208 4692 baratum
1230 4644 1269 4692 est
1281 4641 1362 4691 rictus
1374 4641 1464 4706 iuopia,
1489 4644 1515 4691 et
1529 4654 1631 4704 maguus
1656 4644 1711 4691 crat
1736 4641 1861 4692 metusne

270 4732 362 4812 ἀρχάς,
371 4730 417 4788 καῖ
427 4726 509 4787 πσλίιν
520 4727 605 4792 αὐτοῖς
613 4725 745 4806 παρέσχον
761 4724 839 4806 φόόον
851 4728 885 4790 ὡς
896 4724 1041 4802 έπιλείψου-
1094 4734 1192 4800 penitus
1203 4734 1329 4794 deiiceret,
1344 4737 1397 4784 tum
1407 4734 1439 4784 ob
1455 4736 1529 4783 terra
1542 4731 1713 4791 sterilitatem,
1732 4736 1786 4782 tum
1798 4730 1863 4797 quod

216 4850 243 4891 η)
270 4843 331 4891 σαι,
355 4823 446 4892 τῆςτι
463 4821 511 4895 γῆς
529 4814 650 4894 ἀκάρπου
669 4815 808 4892 γενομένης
829 4811 934 4883 καὶτῆς
949 4810 1040 4878 ἔξωθεν
1094 4820 1153 4870 nulli
1169 4817 1440 4897 empliuscommestus
1455 4816 1605 4867 extrinsecus
1621 4816 1654 4865 ob
1674 4815 1769 4865 bellum
1788 4815 1861 4865 aller·

270 4910 365 4987 ἀγορᾶς
397 4904 485 4965 σύκέτι
510 4902 756 4983 παρακομιζομένης
780 4901 823 4959 tit
845 4900 887 4959 τόν
912 4900 1038 4974 πολεμον.
1094 4910 1186 4957 rentur.
1220 4907 1258 4956 0b
1270 4906 1346 4956 istum
1358 4904 1435 4970 igitur
1444 4903 1565 4962 timorem,
1580 4914 1638 4950 cum
1659 4900 1774 4951 iussisset
1785 4899 1859 4963 Sibyl·

269 4993 321 5053 Διά
335 4999 412 5053 τοῦτο
431 4993 463 5053 rb
480 4991 537 5057 δέος
558 4990 753 5071 ἀνασκέψασθαι
768 4988 801 5047 τά
821 4987 963 5049 Σιόύλλιια
983 4988 1040 5057 τοὺς
1093 4994 1156 5045 linos
1168 4995 1244 5046 libros
1253 4993 1348 5046 consuli
1364 4993 1396 5043 ab
1409 5005 1495 5042 eorum
1511 4989 1662 5051 custodibus,
1675 4984 1860 5053 etoognerlaset

271 5079 388 5159 φύλακας
401 5084 488 5141 αὐτῶν
503 5080 641 5156 κελεύσας,
656 5081 691 5145 ὥς
707 5078 802 5155 ἔμαθεν
820 5076 859 5135 ότι
872 5077 975 5145 τούτους
988 5076 1040 5146 iir-
1094 5085 1250 5137 oraculorum
1274 5083 1368 5135 monitu
1381 5084 1436 5134 bac
1449 5082 1550 5133 numina
1569 5078 1688 5146 placanda
1703 5092 1775 5144 esse,
1793 5076 1859 5132 ravit

269 5161 404 5225 λάσασθαι
424 5165 485 5233 τοὺς
501 5164 572 5234 θεοὺς
594 5169 618 5225 οἱ
640 5163 759 5247 χρησμοί
783 5163 939 5239 κιλεύουσιν,
963 5165 1040 5246 ιάχάς
1097 5173 1230 5224 educturus
1247 5173 1393 5233 exercitum,
1405 5170 1427 5221 si
1440 5171 1534 5236 imperii
1553 5169 1591 5221 sui
1613 5173 1723 5233 tempore
1736 5167 1856 5231 ielispra·
