4048 5924
650 423 944 500 ANTIQUITATUM
965 428 1112 494 ROMAN.
1134 432 1206 495 LlB.
1230 435 1296 498 vll.
1721 452 1781 512 lla

171 571 186 601 ι
201 568 293 624 γονοι,
303 553 380 610 τοῦτο
392 550 423 610 τὸ
434 551 512 633 γε’ρας
526 550 626 633 ἔχουσα
640 557 657 625 ἡ
674 554 757 634 βουλὴ
770 556 947 634 διατετίλεκε,

169 660 183 686 ιι
203 639 249 696 καί
264 637 338 698 obulo
350 639 460 701 πώποτε
473 643 488 700 θ
501 642 584 718 δῆμος
598 642 615 702 θ
628 667 654 703 τι
669 643 709 722 μὴ
725 645 945 725 προβουλεύσειεν

168 748 181 776 ιι
199 727 215 795 ἡ
232 726 314 804 βουλὴ
331 726 386 787 οὔτ’
400 727 536 809 ἔπίκρινεν
551 730 607 791 οὔτ’
632 731 813 815 ἐπεψήφισεν,
829 737 879 816 οὔχ
905 736 946 798 ὅτι

169 837 182 863 ι
199 816 260 885 νῦν,
283 817 343 873 ἀλλ’
360 818 415 876 οὐδ’
431 817 476 879 lul
497 821 551 876 τῶν
575 820 723 898 βασιλέων,
741 819 789 904 [τὰ
814 821 858 906 dl]
885 827 944 885 ἀλλ’

168 925 181 951 ιι
198 897 249 958 ὅσα
262 905 301 982 τῷ
316 903 443 985 συνεδρίῳ
458 902 537 975 δόξει,
545 910 632 965 ταῦτα
649 910 675 967 οί
701 910 819 988 βασιλεῖς
839 911 876 977 είς
899 912 945 971 τδν

169 1012 182 1039 u
200 988 283 1064 δῆμον
308 990 461 1072 ίκφίροντες
483 993 641 1073 ἐπεκύρουν·
656 995 694 1074 μὴ
716 996 749 1070 δὴ
774 996 845 1056 τοῦτ’
866 1000 945 1080 άφαι·

170 1102 183 1129 ιι
202 1084 286 1156 ρεῖοθε
306 1080 336 1140 τδ
352 1081 453 1141 δίκαιον
469 1084 564 1159 ἡμῶν,
580 1083 649 1162 μηδὲ
672 1087 784 1167 ἀρχαῖον
800 1086 847 1147 καὶ
862 1087 946 1147 καλὸν

169 1192 183 1219 ι
201 1167 257 1236 ίθος
283 1170 430 1251 ἀφανίζετε·
447 1170 600 1241 διδάξαντες
624 1174 652 1233 δὲ
677 1175 709 1234 τὸ
732 1176 882 1257 συνέδριον,
904 1177 945 1238 ότι

169 1282 181 1307 ιι
200 1256 301 1318 δικαίου
315 1261 400 1320 δεῖσθε
411 1261 458 1320 καί
475 1260 583 1341 μετρίου
597 1262 765 1342 πράγματος,
780 1263 839 1324 δᾶν
853 1266 945 1349 ίκείνιρ

1001 588 1015 615 ι
1027 585 1077 622 nou
1098 572 1178 625 solum
1190 588 1272 637 nuuc,
1290 576 1334 628 sed
1352 590 1384 629 na
1399 578 1446 629 sub
1470 581 1570 646 regibus
1594 584 1694 648 quidem
1717 605 1724 637 ι
1739 590 1783 639 sed

1001 693 1014 718 ι
1029 688 1185 742 quaecunque
1201 679 1298 730 senatui
1311 680 1478 744 placuissent,
1495 683 1549 735 bac
1564 698 1637 750 reges
1653 688 1686 739 ad
1700 703 1781 756 popu·

1001 797 1015 824 ι
1032 778 1084 830 lum
1098 780 1251 845 celerabant,
1267 786 1342 848 alque
1357 785 1391 834 lla
1407 788 1461 836 rata
1473 787 1605 840 iaciebant.
1638 793 1692 842 lloc
1705 784 1781 859 igitur

1000 901 1013 926 ιι
1028 884 1067 934 ius
1083 883 1159 936 nolite
1175 886 1247 937 uobis
1262 888 1369 950 auterre,
1382 903 1444 941 neve
1465 889 1533 942 bunc
1547 894 1656 957 priscum
1676 898 1703 947 et
1721 908 1783 961 prse-

1000 1000 1015 1029 ιι
1029 982 1124 1034 clarum
1137 999 1231 1036 morem
1248 986 1328 1037 tollite
1344 1007 1350 1037 ι
1370 988 1415 1040 sed
1431 989 1452 1040 si
1466 1004 1516 1055 qua
1530 1004 1557 1042 re
1573 990 1640 1044 iusta
1652 1007 1682 1044 ae
1695 996 1782 1047 morle-

1001 1104 1013 1128 ι
1029 1090 1081 1137 raia
1093 1086 1164 1136 robis
1175 1100 1239 1152 opus
1254 1095 1308 1149 est,
1320 1090 1352 1142 de
1368 1104 1398 1143 aa
1417 1096 1531 1144 senatum
1544 1097 1659 1158 monete,
1674 1100 1701 1148 et
1713 1099 1782 1163 quod

1001 1207 1014 1232 ι
1032 1188 1068 1238 illi
1084 1189 1165 1240 visum
1184 1190 1271 1252 luerit,
1288 1189 1314 1240 id
1328 1191 1407 1257 plebis
1421 1192 1523 1246 arbitrio
1544 1207 1574 1246 ac
1587 1197 1704 1261 potestati
1724 1212 1781 1264 per·

1000 1303 1014 1329 ιε
1028 1283 1129 1335 millite.
1145 1305 1158 1330 ιν

113 1364 138 1405 ιο
168 1371 181 1397 u
198 1345 277 1428 δοκῇ,
292 1347 385 1410 τούτου
400 1350 445 1409 τθν
461 1350 545 1427 δῆμον
562 1350 718 1420 ἀποδείξατε
737 1352 837 1432 κύριον.
856 1379 871 1411 ιι

205 1439 337 1502 XXXIX.
363 1442 459 1500 Ταῦτα
482 1441 535 1497 τῶν
567 1438 675 1500 ὑπαίτιον
698 1440 872 1519 λεγόντων,θ
896 1441 945 1521 μὲν
1030 1457 1138 1507 xxxix.
1163 1456 1313 1508 consulibus
1331 1457 1386 1509 boc
1401 1459 1560 1523 dicentibus,
1577 1462 1683 1514 Sicinius
1696 1478 1783 1517 eorum

998 1542 1076 1592 rerba
1090 1542 1153 1593 terre
1164 1556 1214 1593 uon
1228 1547 1343 1608 poterat,
1363 1558 1408 1596 uec
1425 1545 1503 1596 ullam
1516 1559 1569 1598 rem
1583 1549 1609 1598 iu
1625 1551 1779 1601 senatusur·

999 1629 1076 1679 bitrio
1086 1642 1116 1679 ac
1139 1633 1261 1694 potestate
1280 1645 1336 1684 esse
1352 1634 1461 1685 volebat.
1495 1634 1602 1701 collega
1617 1650 1678 1686 vcro
1697 1639 1780 1700 illius,

999 1730 1031 1768 ex
1049 1717 1116 1767 Decii
1128 1719 1249 1769 sententia
1259 1721 1503 1773 senatusconsultum
1526 1722 1580 1773 lieri
1598 1724 1778 1790 permiserunt,

999 1815 1058 1855 eum
1071 1806 1098 1853 et
1116 1803 1164 1868 ipsi
1186 1803 1278 1856 iustum
1292 1807 1412 1871 quiddam
1429 1811 1486 1860 ante
1510 1809 1694 1876 postulassent,
1712 1814 1781 1878 quod

168 1524 296 1594 Σικίννιος
318 1529 366 1587 οὐκ
389 1526 511 1607 ἠνείχετο
535 1529 589 1587 τῶν
605 1527 691 1610 λόγων
718 1529 778 1590 obul
792 1530 866 1602 ἠξίου
896 1531 945 1604 τὴν

167 1616 265 1691 βουλὴν
287 1616 390 1684 οὗδενδς
414 1624 499 1676 ποιεῖν
525 1615 627 1696 κυρίαν.
668 1619 706 1678 Ol
734 1618 762 1677 δί
789 1618 838 1691 τὴν
862 1620 945 1691 uis-du

165 1701 268 1784 ίχοντες
283 1704 402 1774 ἐξουσίαν
420 1704 512 1786 ίκείνιρ
538 1703 652 1766 Λευκίου
667 1707 762 1787 γνώμη
776 1707 945 1787 χρησάμενοι

109 1807 136 1848 ¹⁶
165 1793 330 1875 συνεχώρουν
343 1793 464 1873 γενίσθαι
484 1795 515 1854 τό
529 1794 736 1874 προὸούλευμα,
764 1795 869 1856 δικαίαν
884 1795 944 1857 τινά

163 1879 212 1939 καί
222 1882 301 1941 αὐτοί
310 1881 487 1959 ποιησάμενοι
501 1880 666 1962 πρόκλησιν,
678 1884 712 1956 ἣν
725 1885 777 1965 οθχ
790 1876 887 1944 οἷόντε
900 1887 938 1962 μὴ

164 1966 287 2037 δεξαοθαι
306 1977 361 2038 τοῖς
375 1969 490 2037 ὑπάτοις.
534 1969 639 2039 Ἠξίουν
653 1970 706 2052 γάρ
719 1971 779 2038 τοὺς
795 1971 939 2052 βουλευτάς

154 2055 241 2142 ,λόγον
256 2058 401 2126 ἀποδόντας
415 2060 502 2126 αὐτοῖς
510 2082 539 2118 τε
549 2067 603 2127 τοῖς
616 2057 683 2141 ύπίρ
695 2064 743 2119 τοῦ
756 2060 843 2137 δήμου
858 2061 942 2141 πράτ·

165 2168 239 2206 τουσι
250 2146 297 2206 καί
310 2154 365 2213 τοῖς
378 2147 563 2227 συναγορεύειν
577 2147 734 2220 ἢτάναντία
747 2147 834 2225 λίγειν
849 2148 943 2227 βουλο·

107 2266 140 2303 ος)
155 2232 266 2312 Ιμόνοις,
282 2233 390 2295 ίπειδάν
406 2234 555 2296 ἀκούσωσιν
569 2235 694 2296 ἁπάντων
707 2237 760 2295 τῶν
776 2236 942 2315 βουλομίνων

165 2321 218 2383 ότι
228 2322 260 2383 δν
275 2324 362 2391 αθτυῗς
376 2329 446 2407 φανῇ
463 2323 562 2384 δίκαιόν
581 2348 610 2385 τε
628 2325 676 2386 καί
692 2330 731 2408 τῷ
744 2329 825 2408 κοινῷ
840 2327 941 2408 ουμφί·

166 2434 209 2492 ρον
230 2411 429 2495 ἀποφήνασθαι,
451 2412 539 2497 φίρειν
561 2412 593 2487 δὴ
617 2414 666 2489 τὴν
693 2414 803 2494 γνώμην
822 2413 942 2486 άπαντας

164 2499 254 2580 ὥσπερ
279 2504 305 2560 ίν
325 2501 488 2583 δικαστηρίῳ
502 2501 546 2563 τδν
560 2502 672 2582 νόμιμον
687 2503 764 2584 θρκον
785 2504 942 2584 ὀμόσαντας·

147 2590 181 2667 1θ
197 2612 223 2648 τι
237 2590 265 2648 il
276 2588 307 2649 δν
321 2593 351 2649 σί
365 2590 469 2658 πλείοις
479 2595 584 2670 γνῶμαι
604 2593 768 2674 καθαιρῶσι,
777 2597 856 2653 τοῦτο
874 2585 941 2654 εἶναι

104 2689 135 2727 2⁶
152 2674 265 2756 :stuprum
313 2679 549 2758 Συγχωρηαάντων
572 2678 601 2738 δί
624 2684 676 2741 τῶν
696 2681 824 2754 ὑπάτων,
850 2681 941 2764 ὥσπερ

143 2760 253 2837 &iilam
272 2767 296 2825 οί
316 2766 471 2850 δήμαρχοι,
484 2766 515 2828 τθ
528 2767 717 2848 προόούλευμα
731 2771 940 2849 γενόοθαι,τότε

163 2851 213 2930 μίν
226 2852 395 2928 διελύθησαν,
415 2880 448 2933 τη
462 2856 490 2917 δί
505 2856 616 2917 κατόπιν
639 2856 728 2939 ἠμίρηι
738 2863 826 2940 παρῆν
841 2859 889 2938 μὲν
904 2864 941 2929 είς

162 2941 192 3001 τδ
207 2941 372 3025 συνίδριονὴ
389 2943 525 3023 βουλὴ,οί
540 2946 565 3004 δ’
583 2944 679 3006 ὕπατοι
694 2947 859 3021 δηλώσαντες
873 2952 939 3030 αὐτῇ

161 3027 195 3086 τά
207 3030 367 3107 συγκείμενα
380 3032 440 3100 τοὺς
456 3033 609 3116 δημάρχους
622 3035 749 3106 ἐκάλουν,
763 3036 810 3096 καί
821 3039 882 3121 περί
901 3031 939 3099 ὧν

105 3130 134 3171 ³⁰
150 3112 270 3189 Ιἥκουσιν
283 3119 403 3180 ίκιλευον
416 3120 512 3201 λε’γειν.
559 3121 703 3204 Παρελθὼν
716 3126 744 3185 δὲ
756 3128 771 3185 θ
783 3127 892 3195 Λεύκιος
903 3131 939 3206 ,δ

161 3206 336 3287 συγχωρήσας
366 3210 398 3268 τδ
425 3208 613 3291 προθούλευμα
646 3213 785 3291 γενέσθαι,
812 3213 940 3284 τοιαύτας

162 3297 294 3378 ἐχρήσατο
307 3298 403 3376 λόγοις.

1000 1892 1114 1944 consules
1125 1891 1186 1957 ipsis
1200 1907 1351 1958 negaremn
1368 1899 1489 1961 poteraut.
1523 1897 1654 1950 Petierunt
1667 1900 1732 1951 enim
1753 1905 1783 1953 ut

999 1981 1096 2044 patres,
1116 1979 1181 2030 lacta
1198 1980 1296 2032 dicendi
1314 1982 1386 2047 copia
1398 1986 1425 2035 et
1439 1985 1548 2035 tdbunis
1568 1999 1683 2037 caussam
1703 1987 1783 2052 plebis

1001 2065 1147 2130 agentibus,
1159 2070 1186 2118 et
1199 2069 1255 2120 aliis
1264 2107 1270 2131 ,
1280 2070 1324 2134 qul
1337 2072 1379 2122 sel
1390 2071 1504 2124 eamdem
1524 2074 1565 2124 vel
1578 2075 1703 2126 contraria
1722 2089 1781 2129 sua·

997 2154 1057 2206 (lere
1071 2154 1176 2215 sedent,
1198 2155 1241 2206 ubi
1262 2157 1373 2209 omnium
1394 2159 1548 2225 quicumque
1563 2161 1673 2223 vellent,
1688 2163 1782 2215 oratio·

1000 2256 1059 2304 nes,
1070 2242 1177 2307 quibua,
1191 2245 1333 2307 audissent,
1349 2243 1385 2305 id,
1393 2246 1462 2310 quod
1476 2246 1569 2297 iustum
1587 2251 1613 2298 et
1626 2261 1641 2296 e
1653 2248 1781 2312 republica

997 2321 1048 2373 illis
1061 2321 1145 2373 visum
1158 2322 1264 2386 luisset,
1283 2323 1491 2388 pronuntiarent,
1505 2330 1560 2375 tum
1580 2325 1680 2378 demum
1693 2341 1781 2383 omnes

998 2417 1056 2481 post
1068 2412 1205 2479 legitimum
1218 2412 1394 2466 iusiurandum
1416 2414 1541 2475 iuratum,
1560 2414 1627 2465 sicut
1642 2417 1667 2466 in
1681 2416 1780 2475 iudiciis

998 2500 1054 2552 llerl
1065 2499 1129 2551 solet
1139 2537 1146 2563 ,
1156 2499 1304 2551 sentemiam
1323 2513 1394 2551 suam
1405 2499 1533 2559 dicereut;
1549 2504 1576 2551 et
1591 2500 1660 2565 quod
1670 2502 1779 2568 plurium

998 2586 1129 2639 sententiis
1152 2569 1341 2650 comprobatum
1365 2589 1446 2649 asset,
1472 2586 1497 2636 id
1524 2588 1607 2638 ratum
1633 2587 1777 2640 baberetur.

996 2681 1056 2730 cum
1070 2679 1153 2726 aulem
1173 2674 1289 2731 mucules
1301 2674 1545 2726 senatusconsultum
1560 2674 1596 2726 ita
1617 2676 1672 2727 lieri
1692 2676 1781 2740 peruri·

995 2765 1101 2825 sissent,
1119 2766 1148 2814 ut
1159 2763 1252 2814 tribuni
1264 2763 1439 2828 postulabant,
1452 2766 1512 2814 tuuc
1525 2763 1676 2828 colloquium
1689 2768 1730 2817 est
1741 2779 1781 2817 so·

995 2854 1085 2905 lutum.
1117 2855 1222 2905 Postero
1244 2853 1362 2905 veredis
1385 2855 1489 2905 senatus
1512 2860 1616 2905 coactus
1631 2858 1680 2906 est.
1714 2856 1778 2907 (lum

995 2947 1080 2994 aulem
1094 2943 1208 2994 consules
1223 2944 1246 2994 ei
1259 2943 1410 2996 iudicassent
1420 2981 1426 3006 ,
1438 2943 1501 3008 quid
1518 2947 1591 2995 later
1602 2958 1631 2996 se
1647 2958 1681 2996 oc
1696 2944 1780 2996 tribu·

994 3041 1042 3079 nor
1056 3026 1228 3089 convenisset,
1247 3041 1291 3078 eos
1309 3027 1336 3078 in
1349 3032 1466 3081 senatum
1479 3033 1615 3091 vocarunt,
1639 3033 1665 3081 et
1679 3030 1718 3082 sui
1737 3031 1779 3082 ad·

995 3120 1084 3169 reatus
1108 3130 1225 3168 caussam
1243 3118 1339 3183 aperire
1363 3117 1498 3170 iusserunt.
1539 3121 1609 3170 Tunc
1633 3130 1780 3183 progressus

995 3204 1102 3265 Decius,
1117 3205 1161 3268 qui
1174 3205 1418 3258 senatusconsultum
1432 3203 1486 3257 fleri
1498 3206 1657 3271 permiserat,
1673 3205 1701 3257 in
1711 3206 1779 3259 hunc

994 3293 1096 3344 modum
1108 3291 1185 3344 verba
1195 3292 1262 3343 lecit.

201 3386 263 3448 XL.
287 3414 300 3439 a
314 3389 357 3449 Οθ
371 3389 494 3449 λανθάνει
510 3389 558 3468 μὲν
571 3395 642 3468 ἡμᾶς
656 3379 699 3465 ,ιθ
717 3391 816 3471 βουλὴ,
831 3394 862 3452 τὸ
876 3418 942 3473 συμ-

145 3480 176 3522 'e
192 3473 353 3552 θησόμενον,
368 3474 409 3535 ὅτι
427 3478 462 3536 δι’
476 3477 562 3545 αίτίας
583 3477 697 3556 ἐσόμεθα
716 3475 792 3557 παρὰ
805 3482 844 3561 τῷ
862 3480 941 3563 δήμῳ

104 3575 132 3617 ³⁸
162 3586 176 3616 ε
193 3564 289 3634 τῆςείς
307 3567 376 3640 ὑμᾶς
397 3564 508 3641 ἀφίξεως
520 3564 616 3639 ίνεκα,
630 3564 676 3624 καί
688 3564 834 3644 κατήγορον
850 3565 940 3644 ἕξομεν

163 3676 177 3705 α
194 3656 241 3711 τοῦ
259 3653 435 3731 βουλεύματος
449 3654 532 3733 ἄνδρα
548 3652 597 3724 τλν
612 3652 693 3723 αὐτὴν
708 3651 827 3722 ἐξουσίαν
846 3653 941 3735 ἔχοντα

163 3764 178 3793 ιι
194 3741 269 3817 ἡμῖν·
290 3740 317 3809 θς
337 3745 385 3802 αλκ
399 3741 465 3824 ᾤετο
487 3744 558 3817 δεῖν,
583 3741 600 3801 δ
616 3742 721 3802 δίδωσιν
735 3745 801 3819 ἡμῖν
818 3745 833 3801 δ
853 3743 940 3820 νόμας,

148 3853 177 3915 ,ε
193 3834 280 3890 ταῦτα
295 3830 358 3912 παρ’
372 3835 447 3910 ὑμῶν
463 3833 546 3891 αἰτεῖν
553 3877 564 3907 ,
576 3830 631 3891 οὐδ’
654 3834 681 3892 ἐν
696 3830 845 3913 εὐεργεσίας
866 3832 940 3915 με’ρει

162 3942 177 3973 ε
193 3918 339 3979 τὸδίκαιον
359 3919 518 3996 λαμθάνειν.
565 3917 691 3979 Κίνθυνον
706 3919 734 3977 δὲ
750 3919 781 3977 ού
795 3917 841 3978 τθν
851 3920 941 4003 ίλάχι·

104 4025 132 4065 lo
164 4027 258 4065 «στου
275 4007 454 4089 ἀναρρίψομεν
477 4009 514 4076 είς
528 4005 604 4080 δίκην
621 4005 800 4087 ύπαχθίντες,
821 4010 881 4069 ἀλλ’
904 4014 941 4079 ὥς

161 4120 175 4148 ι
187 4092 330 4171 αὐτόμολοι
343 4098 391 4155 καὶ
408 4096 536 4175 προδόται
550 4096 780 4173 καταγνωσθέντες
791 4097 826 4155 τδι
838 4097 940 4178 ἔσχατα

162 4208 175 4236 ι
195 4182 351 4258 πεισόμεθα.
406 4181 487 4244 Ἀλλά
512 4183 609 4264 καίπερ
636 4184 806 4262 ἐπιστάμενοι
838 4191 938 4265 ταῦτα,

162 4296 176 4324 ε
197 4270 268 4347 ὅμως
286 4272 466 4351 ὑπεμείναμεν
490 4274 526 4340 είς
549 4276 618 4352 ὑμᾶς
638 4275 721 4334 ίλθεῖν
741 4275 781 4354 τῷ
800 4297 829 4334 τε
846 4274 940 4358 δικαίιρ

161 4385 175 4412 ι
191 4360 346 4428 πεποιθότες
358 4362 404 4420 καί
422 4371 476 4429 τοῖς
490 4359 576 4443 ὅρκοις
592 4362 797 4446 ίπιτρίψαντσς,
818 4353 857 4432 οἷς
872 4365 938 4442 ὄμό·
959 4384 962 4389 ’

1027 3400 1076 3448 xb.
1094 3415 1107 3441 ι
1119 3399 1174 3447 Non
1185 3397 1248 3446 latet
1264 3410 1324 3457 nos,
1337 3397 1426 3448 Patres
1438 3396 1588 3462 conscripti,
1602 3397 1664 3462 quid
1674 3403 1779 3450 eventu-

995 3507 1008 3532 ι
1024 3499 1081 3536 rum
1100 3484 1133 3535 sit
1147 3502 1153 3530 z
1167 3496 1256 3547 nempe
1267 3496 1326 3545 nos,
1346 3483 1414 3546 quod
1429 3483 1479 3534 bue
1491 3483 1524 3535 ad
1542 3498 1588 3536 vos
1601 3486 1780 3538 venerimusin

998 3596 1010 3619 ι
1026 3572 1288 3637 criminationesapud
1303 3573 1400 3638 plebem
1412 3573 1570 3635 incursuros,
1584 3575 1717 3637 etpropler
1724 3588 1781 3624 con·

997 3683 1010 3706 ι
1027 3661 1111 3711 silium
1130 3664 1243 3710 nostrum
1265 3662 1390 3724 acollega
1410 3664 1495 3713 nostro
1515 3666 1662 3712 accusatum
1683 3661 1715 3710 iri
1731 3661 1780 3710 :is
1867 3666 1870 3670 “

997 3748 1089 3801 «enim
1110 3750 1199 3812 putat,
1212 3761 1228 3798 a
1243 3747 1315 3799 robis
1336 3747 1438 3799 minime
1460 3748 1567 3812 peteuda
1587 3761 1617 3800 ea
1632 3760 1701 3809 esse,
1721 3761 1779 3810 qua

998 3854 1011 3880 ι
1026 3833 1097 3886 nobis
1108 3836 1170 3900 ipsu
1184 3834 1251 3898 legas
1268 3833 1338 3895 dant,
1349 3846 1429 3896 neqm
1442 3830 1491 3884 hoe
1507 3833 1546 3884 ius
1562 3833 1588 3883 in
1604 3831 1779 3883 beneficiorum

997 3943 1010 3969 ι
1026 3928 1186 3990 acceptorum
1210 3935 1316 3973 numeru
1341 3922 1495 3988 ponerrdum.
1555 3924 1607 3973 llos
1621 3924 1705 3971 aulem
1729 3936 1779 3972 non

996 4011 1153 4062 «minimum
1174 4010 1282 4062 subituri
1296 4024 1385 4062 sumus
1403 4009 1550 4075 periculum,
1572 4009 1594 4060 si
1611 4009 1638 4059 in
1657 4007 1778 4060 iudicium

995 4120 1009 4145 ι
1023 4102 1127 4154 adducti
1149 4099 1286 4161 lacrimam
1306 4100 1351 4153 scd
1378 4103 1498 4165 uuquam
1521 4098 1654 4164 transilrgm
1673 4102 1700 4150 et
1721 4112 1779 4162 pro·

998 4215 1012 4241 ι
1025 4197 1118 4248 dilores
1131 4196 1242 4248 damnali
1255 4193 1487 4261 ignominiosissimo
1501 4193 1621 4259 supplicio
1629 4193 1777 4245 afficiemur.

997 4304 1010 4329 ι
1025 4285 1089 4348 Sed,
1112 4283 1227 4351 ηαειιινῖε
1239 4283 1294 4334 brec
1307 4282 1385 4348 probe
1401 4283 1524 4345 εσῖεωιιυ,
1539 4295 1589 4334 non
1609 4282 1777 4335 dubitavimus

996 4393 1009 4418 ι
1026 4376 1110 4426 tamen
1130 4373 1164 4425 ad
1185 4387 1230 4424 vos
1250 4373 1383 4433 accedere,
1407 4371 1462 4423 ium
1482 4372 1555 4434 freti,
1575 4375 1601 4425 et
1619 4373 1778 4425 iureiurando

103 4470 130 4511 ετ
160 4473 174 4500 ι
191 4471 286 4517 σαντες
310 4448 396 4509 οίσετε
417 4449 464 4517 τὰς
484 4448 601 4530 γνώμας.
616 4452 723 4513 1Ιίαδλσι
736 4453 784 4529 μὲν
801 4444 845 4513 odo
861 4457 939 4533 ἡμεῖς

159 4561 237 4618 «γε,
257 4543 293 4606 ὡς
316 4538 378 4620 περί
397 4535 561 4612 τηλικούτων
574 4538 621 4598 καί
631 4539 763 4600 τοσούτων
778 4541 875 4620 λίγειν,
890 4542 937 4602 καί

160 4649 174 4679 ιι
191 4625 258 4684 πολὺ
269 4633 316 4686 τοῦ
329 4624 508 4706 προσήκοντος
523 4625 691 4708 ίνδείστιροι·
706 4627 741 4688 τά
751 4629 779 4688 tl
791 4628 939 4709 πράγματα

997 4483 1009 4507 ι
1023 4462 1143 4525 lideutes,
1165 4477 1215 4528 quo
1229 4463 1303 4514 iurati
1321 4461 1457 4514 sententias
1475 4461 1568 4514 tereus.
1601 4465 1652 4513 Nos
1675 4461 1778 4525 quidem

997 4571 1011 4597 ι
1026 4550 1087 4604 viles
1096 4564 1184 4603 sumus
1203 4554 1229 4603 et
1242 4551 1315 4616 longa
1332 4551 1476 4611 interiores,
1488 4564 1565 4616 qnam
1578 4563 1643 4615 quos
1656 4551 1688 4600 de
1702 4549 1778 4601 tantis

997 4641 1102 4693 «rebus
1123 4640 1244 4692 δίευοτοεε
1259 4640 1393 4692 conveniat
1414 4653 1422 4685 ι
1449 4652 1490 4690 ros
1513 4641 1615 4698 tamen,
1634 4637 1667 4687 de
1687 4636 1778 4701 quibus

996 4746 1009 4773 ι
1023 4727 1100 4779 verba
1120 4727 1255 4787 iaciemus,
1269 4740 1319 4777 nou
1333 4728 1394 4777 sunt
1406 4725 1483 4776 leves
1517 4727 1602 4782 Quare
1612 4724 1709 4772 attente
1722 4721 1777 4771 baa
1887 4774 1891 4781 ,

995 4835 1008 4862 ι
1023 4815 1145 4877 audiatis,
1159 4816 1219 4867 etsi
1236 4818 1321 4865 nostra
1330 4812 1457 4879 podulma
1470 4810 1542 4862 uobis
1553 4810 1621 4861 iusta
1633 4813 1686 4861 ete
1701 4822 1775 4873 repu-

995 4923 1009 4946 ι
1024 4901 1089 4953 blica
1111 4915 1166 4953 mse
1187 4902 1353 4963 videbuntur,
1376 4898 1468 4950 addam
1488 4896 1609 4949 essamsi
1637 4895 1776 4948 nemmem

994 5010 1007 5034 ε
1022 4989 1089 5041 lilim
1103 4989 1174 5039 nobis
1187 4986 1378 5040 “concedatis-

1024 5078 1088 5128 libi.
1106 5079 1167 5128 «Aa
1182 5075 1402 5142 primumdeiure
1412 5074 1507 5127 dicam
1523 5076 1591 5136 Vos,
1607 5074 1775 5126 Pabmcom·

161 4738 175 4766 ιι
192 4716 224 4773 οὗ
240 4718 346 4794 φαῦλα,
356 4714 424 4797 trip
436 4704 475 4774 ών
487 4713 608 4792 λίξομεν.
651 4715 763 4784 Τούτοις
785 4708 829 4779 uis
843 4717 941 4797 προσί·

160 4827 175 4857 ε
192 4824 255 4883 χετε
272 4806 319 4863 rb
343 4807 423 4876 νοῦν,
446 4803 493 4863 καί
508 4801 554 4864 idus
569 4806 632 4882 ύμῖν
652 4803 714 4884 δόξῃ
726 4806 817 4866 δίκαιά
842 4828 872 4865 τε
894 4806 940 4866 καί

103 4914 130 4954 ευ
160 4918 175 4946 ⁸
191 4892 360 4974 συμφίροντα
373 4895 413 4974 τῷ
433 4894 527 4974 κοινῷ,
543 4892 729 4973 προοθήσωδί
745 4892 843 4954 ότικαὶ
859 4896 939 4974 ἀναγ-

159 5006 174 5033 u
190 4980 272 5053 καῖα,
283 4981 478 5062 συγχωρήσατε
492 4979 557 5059 ἡμῖν
572 4982 660 5040 αθτῶν
671 4987 761 5061 τυχεῖν
776 4981 890 5051 ίκόντες.

198 5065 275 5128 XLI.
299 5093 313 5122 ιι
328 5067 403 5148 Ἐρῶ
419 5068 448 5127 δί
457 5067 519 5149 περί
534 5070 579 5126 τού
594 5067 698 5126 δικαίου
711 5069 827 5145 πρῶτον.
846 5066 941 5147 Ὑμεῖς

156 5180 171 5209 ιι
188 5141 266 5228 δὴ,ώ
279 5155 373 5234 βουλὴ,
387 5157 432 5217 θτι
445 5155 505 5223 τοθς
517 5156 635 5236 βασιλεῖς
647 5151 802 5225 άπηλασατε
834 5157 940 5235 συμμά·
994 5183 1006 5208 ι
1020 5164 1107 5228 erlpli,
1121 5177 1174 5227 quo
1187 5167 1300 5231 tempore
1314 5167 1406 5215 ποεῑτιε
1417 5161 1545 5214 walada
1555 5174 1603 5228 ope
1618 5175 1689 5228 reges
1701 5176 1776 5227 erpu-

157 5268 171 5298 ι
186 5265 251 5325 χαις
264 5243 370 5326 ἔχοντες
383 5247 472 5324 ἠμῖς,
486 5245 533 5304 καί
547 5243 596 5315 τλν
608 5243 746 5305 πολιτείαν
760 5246 787 5304 is
800 5234 820 5324 ᾔ
834 5249 878 5304 νῦν
898 5247 941 5305 ic·
989 5273 1001 5297 ι
1018 5251 1099 5316 listis,
1118 5265 1223 5318 eamque
1238 5252 1381 5320 reipublca
1393 5252 1516 5315 ίοτιιιειιι,
1535 5265 1585 5316 qua
1594 5266 1660 5304 nuue
1670 5252 1773 5313 utimur,
