4070 5926
270 389 332 450 558

271 517 379 588 σάξουσι
389 520 443 584 τοῖς
454 516 492 595 μῆ
504 516 676 594 πειθομίνοις,
691 517 727 584 είς
738 515 863 576 ἀπόνοιαν
880 515 1046 596 ἀναγκάσου-

796 386 966 447 DlONYSll
989 385 1365 447 HALlCARNASSENSlS

1104 524 1157 577 iore
1167 530 1196 578 ut
1207 527 1305 592 plebem
1317 527 1350 578 ad
1365 527 1565 591 desperationem
1576 528 1719 594 adigerent,
1736 529 1802 580 sicut
1822 530 1893 583 iece-

270 633 310 669 σιν
332 608 414 668 ἐλθεῖν
437 606 468 666 τδ
482 606 641 683 δημοτικὸν,
657 604 748 686 ὥσπερ
771 604 817 664 καὶ
843 610 868 666 οἱ
886 607 937 686 πρδ
961 609 1048 667 αὐτῶν
1103 633 1159 679 fang
1177 629 1292 680 consules
1312 629 1471 695 superiores,
1496 630 1563 680 unge
1587 630 1636 695 ipsi
1662 630 1688 680 γη
1711 630 1852 695 papulum
1877 645 1892 682 ρ

270 696 397 768 ἐποίησαν
422 692 535 755 ύπατοι·
558 693 585 762 ἐξ
608 684 645 753 διν
669 693 842 754 κινδυνεύσειν
864 695 957 763 αὗτοδς
979 696 1047 755 δυεῖν

270 787 394 865 θάτερον,
411 783 475 855 ῆδί
489 780 602 859 αἵματος
625 783 671 843 καὶ
694 782 779 848 φόνων
803 791 974 845 καταπαῦσαι
998 784 1047 857 τὴν

229 902 242 943 ς
270 875 377 949 στάσιν,
395 872 412 944 ἢ
427 870 579 953 θεραπεύειν
595 875 711 952 αἰσχρῶς
728 874 870 947 ύπομεῖναι
891 874 920 934 rb
936 874 1047 949 δημοτι-

270 964 326 1026 κόν.
342 953 396 1024 Ἦν
411 964 433 1022 δ’
451 966 468 1035 ἡ
490 966 537 1021 τοῦ
555 960 636 1038 μηνδς
650 960 750 1021 ἐκείνου
770 960 900 1039 ἡγεμονία
912 967 950 1041 τῷ
965 966 1046 1024 Κοῖν-

269 1054 319 1132 etp
331 1051 518 1134 προσήκουσα,
541 1048 605 1110 ὥστ’
623 1050 765 1128 αναγκαῖον
779 1040 810 1121 ἦν
826 1049 871 1109 τθν
885 1049 974 1132 ἕτερον
994 1054 1047 1109 τῶν

270 1141 376 1200 ὑπάτων
401 1141 482 1214 μηδὲν
496 1140 604 1207 άκοντος
627 1139 724 1198 ἐκείνου
748 1146 845 1199 ποιεῖν.
889 1140 924 1200 Ol
940 1139 967 1198 δέ
986 1139 1047 1220 περί

270 1230 314 1290 τδν
329 1231 448 1292 Πόπλιον
459 1231 593 1310 δήμαρχοι
605 1226 678 1287 οὐδὲν
692 1226 732 1286 ἔτι
745 1226 985 1304 διαμελλήσαντες,
1003 1228 1047 1287 τὸν

219 1344 244 1381 ιο
271 1321 298 1378 ἐν
310 1322 348 1401 τῷ
368 1318 479 1400 πρόσθεν
497 1320 609 1400 ἐνιαυτῷ
621 1319 650 1377 ού
663 1315 804 1390 δυνηθέντα
819 1315 898 1393 νόμον
914 1319 1047 1397 ἐπικυρω-

272 1413 349 1481 θῆναι
363 1407 444 1468 πάλιν
457 1407 604 1488 εἰσέφερον,
621 1404 840 1485 προσγράψαντες
860 1406 932 1488 αύτῷ
950 1405 997 1465 καί
1016 1404 1046 1464 rb

270 1501 323 1557 τῶν
338 1496 509 1579 ἀγορανόμων
525 1496 629 1575 ἐρχεῖον
642 1497 669 1554 ἐν
686 1501 743 1560 ταῖς
757 1496 851 1561 αὐτοῖς
868 1497 1047 1577 ψηφοφορεῖσ-

272 1592 315 1645 θαι
332 1585 497 1657 ἐκκλησίαις,
514 1588 560 1643 καί
579 1583 667 1642 πάντα
685 1584 783 1655 τᾶλλα,
805 1579 856 1642 ὅσα
874 1583 900 1640 ἐν
915 1585 954 1665 τῷ
968 1583 1046 1661 δήμω

271 1674 433 1755 πράττεσθαί
456 1696 486 1733 τε
510 1674 555 1733 καὶ
581 1676 769 1750 ἐπικυροῦσθαι
785 1670 891 1743 δεήσει,
917 1669 968 1730 iel
994 1675 1046 1730 τῶν

220 1779 243 1817 m
271 1765 388 1842 φυλετῶν
408 1762 612 1843 ἐπιψηφίζεσθαι
636 1762 706 1820 κατὰ
733 1762 826 1820 ταῦτά·
854 1758 920 1840 ὅπερ
944 1751 977 1832 ἦν
994 1760 1046 1840 άρα

269 1855 316 1922 τῆς
331 1851 378 1928 μέν
395 1852 491 1931 βουλῆς
504 1849 648 1916 κατάλυσις
661 1847 777 1929 φανερὰ,
789 1852 835 1907 τοῦ
851 1846 878 1906 δί
901 1847 987 1924 δήμου
1002 1850 1046 1907 δυ-

269 1938 388 1997 ναστεία.

310 2029 411 2089 XLIV.
435 2028 521 2088 Τοῦτο
545 2029 658 2103 μαθοῦσι
681 2028 736 2093 τοῖς
754 2022 863 2091 ὑπάτοις
882 2024 986 2106 φροντὶς
1001 2027 1041 2085 el-

270 2116 329 2196 σῄει
352 2116 397 2176 καὶ
419 2114 561 2195 λογισμός,
583 2113 655 2181 ὅπως
668 2111 700 2171 δν
724 2115 750 2172 ἐν
767 2113 843 2193 τάχει
867 2113 913 2172 καί
941 2112 988 2173 σῦν
1005 2117 1045 2195 τῷ

216 2216 242 2256 20
271 2204 384 2286 ἀσφαλεῖ
395 2203 426 2263 τδ
439 2209 601 2284 παρακινοῦν
617 2202 663 2261 καί
678 2200 821 2271 στασιάζον
835 2199 966 2282 ἐξαιρεθῇ.
1010 2201 1045 2264 Ὁ

270 2292 317 2369 μέν
330 2284 374 2352 οῦν
384 2287 497 2358 Ἄππιος
517 2290 562 2350 ἐπὶ
579 2287 614 2349 τδι
635 2288 705 2350 ὅπλα
726 2291 817 2350 καλεῖν
831 2287 940 2368 γνώμην
959 2291 1044 2351 ἐδίδου

267 2380 328 2449 τοθς
343 2378 517 2461 βουλομένους
539 2376 668 2448 σώζεσθαι
691 2377 739 2451 τὴν
760 2377 871 2459 πάτριον
895 2379 1044 2440 πολιτείαν·

269 2473 292 2529 εέ
314 2469 342 2529 δί
363 2491 431 2537 τινες
446 2467 682 2539 ἐναντιωθήσονταί
699 2489 772 2549 σφισι
793 2465 875 2546 [πρδς
890 2465 924 2526 τδι
945 2467 1043 2548 δπλα],

268 2558 374 2626 τούτους
391 2562 418 2619 ἐν
432 2558 566 2635 πολεμίων
581 2561 713 2618 ποιεῖσθαι
728 2554 819 2638 μοίρφ.
864 2554 899 2617 ‘0
917 2556 944 2615 δὲ
961 2551 1045 2617 Koin-

214 2669 240 2707 τε
268 2672 322 2717 τιος
349 2649 419 2730 λόγῳ
443 2648 542 2707 πείθειν
567 2646 633 2727 ᾤετο
658 2648 712 2705 δεῖν
735 2645 795 2714 τοθς
820 2644 976 2721 δημοτικούς
998 2646 1044 2705 καί

268 2736 484 2813 μεταδιδάσκειν,
506 2739 542 2802 ὡς
565 2734 597 2793 δι’
616 2735 723 2811 ἄγνοιαν
742 2738 788 2792 τοῦ
810 2735 985 2815 συμφέροντος
1008 2735 1045 2803 είς

267 2827 372 2907 ὀλέθρια
404 2823 574 2905 βουλεύματα
609 2823 780 2903 φερομένους·
805 2823 920 2903 ἐσχάτης
947 2820 1043 2900 μανίας

268 2913 344 2992 ἐργον
368 2903 435 2973 εἶναι
455 2910 585 2989 λέγων,θ
604 2914 667 2990 παρ’
680 2909 792 2970 ἑκόντων
820 2908 903 2978 ἔξεστι
921 2909 1044 2991 φέρεσθαι

178 3031 181 3036 ·
267 3007 319 3062 τῶν
341 2998 624 3079 συμπολιτευομίνων,
641 3004 726 3058 ταῦτα
749 3001 813 3079 παρ’
837 2997 953 3059 ἀκόντων
981 3001 1044 3080 βού-

214 3118 241 3158 εο
267 3093 359 3151 λεσθαι
371 3088 529 3168 λαμῦάνειν.
572 3087 788 3150 Ἐπαινεσάντων
800 3087 828 3146 δέ
839 3087 884 3146 καί
894 3090 946 3147 τῶν
957 3089 1044 3148 ἄλλων

266 3185 320 3240 τῶν
329 3176 609 3260 συμπαραληφθέντων
623 3178 658 3245 είς
669 3176 700 3236 τθ
714 3175 847 3254 συνίδριον
859 3175 907 3248 τῆν
926 3178 1044 3238 Κοῖντίου

267 3269 393 3348 γνώμην,
409 3266 582 3346 παρελθόντες
594 3269 630 3334 είς
641 3263 690 3339 τὴν
706 3264 804 3345 σἰγορδν
821 3268 844 3324 ol
855 3263 950 3325 θπατοι
967 3266 1044 3345 λόγον

267 3361 378 3435 ᾐτοῦντο
392 3355 465 3433 παρδ
477 3358 531 3414 τῶν
544 3352 691 3434 δημάρχων
703 3354 749 3412 καὶ
764 3352 867 3433 χρόνον.
913 3354 999 3422 Μόλις
1014 3356 1042 3415 δέ

268 3449 364 3528 άμφοῑν
383 3445 522 3524 τυχόντες,
535 3441 627 3515 ἐπειδὴ
639 3446 753 3512 καθῆκαν
770 3442 803 3515 ἢν
817 3441 950 3522 ᾐτήσαντο
973 3443 1045 3524 παρά

214 3558 240 3597 ει
268 3537 354 3594 αὐτῶν
387 3532 507 3611 ἡμέραν,
530 3531 611 3613 όχλου
644 3531 816 3591 παντοδαποῦ
843 3530 1045 3604 συνεληλυθότος

268 3625 304 3689 εές
315 3619 362 3692 τὴν
377 3621 492 3699 άγορδν,
508 3617 536 3678 δν
559 3619 707 3702 ἀμφότεραι
724 3616 956 3700 παρεσκευάσαντο
974 3618 1044 3698 σύμ-

268 3731 355 3788 μαχον
377 3710 482 3774 ἑαυταῖς
497 3710 527 3767 ἐκ
541 3708 735 3788 παρακλήσεως
756 3709 785 3766 αἱ
798 3706 898 3788 σἰρχαί,
920 3702 1043 3786 παρῆσαν

267 3801 302 3864 ὡς
315 3795 541 3877 κατηγορήσοντες
554 3800 600 3855 τοῦ
610 3795 702 3872 νόμου.
745 3793 780 3856 Ὁ
800 3793 847 3873 μίν
862 3785 906 3854 οῦν
925 3790 1044 3864 Κοίντιος

268 3886 301 3944 τά
315 3909 344 3945 τε
357 3885 426 3944 ἄλλα
440 3883 557 3956 ἐπιεικὴς
572 3882 609 3943 ὢν
624 3884 690 3964 ἀνὴρ
705 3883 750 3943 καὶ
765 3885 848 3962 δῆμον
860 3883 1045 3945 οἰκειώσασθαι

214 3996 241 4036 ιο
268 3972 338 4052 λόγῳ
347 3969 529 4040 πιθανώτατος
539 3975 643 4051 πρῶτος
654 3971 828 4050 αἰτησάμενος
837 3970 880 4032 τὸν
888 3972 974 4050 λόγον,
987 3978 1041 4034 ἐπι·

269 4057 350 4126 δίξιόν
364 4081 423 4117 τινα
438 4059 484 4118 καὶ
504 4058 700 4141 κεχαρισμένην
719 4058 802 4121 άπασι
820 4059 937 4133 διεξῆλθε
958 4063 1045 4140 δημη·

267 4146 373 4229 γορίαν·
393 4147 462 4209 ιίιστε
474 4147 534 4218 τοθς
547 4147 613 4230 ύπδρ
632 4154 678 4208 τοῦ
693 4147 774 4228 νόμου
789 4149 914 4229 λέγοντας
929 4152 965 4219 εές
979 4154 1045 4212 πολ·

268 4234 315 4308 liv
326 4238 409 4296 ἐλθεῖν
418 4235 587 4318 ἀμηχανίαν,
603 4235 662 4296 οὔτε
671 4235 822 4320 δικαιότερα
837 4237 922 4318 λέγειν
936 4238 1045 4320 ίχοντας

269 4323 323 4386 οὔτ’
339 4323 529 4406 ἐπιεικέστερα.
550 4325 605 4386 Καί
625 4328 648 4385 εί
666 4325 748 4402 μηδίν
767 4319 803 4399 ἔτι
814 4326 1045 4411 πολυπραγμονεῖν

213 4439 240 4479 ts
269 4418 284 4473 θ
299 4413 444 4482 συνύπατος
458 4415 538 4474 αὐτοῦ
552 4412 705 4494 προείλετο,
720 4412 847 4492 συγγνούς
868 4414 900 4476 δν
915 4422 929 4477 θ
943 4419 1044 4499 δῆμος,

269 4507 304 4571 ύις
317 4502 377 4563 οὔτε
392 4503 482 4562 δίκαια
507 4501 561 4562 οὔθ’
579 4500 640 4561 ὅσια
662 4502 762 4575 άξιῦν,
785 4503 862 4564 ilos:
884 4505 928 4564 τδν
952 4504 1043 4584 νόμον.

268 4595 327 4655 Νῦν
343 4591 370 4652 δθ
397 4592 472 4672 [ὑπ’]
491 4592 590 4651 ἐκείνου
620 4591 697 4671 λόγον
715 4593 860 4661 διελθόντος
880 4593 1046 4677 ὑπερήφανον

269 4682 315 4743 καὶ
328 4681 411 4762 βαρδν
426 4684 585 4753 ἀκουσθῆναι
600 4681 694 4754 πένησι
709 4681 825 4761 χαλεπδς
844 4684 879 4750 είς
894 4680 974 4764 ὀργῆν
989 4683 1046 4759 tei·

1102 728 1202 781 duobus
1213 731 1321 781 alterum
1332 731 1528 797 incurrereut,ut
1541 730 1581 781 rel
1593 730 1712 794 sanguine
1724 730 1890 796 cedibusque

1102 829 1250 880 seditionem
1260 834 1455 896 compescerent,
1470 829 1511 881 vel
1535 829 1636 895 piebem
1654 830 1782 896 obsequiis
1797 845 1891 896 parum

1102 932 1214 983 honestis
1226 932 1273 982 sibl
1288 931 1458 984 conciliarent.
1485 934 1547 983 Erat
1567 936 1653 984 autem
1666 946 1744 997 penes
1755 933 1891 990 Quintium

1102 1035 1171 1086 illius
1179 1035 1272 1086 mensis
1285 1036 1418 1100 imperium
1432 1056 1438 1085 ε
1455 1049 1535 1101 quare
1554 1035 1618 1086 alter
1632 1035 1721 1086 consul
1740 1035 1785 1085 illo
1806 1036 1891 1087 incito

1102 1133 1164 1184 nibil
1183 1134 1263 1184 lacere
1279 1138 1386 1197 poterat.
1411 1137 1443 1186 At
1454 1134 1562 1187 Publius
1582 1135 1702 1188 tribunus
1712 1150 1771 1187 cum
1788 1138 1892 1201 collegis

1102 1235 1162 1294 suis,
1184 1234 1247 1284 nibil
1268 1236 1375 1300 amplius
1394 1241 1543 1297 cunctatus,
1562 1238 1651 1301 legem,
1669 1252 1747 1304 qnam
1760 1239 1892 1304 superiore

1101 1350 1165 1387 anno
1183 1336 1291 1401 perterre
1302 1350 1350 1387 non
1362 1341 1485 1401 potuerat,
1501 1337 1593 1388 iterum
1607 1339 1758 1404 promulgat,
1783 1340 1832 1391 boc
1851 1355 1893 1391 ca·

1101 1438 1153 1504 pite
1162 1437 1209 1498 legi
1219 1437 1312 1496 addito,
1326 1441 1356 1488 ut
1371 1437 1460 1489 iisdem
1477 1439 1586 1490 comitiis
1600 1439 1680 1491 etlam
1693 1440 1816 1492 aedilitias
1830 1456 1889 1492 nro-

1101 1544 1221 1607 gistratus
1232 1546 1368 1605 crearetur,
1390 1548 1417 1595 et
1440 1545 1565 1611 quidquid
1583 1546 1654 1597 alind
1677 1547 1746 1614 apud
1766 1547 1891 1612 populum

1032 1646 1037 1665 ⁸
1102 1645 1142 1711 agi
1152 1644 1301 1711 θοιειιιίφυο
1309 1648 1444 1711 oporteret,
1461 1647 1565 1699 tributis
1578 1649 1688 1700 comitiis
1706 1649 1797 1701 eodem
1812 1649 1891 1700 medo

1101 1747 1284 1800 decerneretur.
1295 1748 1369 1808 Quod
1388 1749 1450 1801 nibil
1464 1749 1535 1800 aliud
1553 1755 1709 1816 cratonem
1722 1756 1827 1803 senatus
1843 1766 1892 1817 po-

1101 1851 1205 1902 tentiam
1216 1853 1302 1915 aperte
1312 1850 1440 1916 abrogare,
1454 1866 1560 1918 eamque
1580 1853 1613 1903 ud
1625 1853 1725 1919 plebem
1737 1853 1888 1909 transferre.

1135 2031 1219 2081 xciv,
1245 2032 1299 2080 Ηιιο
1317 2043 1346 2081 re
1364 2031 1477 2098 cognita,
1499 2033 1616 2085 consules
1636 2050 1698 2103 cura
1718 2041 1744 2087 et
1769 2036 1892 2100 metatio

1103 2129 1189 2189 subiit,
1200 2129 1326 2194 quemodo
1341 2131 1456 2183 celeriter
1469 2136 1495 2182 et
1508 2135 1565 2183 tuto
1577 2136 1663 2184 motus
1676 2133 1818 2201 seditioque
1833 2135 1893 2186 tolli

1102 2232 1193 2295 posset.
1233 2229 1328 2294 Appius
1338 2230 1455 2281 censebat
1468 2231 1639 2282 vocandosad
1653 2245 1738 2291 amna,
1758 2233 1804 2297 qui
1816 2246 1891 2283 rem-

1103 2320 1228 2386 publicam
1242 2320 1338 2372 salvam
1359 2322 1452 2373 vellent
1467 2327 1506 2382 et,
1527 2323 1606 2387 siqui
1625 2324 1673 2374 sibi
1685 2323 1889 2384 adversarentur,

1103 2416 1150 2466 bos
1161 2428 1207 2479 pro
1217 2413 1333 2465 hostibus
1346 2413 1482 2465 habendes.
1500 2418 1533 2465 at
1550 2415 1672 2474 Quintius
1686 2417 1822 2468 rationibus
1835 2417 1891 2481 pte-

1102 2511 1158 2562 bem
1173 2508 1320 2561 flectendam
1333 2508 1466 2573 censebat,
1480 2514 1507 2560 et
1520 2509 1675 2573 docendam,
1692 2525 1748 2562 eam
1759 2526 1802 2576 per
1817 2512 1892 2576 igne-

1102 2604 1209 2656 rantiam
1222 2618 1305 2655 rerum
1321 2604 1421 2654 utilium
1431 2604 1458 2655 ln
1466 2605 1569 2655 consilia
1580 2605 1718 2671 perniciosa
1732 2606 1889 2672 praecipitem

1102 2696 1311 2748 ferrieertremce
1336 2695 1439 2747 insanie
1461 2709 1516 2747 esse
1538 2696 1632 2759 dicens,
1648 2710 1707 2748 eas
1727 2699 1781 2749 suis
1791 2699 1892 2750 civibus

1102 2788 1189 2842 invitis
1200 2792 1364 2854 extorquere,
1378 2803 1437 2855 que
1451 2805 1467 2840 a
1480 2790 1625 2843 volentibus
1637 2791 1768 2856 impetrari
1782 2794 1889 2858 possint.

1102 2887 1187 2944 Quum
1198 2885 1284 2935 autem
1294 2883 1371 2934 ceteri
1379 2897 1481 2949 quoque
1492 2886 1620 2935 senatores
1628 2884 1726 2942 Qulutii
1737 2886 1888 2937 sententiam

1102 2978 1255 3041 laudassent,
1268 2978 1382 3030 consules
1393 2978 1419 3028 in
1441 2978 1572 3029 comitium
1592 2978 1716 3043 progressi
1728 2978 1829 3031 dicendi
1848 2994 1889 3030 eo-

1102 3074 1170 3138 piam
1189 3074 1306 3139 diemque
1328 3088 1344 3124 a
1370 3072 1478 3124 tribunis
1503 3072 1638 3137 petierunt.
1672 3077 1786 3139 Utroque
1802 3079 1887 3127 autem

1102 3182 1167 3233 aegre
1179 3167 1326 3233 impetrato,
1340 3181 1418 3232 quum
1428 3167 1484 3218 dies
1499 3181 1576 3232 quam
1590 3168 1622 3218 ab
1637 3167 1688 3218 illis
1699 3169 1825 3232 petierant
1844 3183 1888 3221 re·

1102 3259 1187 3318 nisset,
1202 3263 1228 3310 et
1240 3259 1311 3310 νειίε
1321 3261 1396 3309 turba
1408 3258 1435 3309 in
1454 3258 1538 3309 iorum
1561 3259 1729 3319 continuisset,
1745 3261 1819 3325 cujus
1832 3260 1888 3312 sub

1102 3354 1195 3406 sidium
1205 3354 1308 3420 utrique
1323 3353 1486 3419 magistratus
1496 3353 1649 3405 advocarent
1659 3369 1689 3406 ac
1700 3355 1748 3405 sibi
1759 3358 1886 3420 pararant,

1102 3448 1247 3514 prodierunt
1261 3451 1291 3499 ut
1309 3450 1389 3513 legem
1405 3447 1585 3500 dissuaderent.
1614 3448 1732 3507 Quintius
1748 3448 1835 3511 igitur,
1848 3447 1888 3497 rir

1102 3538 1219 3590 omnibus
1231 3538 1258 3589 in
1272 3538 1348 3589 rebus
1355 3537 1516 3603 equissimus
1530 3541 1556 3588 et
1569 3538 1680 3602 populari
1698 3536 1815 3588 facundia
1828 3550 1888 3602 gra·

1103 3628 1267 3687 tiosissimus,
1282 3628 1379 3693 primus
1392 3626 1472 3692 petita
1490 3624 1589 3677 dcendi
1601 3627 1680 3690 copia,
1694 3626 1839 3676 concionem
1851 3624 1886 3676 ad

1102 3731 1165 3779 rem,
1180 3716 1212 3767 de
1221 3730 1272 3782 qna
1287 3716 1415 3781 agebatur,
1435 3714 1648 3766 accommodatam
1658 3718 1684 3765 et
1695 3714 1811 3765 omnibus
1826 3728 1886 3778 gra-

1102 3808 1154 3856 tam
1174 3806 1285 3857 babuit:
1307 3805 1343 3856 ita
1360 3808 1389 3855 ut
1410 3804 1470 3868 legis
1492 3817 1621 3861 suasores,
1642 3802 1675 3853 ed
1689 3818 1804 3868 magnam
1824 3817 1888 3854 οοα-

1101 3895 1150 3946 silli
1160 3895 1268 3960 inopiam
1285 3893 1391 3956 redacti,
1406 3893 1470 3944 nibil
1480 3893 1520 3943 vel
1530 3893 1626 3957 justius
1638 3892 1678 3943 rel
1688 3890 1889 3958 requinsalleme

1102 3987 1211 4050 possent.
1230 3985 1263 4034 Et
1284 3984 1306 4034 si
1326 3982 1420 4046 collega
1431 3983 1487 4047 ejus
1506 3981 1569 4031 nibil
1590 3966 1715 4048 preterea
1724 3982 1831 4032 nimium
1841 3995 1887 4032 su-

1101 4075 1176 4140 perbe
1187 4076 1285 4125 tentare
1298 4071 1434 4134 voluisset,
1447 4069 1519 4136 plebs
1529 4070 1629 4121 conscia
1639 4084 1674 4130 se,
1694 4084 1740 4121 nec
1753 4071 1823 4135 justa
1839 4084 1887 4122 aec

1100 4176 1173 4230 mepta
1186 4163 1322 4228 postulare,
1337 4164 1415 4227 legem
1426 4175 1482 4212 eam
1495 4159 1646 4224 abrogasset.
1676 4161 1734 4210 Jam
1746 4173 1805 4209 vero
1813 4159 1887 4211 illins

1081 4252 1181 4303 oratio
1199 4253 1306 4317 superba
1326 4254 1352 4303 et
1376 4263 1515 4315 pauperum
1537 4248 1642 4300 auribus
1657 4247 1765 4300 molesta
1787 4248 1887 4313 plebem

1101 4339 1263 4391 vehementer
1281 4339 1441 4404 exasperavit
1453 4342 1479 4389 et
1491 4337 1675 4403 implacabilem
1692 4336 1803 4388 reddidit
1816 4336 1887 4389 elle·

1101 4428 1199 4493 citque,
1218 4432 1246 4477 ut
1263 4427 1296 4477 ed
1312 4427 1510 4488 contentionem,
1533 4428 1655 4492 ιγιιειιίιιιιι
1675 4440 1802 4491 nunquam
1815 4430 1888 4487 ante,

1100 4518 1293 4581 prorumperet:
1317 4530 1375 4565 nam
1401 4514 1444 4566 ille
1463 4529 1512 4565 uon
1532 4518 1561 4565 ut
1580 4514 1613 4565 ad
1635 4514 1756 4579 ingenuos
1774 4517 1798 4564 el
1817 4515 1890 4566 eires
2000 4514 2001 4531 ³

1101 4606 1224 4654 Romanos
1237 4602 1314 4652 rerba
1333 4600 1436 4663 iaciens,
1449 4616 1526 4667 penes
1536 4615 1600 4667 quos
1610 4605 1678 4653 esset
1693 4601 1835 4652 sanciendas
1844 4603 1889 4653 rel

1101 4689 1248 4755 abrogandce
1260 4689 1321 4755 legis
1331 4690 1472 4749 arbitrium,
1486 4690 1529 4741 sed
1542 4694 1571 4740 ut
1583 4688 1680 4741 invites
1688 4692 1733 4740 aut
1742 4690 1891 4753 peregrinos

269 4792 328 4830 νετο
347 4769 392 4830 καὶ
411 4770 577 4849 ἀμείλικτος,
592 4770 638 4830 καὶ
653 4772 689 4837 είς
707 4770 760 4849 ἐρεν
778 4761 875 4847 ἦλθεν,
894 4772 958 4847 θσην
973 4770 1048 4833 οὔπω
1102 4783 1146 4829 aut
1159 4778 1203 4844 qul
1222 4778 1367 4830 libertatem
1393 4777 1455 4828 satis
1480 4777 1578 4828 firmam
1597 4791 1645 4828 non
1666 4777 1786 4828 baberent
1812 4791 1888 4829 suam

216 4876 243 4916 eo
269 4856 406 4939 πρότερον.
452 4860 493 4921 Οὐ
508 4859 560 4940 γὰρ
577 4862 612 4926 ὡς
628 4858 770 4938 ἐλευθέροις
791 4882 821 4919 τε
835 4858 881 4918 καί
893 4860 1013 4927 πολίταις
1033 4863 1047 4921 δ
1100 4869 1251 4932 potestatem
1261 4880 1388 4924 exercens,
1400 4864 1498 4916 acerbis
1511 4869 1537 4916 et
1558 4865 1661 4916 minlme
1677 4865 1786 4916 terendis
1800 4865 1889 4917 verbis

270 4947 337 5027 ἀνὴρ
355 4947 558 5027 διαλεγόμενος,
578 4946 604 5006 οἳ
624 4952 669 5006 τοῦ
687 4954 769 5008 θεῖναι
787 4946 830 5007 τὸν
845 4946 923 5025 νόμον
938 4948 956 5020 ἢ
970 4951 1047 5009 λῦσαι
1101 4956 1127 5005 ίιι
1139 4955 1366 5013 eosestinvectus,
1380 4967 1459 5004 ueras
1472 4952 1572 5004 tabulas
1593 4954 1644 5004 illis
1664 4953 1835 5020 exprobrans.
1860 4960 1890 5004 et

269 5032 353 5111 κύριοι
363 5027 445 5110 ἦσαν,
458 5036 517 5094 ἀλλ’
527 5038 563 5104 ὡς
575 5039 602 5095 ἐν
615 5035 747 5113 άτίμοιςῆ
762 5034 840 5104 ξένοις
852 5034 870 5108 ῆ
883 5035 921 5113 μὴ
934 5036 1047 5116 βεύαίως
1101 5043 1264 5095 delectionem
1287 5058 1302 5093 a
1327 5042 1472 5093 consulibus
1497 5042 1589 5097 iactam
1614 5042 1751 5106 objiciens,
1771 5042 1888 5108 quando,

270 5121 359 5198 έχουσι
382 5124 428 5196 τὴν
443 5124 591 5203 ἐλευθερίαν
611 5123 785 5197 ἐξουσιάζων,
799 5124 896 5202 πικράς
917 5124 962 5183 καί
984 5129 1045 5183 ciao-

270 5207 432 5284 πομονήτους
456 5212 601 5283 ἐποιήσατο
625 5211 800 5291 κατηγορίας,
825 5214 878 5271 τῶν
905 5235 933 5271 τε
956 5216 1044 5292 χρεῶν

1100 5132 1178 5198 raptis
1200 5132 1277 5196 signis
1290 5132 1468 5190 sacrosanctis,
1480 5144 1511 5181 ex
1532 5131 1621 5181 castris
1641 5130 1773 5194 abierunt,
1789 5145 1818 5183 se
1836 5132 1892 5198 ipsi

1101 5220 1126 5271 in
1147 5218 1313 5270 voluntariam
1338 5219 1423 5283 fugam
1436 5218 1526 5270 dantes
1543 5222 1569 5271 et
1589 5218 1616 5269 ln
1638 5216 1786 5270 memoriam
1814 5234 1895 5287 resp·
