3980 5936
252 410 315 473 bot

256 538 354 620 ἄνδρας
375 535 458 616 ἱεροὺς
477 535 599 616 ἔπεμψαν
624 530 818 612 μαρτυρόμενοι
841 532 914 602 θεούς
935 557 965 593 τε
986 531 1032 592 καλ

256 628 398 704 δαίμονας,
422 621 463 681 ότι
488 620 526 699 μδ,
552 621 703 696 δυνηθέντες
727 623 781 680 τῶν
807 619 917 681 δικαίων
941 628 1030 701 τυχεῖν

256 717 325 777 ὅσιον
337 713 396 793 [καὶ
412 711 531 791 δίκαιον]
547 709 797 788 ἀναγκασθήσονται
818 710 933 787 πόλεμον
953 707 1031 791 ἐκρέ-

257 828 325 885 ρειν·
340 803 385 861 καλ
401 799 469 876 μετίι
483 806 568 859 ταῦτα
600 798 645 858 τὀν
660 796 763 859 ὑπατον
779 798 952 861 ἀπέστειλαν.
995 795 1031 858 ‘0

216 924 229 961 η
256 892 284 952 δὲ
302 891 439 970 Γρείκχος,
451 886 543 959 ἐπειδὴ
557 886 616 955 τοθς
631 886 782 965 Ῥωμαίους
796 885 950 967 προσιόντας
965 885 1034 965 ἐμα-

257 1246 380 1325 ἐμιλλεν·
398 1243 464 1322 ὅπερ
485 1242 531 1301 καί
552 1240 662 1313 συνέόη.
707 1239 833 1309 Φυλείξας
855 1239 907 1320 γὰρ
929 1241 1034 1300 αὐλῶνα

205 1360 230 1398 ιο
257 1332 467 1414 περικλειόμενον
495 1329 600 1410 όρισιν,
623 1334 659 1396 ὑις
685 1326 810 1388 ἐνέόαλον
840 1329 876 1395 el<
894 1332 984 1386 τοῦτον
1009 1331 1033 1388 οί

257 1421 391 1498 Ῥωμαῖοι
405 1418 542 1485 διώκοντες
561 1416 657 1489 αὑτόν,
673 1415 832 1496 ὑποστρέφει
846 1439 875 1475 τε
891 1416 936 1474 καί
949 1439 1031 1495 στρα-

256 1508 425 1571 τοπεδεύεται
444 1506 513 1565 κατὰ
532 1505 581 1578 τὴν
600 1509 631 1565 itt
642 1510 689 1565 τοῦ
706 1506 823 1572 αὐλῶνος
838 1504 887 1573 ἐξω
903 1503 1033 1585 φέρουσαν

257 1597 326 1658 όδόν.
371 1595 422 1655 Ἐκ
442 1592 470 1653 δέ
484 1592 584 1653 τούτων
601 1592 774 1665 συνεὺεύήκει
791 1601 851 1660 τοῖς
869 1591 1033 1668 Ῥωμαίοις,

257 1687 307 1765 οὐχ
320 1683 349 1744 δν
360 1682 497 1747 {tritomo
510 1680 665 1751 ἐκλέξασθαι
680 1682 760 1742 τόπον
773 1683 809 1750 είς
818 1680 1033 1762 στρατοπεδείαν,

206 1809 230 1851 ¹5
258 1772 317 1832 ἀλλ’
338 1771 366 1832 δν
394 1771 489 1829 ίδωκεν
512 1771 601 1837 αὐτοῖς
621 1775 636 1830 θ
653 1779 761 1850 καιρός,
786 1770 846 1830 ἐνθα
867 1767 926 1830 ούτε
944 1766 1035 1838 ίπποις

257 1858 332 1940 χιλὸν
356 1856 466 1936 εύπορον
485 1850 515 1931 ἦν
533 1858 697 1937 λαμόοίνειν,
720 1858 792 1937 όρεσι
816 1856 1032 1940 παραλυομένου

257 1953 303 2008 τοῦ
320 1949 403 2009 τόπου
417 1950 503 2031 ψιλοῖς
518 1950 563 2008 καῖ
572 1947 730 2022 δυσὺοίτοις,
748 1946 807 2008 ούτε
819 1952 921 2016 έαυτοῖς
932 1949 1030 2030 τρορδς

258 2038 289 2095 ἐκ
298 2046 345 2110 τῆς
356 2036 486 2114 πολεμίας
497 2037 663 2114 συγκομίζειν
674 2081 683 2111 ,
696 2035 788 2108 ἐπειδὴ
807 2036 990 2108 κατηνέλωντο
1006 2039 1036 2105 θς

258 2123 357 2184 οἴκοθεν
381 2123 488 2206 ἐρερον,
513 2121 572 2183 οὔτε
596 2123 958 2203 μεταστρατοπεδεύσατθαι,
983 2128 1035 2183 τῶν

204 2249 231 2287 20
257 2213 390 2290 πολεμίων
405 2211 619 2291 ἀντικαθημένων
642 2211 688 2270 καὶ
724 2211 879 2271 κωλυόντων
903 2211 950 2279 τὰς
976 2212 1032 2285 ἐξό-

258 2304 325 2370 δους.
367 2301 516 2365 Βιιίσασθαί
530 2325 560 2361 τε
574 2300 746 2382 προελόμενοι
756 2300 802 2386 καί
814 2300 982 2381 προελθόντες
998 2306 1033 2370 εἷς

258 2392 349 2474 μοίχην
363 2389 589 2472 ἀνεκρούσθησαν,
609 2390 654 2449 καλ
668 2388 768 2456 πολλός
791 2390 896 2469 πληγὰς
911 2389 1036 2460 λαθόντες

258 2481 294 2545 εἷς
304 2479 349 2539 τὸν
362 2482 448 2537 αὑτῶν
464 2476 690 2548 κατεκλείσθησαν
710 2476 829 2559 χάρακα.
873 2475 907 2538 ‘0
924 2476 952 2536 δὲ
967 2479 1036 2539 Ιίοί-

257 2569 323 2637 λιορ
337 2568 458 2649 ἐπαρθεὶς
477 2570 515 2649 τῷ
538 2567 720 2649 προτερήματι
743 2566 828 2648 τούτῳ
845 2566 1037 2646 περιετείρρευέ

204 2681 231 2720 ts
258 2681 287 2717 τε
301 2656 394 2725 αὐτοῖς
410 2656 454 2716 καὶ
469 2655 675 2737 περιεχαράκου,
687 2654 732 2714 καλ
744 2655 845 2722 πολλὰς
858 2654 966 2721 ἐλπίδας
982 2645 1037 2734 εἶχε

258 2748 328 2825 λιμῷ
344 2743 498 2811 πιεσθέντας
518 2745 687 2825 παραδώσειν
701 2747 772 2825 αὐτῷ
787 2743 818 2801 τὰ
837 2745 919 2803 όπλα.
965 2742 1036 2824 ’θρι-

258 2838 371 2911 κομένης
385 2835 407 2892 δ’
424 2836 460 2901 είς
478 2832 589 2908 Ῥώμην
602 2833 663 2914 περὶ
678 2831 777 2892 τούτοιν
793 2832 938 2911 ἀγγελίας,
958 2832 1036 2893 Κόῖν-

258 2941 301 2985 τος
322 2919 531 2998 ὑκαταλειρθεῖς
546 2920 588 2977 ἐπὶ
608 2922 655 2988 τῆς
676 2919 776 2982 πόλεως
790 2917 905 2996 ἔπαρχος
924 2918 978 2975 ἀπὸ
991 2922 1039 2990 τῆς

259 3003 305 3064 σύν
333 3008 404 3086 αὐτῷ
426 3014 573 3085 στρατιᾶς,
601 3005 661 3062 ὅσον
685 2997 716 3072 ἦν
740 3002 920 3081 οἷκμαιότατόν
944 3027 971 3061 τε
993 3005 1039 3063 καὶ

206 3115 233 3157 su
259 3094 398 3173 κράτιστον
415 3096 492 3173 μέρος
505 3092 644 3164 ἐπιλέξας,
659 3091 702 3150 ἐπὶ
715 3095 871 3171 συμμαχίαν
885 3091 987 3172 ἔπεμψε
1001 3096 1039 3173 τῷ

260 3184 363 3261 ὑπάτῳ.
416 3181 524 3259 Ἡγεῖτο
548 3182 575 3239 δὲ
598 3184 645 3249 τῆς
670 3182 807 3257 δυνάμεως
832 3178 930 3252 ταύτης
959 3183 1039 3245 Τῖτος

260 3267 382 3333 Κοίντιος
406 3269 420 3325 δ
445 3266 557 3344 ταμίας,
580 3264 649 3349 ἐνὴρ
674 3265 808 3336 ὑπατικός.
849 3266 921 3349 Πρδς
944 3267 972 3327 δέ
995 3270 1039 3328 τὸν

260 3354 348 3430 ἕτερον
372 3357 425 3412 τῶν
449 3353 559 3414 ὑπύτων
582 3355 713 3428 Ναύτιον,
730 3355 774 3414 ἐπὶ
796 3360 843 3429 τῆς
870 3358 898 3415 ἐν
918 3356 1048 3423 latione·

260 3454 386 3527 στρατιᾶς
395 3443 468 3517 ὄντα,
480 3444 626 3524 γράμματα
639 3444 803 3526 διαπέμψας,
814 3446 847 3504 τοί
859 3469 888 3506 τε
899 3445 1041 3523 συμύιίντα

208 3560 235 3597 su
260 3537 298 3615 τῷ
318 3535 448 3615 Μηνυκίῳ
469 3533 628 3615 διετέρησε,
641 3533 687 3593 καὶ
712 3533 789 3592 αὐτόν
810 3532 885 3606 ἥκειν
904 3534 976 3606 ἠξίου
998 3534 1041 3591 διὰ

259 3623 372 3704 ταχέων.
417 3625 553 3695 Κάκεῖνος,
571 3621 713 3703 ἐπιτρέψας
735 3630 788 3690 τοῖς
806 3623 976 3703 πρεσὺιυταῖς
997 3624 1040 3683 τὸν

259 3711 369 3791 χάρακα
393 3710 543 3793 ρυλιίττειν,
567 3712 645 3776 αὐτὸς
671 3710 718 3770 σὺν
745 3710 841 3790 ὀλίγοις
857 3714 979 3772 ἱππεῦσιν
1006 3713 1042 3778 είς

261 3797 371 3876 Ῥώμην
391 3799 493 3859 ἐλαύνει
515 3798 630 3880 συντόνῳ
653 3800 820 3880 χρησόμενος
842 3798 976 3876 ίππασία·
993 3800 1041 3865 είς-

261 3887 343 3947 attin
364 3886 388 3944 δ’
410 3891 446 3955 είς
469 3888 517 3961 τὴν
542 3888 619 3948 πόλιν
649 3890 687 3948 ἔτι
714 3890 814 3960 πολλῆς
835 3888 926 3956 νυκτὸς
951 3886 1041 3963 ούσης,

208 4004 237 4043 m
262 3975 414 4036 ἐδουλεύετε
428 3976 474 4034 rto
490 3979 529 4056 τῷ
544 3973 644 4056 <trodio
659 3974 704 4035 καλ
720 3978 771 4033 τῶν
788 3975 875 4032 ἄλλων
892 3977 1039 4054 βουλευτῶν

262 4065 315 4130 τοῖς
328 4062 531 4143 πρεσόυτιίτοις,
546 4062 562 4122 ό
575 4087 602 4121 τι
613 4065 667 4142 χρὴ
684 4071 778 4123 ποιεῖν.
821 4062 899 4123 Ἐπεὶ
915 4062 943 4122 δέ
958 4072 1039 4122 πᾶσιν

263 4151 347 4211 ἐδόκει
361 4151 510 4230 δικτάτορος
523 4154 624 4212 δεῖσθαί
643 4157 657 4210 δ
672 4155 778 4232 καιρός,
798 4151 982 4212 ἀποδείκνυσιν
996 4154 1040 4211 ἐπὶ

262 4237 311 4311 τὴν
328 4241 412 4319 ἀρχὴν
425 4243 524 4313 ταύτην
537 4238 651 4299 Λεύκιον
665 4235 785 4300 Κοίντιον
806 4241 972 4300 Κικιννιίτον.
988 4240 1041 4301 Kal

263 4327 341 4397 αὐτὸς
355 4328 403 4406 μὲν
418 4334 502 4388 ταῦτα
525 4327 735 4411 διαπραξόμενος
754 4327 841 4411 ᾤχετο
855 4329 936 4389 πόλιν
952 4330 996 4390 ἐπὶ
1010 4331 1041 4390 τὸ

209 4464 236 4503 to
264 4417 451 4499 στρατόπεδον.

304 4510 412 4570 xxiv,
436 4506 472 4569 ‘0
482 4506 510 4566 δὲ
521 4511 568 4579 τῆς
582 4507 683 4576 πόλεως
697 4508 812 4590 ἔπαρχος
821 4509 926 4577 Φοίθιος
938 4510 1041 4587 ἔπεμπε

262 4596 322 4664 τοὺς
347 4596 586 4680 παραληψομένους
608 4596 653 4656 τὸν
669 4598 789 4656 Κοίντιον
814 4596 857 4655 ἐπὶ
881 4597 929 4669 τὴν
947 4599 1041 4679 ἀρχήν.

263 4684 364 4766 Ἔτυχε
379 4686 408 4746 δέ
422 4685 466 4745 καί
480 4685 539 4744 τότε
555 4684 649 4768 θοίνὴρ
669 4689 722 4745 τῶν
746 4688 805 4745 κατ’
821 4683 899 4764 έγρόν
916 4683 999 4765 ἐργων
1017 4710 1042 4745 τι

264 4774 499 4855 διαπραττόμενος.
545 4771 620 4836 Ἰδών
635 4776 663 4834 δέ
677 4803 722 4842 τον
744 4774 887 4854 προσιόντα
903 4772 982 4853 όχλον
997 4774 1042 4834 καί

211 4902 238 4941 ,η
265 4862 431 4932 ὑποπτεύσας
453 4867 496 4926 ἐπ’
519 4863 598 4924 αὑτόν
618 4862 710 4938 ἥκειν,
737 4864 834 4936 ἐσθῆτά
847 4861 871 4922 τ’
893 4862 1043 4942 ἐλαίμύανεν

265 4954 473 5035 ιύπρεπεστίραν
483 5001 492 5029 ,
503 4954 550 5015 καλ
562 4954 722 5025 ὑπαντήσων
735 4957 821 5022 αὐτοῖς
833 4954 980 5035 ἐπορεύετο.
994 4953 1044 5016 Ὧι

265 5042 288 5100 δ’
304 5041 380 5121 ἐγγύς
393 5036 426 5115 ἦν
437 5089 445 5121 ‚
456 5042 552 5112 ἵππους
567 5067 597 5103 τε
609 5044 681 5126 αὐτῷ
691 5042 817 5124 ραλοίροις
830 5042 1043 5120 κεκοσμημένους

266 5129 410 5208 ἐκπρεπέσι
427 5135 560 5212 προσῆγον
580 5131 625 5191 καῖ
644 5131 763 5198 πελέκεις
784 5130 843 5203 ἅμα
865 5135 923 5198 ταῖς
939 5130 1045 5210 ῥοίόδοις

267 5218 491 5301 εἰκοσιείτταρας,
512 5220 684 5302 παρέστησαν
704 5219 801 5292 ῖσθῆτοί
822 5241 851 5278 τι
867 5220 982 5299 ἁλουργῆ
997 5216 1043 5276 καὶ

770 402 938 463 timuisti
958 398 1336 463 statutuunsstittsts

1089 539 1331 603 tuissent,septum
1355 537 1500 602 justumque
1523 531 1617 585 bellum
1642 530 1731 582 interne
1754 531 1879 581 οοεειιιιιι

1087 640 1119 690 iri
1129 659 1137 690 ι
1147 641 1241 690 actum
1262 635 1364 687 demum
1376 633 1504 685 musulani
1522 645 1583 684 ουιιι
1600 631 1718 682 uomitu
1735 627 1877 678 miserunt.

1088 736 1223 796 Gracchus,
1240 732 1338 800 cognito
1358 734 1526 783 ttotnsnorurn
1552 728 1668 787 adventu,
1691 727 1767 778 motis
1781 725 1879 777 castris

1088 834 1193 886 ulterius
1212 834 1252 884 est
1271 842 1427 896 progressus,
1443 827 1586 878 hostibuse
1608 827 1712 892 uestigio
1735 825 1817 891 ipsum
1833 838 1878 875 ee.

256 987 313 1052 qm,
326 977 476 1049 ἀναστήσας
490 975 538 1049 μγ,
558 974 669 1051 δρψ,
681 977 769 1055 ἀπῆγε
783 974 964 1055 προσωτέρω,
979 977 1033 1035 τῶν
1088 938 1222 1004 questibus
1238 956 1246 986 ι
1265 948 1322 999 quta
1336 932 1437 983 volebat
1458 945 1502 983 eoa
1515 945 1541 982 ιιι
1556 945 1585 983 ea
1606 930 1660 982 loca
1676 930 1833 995 pertrahere,
1848 944 1878 981 ιιι

256 1068 391 1146 πολεμίων
402 1070 432 1127 ἐκ
446 1064 525 1133 ποδός
540 1062 695 1142 ὑπομένων,
713 1062 871 1143 βουλόμενος
886 1064 980 1130 αὑτοὺς
997 1065 1034 1131 εἷς

256 1163 365 1218 τοιαῦτα
390 1153 609 1235 προσαγαγέσθαι
628 1151 716 1233 χωρία
737 1153 764 1211 ἐν
778 1143 816 1218 οἷς
830 1153 1034 1223 πλεονεκτήσειν

1088 1040 1180 1104 quibus
1205 1038 1259 1104 ipsa
1283 1035 1387 1087 meliore
1403 1032 1542 1083 conditione
1564 1032 1630 1082 esset
1655 1030 1764 1079 tutums.
1799 1027 1878 1087 Quod

1089 1136 1164 1189 etiam
1187 1131 1291 1192 eccidlt3
1314 1143 1370 1181 nam
1388 1142 1464 1193 quum
1483 1127 1641 1177 observasset
1665 1123 1793 1188 quandam
1817 1136 1878 1173 oon·

1090 1236 1180 1286 vellem
1194 1230 1320 1283 ruentibus
1331 1230 1448 1291 cinctam,
1462 1231 1487 1278 et
1497 1227 1616 1290 itomani,
1629 1227 1674 1290 qui
1683 1224 1766 1291 ipsum
1781 1238 1878 1288 seque·

1090 1324 1227 1397 bantur,iu
1248 1349 1303 1385 eam
1328 1333 1431 1396 ingressi
1461 1332 1574 1391 tuissent,
1596 1343 1682 1395 agmen
1695 1329 1836 1393 convertit,
1850 1334 1878 1381 et

1090 1441 1171 1490 castm
1182 1436 1265 1503 posuit
1274 1435 1300 1494 iq
1309 1434 1358 1497 vla,
1374 1447 1432 1500 quae
1446 1437 1518 1484 extra
1537 1431 1673 1484 mavellem
1686 1430 1792 1483 terebat.
1818 1436 1879 1492 Quo

1090 1538 1184 1590 iactum
1193 1538 1232 1586 est
1251 1538 1280 1584 ut
1290 1536 1395 1587 Romani
1408 1534 1508 1593 locum,
1528 1546 1577 1583 non
1585 1545 1660 1597 quem
1671 1531 1816 1594 cupiebant,
1830 1532 1879 1583 sed

1090 1650 1165 1701 quem
1185 1637 1248 1688 rotie
1269 1631 1388 1699 temporis
1415 1631 1475 1696 ipsis
1495 1630 1582 1693 dabat,
1605 1630 1637 1680 ad
1652 1632 1734 1680 castra
1759 1629 1879 1694 ponenda

1091 1739 1221 1802 capereut;
1244 1734 1287 1788 ubi
1310 1745 1356 1785 nec
1378 1730 1461 1796 pabuli
1488 1731 1585 1794 copiam
1610 1740 1655 1793 pro
1679 1727 1753 1792 equis
1782 1728 1878 1779 bebere

1092 1838 1214 1901 poterant,
1238 1835 1293 1885 loco
1313 1830 1439 1882 montibus
1465 1826 1539 1877 nudis
1560 1828 1587 1878 et
1611 1839 1714 1878 accessu
1731 1826 1877 1877 difficilibus

1092 1934 1257 1995 circumdato,
1280 1945 1325 1983 nee
1338 1930 1386 2011 sibi
1405 1928 1465 1994 ipsis
1481 1929 1637 1978 commeatus
1651 1940 1683 1978 ex
1694 1924 1795 1978 bostioo
1804 1942 1877 1979 conr·

1092 2057 1187 2108 parare,
1198 2042 1367 2106 consumptis,
1382 2052 1445 2102 quos
1459 2036 1534 2087 domo
1548 2034 1685 2086 attulerant
1701 2053 1708 2086 τ
1724 2050 1770 2088 nec
1792 2039 1879 2089 casm

1092 2149 1204 2210 mutare,
1237 2142 1351 2194 bostlbus
1376 2142 1458 2192 eastra
1476 2138 1590 2204 opposita
1610 2136 1773 2198 habentibus,
1795 2142 1877 2203 atque

1092 2248 1173 2298 exitus
1184 2244 1366 2299 obsidentibus.
1400 2246 1491 2302 Quare,
1504 2254 1582 2305 quum
1598 2241 1740 2292 statuissent
1760 2239 1824 2290 τῖιιιι
1843 2242 1874 2291 τί

1093 2348 1197 2406 tentare,
1214 2349 1241 2397 et
1254 2346 1278 2396 in
1291 2345 1369 2395 aciem
1379 2341 1537 2407 prodiissent,
1548 2341 1636 2407 rejecti
1646 2345 1715 2401 sunt;
1729 2346 1763 2405 et,
1780 2342 1876 2395 multis

1093 2453 1236 2505 vulneribus
1258 2451 1381 2518 acceptis,
1394 2450 1420 2500 in
1443 2449 1530 2500 eadem
1558 2452 1642 2500 castra
1665 2452 1718 2499 snut
1738 2451 1877 2514 compulsi.

1093 2558 1156 2607 Tum
1186 2551 1288 2613 uoettos,
1312 2552 1362 2604 boc
1380 2550 1490 2603 secundo
1503 2562 1621 2600 successu
1646 2547 1734 2612 claim,
1750 2562 1794 2600 eus
1808 2550 1879 2601 tussa

1093 2656 1208 2722 valloque
1224 2653 1378 2707 circumdare
1401 2653 1475 2718 coepit
1494 2666 1502 2696 t
1521 2653 1548 2701 et
1569 2650 1595 2700 in
1613 2664 1728 2714 maguam
1743 2664 1813 2714 apem
1828 2666 1877 2705 νε-

1094 2759 1176 2817 uerat,
1201 2768 1244 2807 eos
1263 2754 1328 2805 tarne
1352 2755 1464 2811 coactos,
1486 2750 1561 2800 armis
1585 2749 1700 2811 traditis,
1724 2749 1878 2803 deditionem

1094 2855 1213 2904 tacturos.
1246 2850 1293 2900 llis
1320 2851 1424 2899 Romam
1448 2844 1587 2907 nunciatis,
1620 2848 1652 2904 Q.
1674 2845 1785 2910 Fabius,
1811 2849 1880 2900 urbis

1094 2953 1236 3019 prateolus,
1260 2949 1378 3001 selectum
1398 2960 1499 2999 suarum
1514 2946 1642 3011 copiarum
1658 2946 1747 2999 ttorem
1761 2962 1793 3001 ac
1805 2951 1881 3002 mbnr

1094 3053 1189 3106 consuli
1205 3051 1298 3104 auxilio
1331 3050 1411 3101 misit.
1447 3048 1491 3100 llis
1511 3051 1594 3100 autam
1616 3047 1695 3112 copiis
1713 3056 1824 3115 praerat
1850 3055 1881 3104 Τ.

1095 3153 1213 3212 Quintius
1234 3153 1355 3216 questum
1377 3150 1417 3200 uir
1440 3147 1585 3200 consularis.
1618 3148 1656 3199 sd
1693 3150 1803 3203 alterum
1823 3167 1883 3205 reru

1095 3254 1230 3313 consulem,
1254 3253 1301 3317 qui
1331 3250 1470 3302 exercitum
1486 3250 1512 3301 in
1541 3249 1639 3301 sabinis
1670 3251 1884 3315 bubebstlitaris

1095 3356 1177 3406 missis
1197 3354 1353 3419 significarit,
1367 3353 1427 3417 quid
1440 3352 1547 3403 Minucio
1569 3352 1702 3404 accidisset
1716 3367 1839 3419 eumque,
1852 3356 1883 3406 ut

1095 3458 1207 3510 celeriter
1219 3457 1323 3516 veniret,
1349 3456 1451 3521 mgsrit„
1486 3454 1538 3516 llle,
1553 3454 1688 3505 commissa
1716 3454 1806 3521 legatis
1824 3470 1881 3507 cas·
1988 3508 1989 3519 ,

1096 3563 1191 3610 trorum
1211 3555 1334 3614 custodis,
1353 3569 1410 3606 cum
1433 3553 1538 3618 reliquis
1553 3553 1681 3618 equitibus
1701 3555 1883 3606 mucitatoiti-
1988 3556 1989 3603 i

1096 3674 1154 3712 nera
1169 3662 1272 3711 Romam
1288 3658 1372 3718 venit3
1387 3657 1524 3721 urbemque
1541 3655 1667 3719 ingressus
1691 3652 1775 3705 adbuc
1793 3655 1884 3707 murn-

1097 3766 1165 3828 pesta
1202 3763 1286 3821 nocte,
1315 3759 1432 3824 quidnam
1461 3756 1600 3807 laciendum
1629 3759 1697 3808 esset
1719 3770 1778 3808 oum
1807 3758 1885 3809 Fabiu

1096 3863 1200 3928 aliisque
1213 3861 1351 3912 senioribus
1368 3860 1463 3911 civibus
1479 3858 1645 3910 consultabat.
1683 3859 1732 3911 Ubi
1755 3875 1816 3912 raro
1826 3875 1884 3912 om·

1097 3965 1170 4017 nibus
1182 3964 1264 4016 risum
1289 3966 1328 4016 est
1349 3967 1447 4028 tempus
1464 3963 1609 4014 dictatorem
1633 3976 1748 4028 poscere,
1769 3964 1804 4016 ad
1824 3978 1886 4017 eun

1097 4073 1269 4138 magistratum
1291 4075 1318 4123 L.
1338 4073 1508 4124 Cincinnatum
1531 4073 1677 4137 designarit.
1713 4079 1799 4141 Atque
1821 4078 1887 4143 ipse,

1098 4182 1138 4233 bis
1154 4182 1269 4248 peractis,
1284 4181 1311 4233 in
1321 4195 1366 4233 sua
1378 4184 1460 4232 castre
1473 4185 1512 4232 est
1520 4195 1644 4234 reuersus.

1129 4518 1217 4568 xitlv.
1235 4518 1325 4568 Fabius
1338 4519 1437 4578 autem,
1453 4518 1587 4582 protentus
1609 4517 1689 4581 urbis,
1706 4518 1778 4570 misit
1789 4520 1837 4586 qni
1856 4521 1890 4572 ad

1097 4603 1228 4670 imperium
1252 4607 1381 4665 Quintium
1417 4604 1577 4657 adducerent.
1609 4609 1684 4659 Forte
1707 4611 1795 4659 autem
1825 4612 1890 4661 tnnc

1097 4692 1249 4758 quoqueilla
1263 4692 1391 4757 quoddam
1411 4708 1475 4759 opus
1500 4695 1623 4746 rusticum
1651 4695 1766 4747 iactabat.
1803 4700 1890 4758 Qum

1099 4796 1157 4833 vero
1169 4782 1268 4833 turbam
1280 4783 1455 4835 adventantem
1471 4784 1652 4849 conspexisset,
1669 4785 1816 4849 auspicatus
1831 4801 1888 4839 earn

1098 4870 1131 4922 ad
1150 4885 1178 4923 se
1203 4871 1299 4932 venire,
1324 4875 1420 4923 restem
1438 4871 1613 4937 elegantiorem
1644 4873 1748 4937 sumsit,
1775 4875 1888 4941 ipsisque

1097 4958 1197 5010 obuiam
1217 4959 1272 5011 ivit.
1306 4960 1344 5010 Ad
1367 4974 1431 5024 quos
1455 4966 1589 5026 postquam
1612 4963 1729 5019 nmessit.
1753 4968 1781 5015 et
1810 4978 1888 5028 εηυοε

1099 5049 1209 5114 phaleris
1229 5049 1365 5116 insignibus
1377 5052 1477 5101 ornatos
1491 5050 1663 5110 adduxerunt,
1677 5056 1702 5103 et
1717 5052 1810 5117 uiginti
1823 5067 1887 5119 qna·
1986 5094 1987 5099 ι

1100 5140 1158 5188 tuor
1183 5136 1264 5188 iosces
1282 5153 1339 5188 cum
1366 5137 1427 5203 ipsis
1446 5138 1576 5190 securibus
1595 5141 1621 5190 et
1637 5153 1788 5204 purpuram,
1812 5145 1889 5204 sique

1103 5226 1152 5276 sliu
1177 5225 1279 5291 insignis
1301 5225 1392 5290 quibus
1416 5226 1475 5277 olim
1501 5225 1594 5291 regium
1622 5225 1756 5291 imperium
1781 5241 1889 5279 exome-
