4034 5922
40 8 450 164 (ιιι-οιωιθ

255 403 294 462 26
777 403 943 466 DIONYSH
965 407 1345 470 Haurcauuassurlsrs

255 536 343 602 άλλως
356 557 428 611 πως,
444 537 491 594 οὐκ
503 534 535 593 ἂν
548 533 619 614 εὐρσι
633 535 730 608 ταύτης
740 537 789 595 τιν’
801 539 1022 617 ἐπιτηδειοτέραν.

257 622 308 691 Ὧς
322 622 439 703 γὰρ’μία
459 627 493 700 γῆ
512 623 576 702 πρὸς
589 622 679 703 ἑτέραν
695 624 827 702 κρίνεσθαι
847 625 978 699 τοσαύτην
998 632 1028 688 τὸ

257 713 380 790 μέγεθος,
394 714 424 771 οὐ
448 712 525 789 μόνον
537 716 584 782 τῆς
599 712 730 790 Εὐρώπης
748 714 817 772 ἀλλὰ
830 716 933 786 καὶτῆς
948 717 1030 791 ἄλλης

257 799 363 869 ἁπάσης
386 799 514 882 κρατίστη
546 802 605 857 κατ’
626 800 692 874 ἐμὴν
719 800 794 869 δόξαν
820 803 889 862 ἐστίν
919 804 1029 867 Ἰταλία.

215 907 230 950 υ
257 887 350 949 Καίτοι
367 910 400 963 με
414 888 443 945 οὐ
455 879 563 958 λέληθεν
577 884 617 943 δτι
635 889 741 954 πολλοῖς
756 892 785 949 οὐ
805 889 888 949 πιστδι
902 891 966 960 δόξω
981 892 1030 951 λε’-

254 984 322 1050 ’γειν,
335 973 532 1052 ἐνθυμουμένοις
543 970 677 1052 Αἴγυπτόν
692 998 720 1033 τε
735 974 780 1034 καί
795 975 899 1049 Λιόύην
914 979 960 1037 καί
975 983 1029 1039 Βα-

257 1062 362 1122 ύυλῶνα
384 1064 469 1121 raeiri
493 1062 524 1133 δή
540 1085 607 1130 τινες
627 1063 701 1121 άλλσι
724 1064 807 1143 χῶροί
820 1066 885 1125 τίσιν
900 1068 1028 1144 εὐδαίμο-

251 1168 309 1223 νες,
324 1152 383 1210 ἀλλ’
396 1150 447 1227 ἐγὼ
467 1149 510 1207 τδν
526 1153 556 1209 ἐκ
568 1156 617 1228 γῆς
632 1153 744 1211 πλοῦτον
759 1154 807 1212 οὐκ
821 1155 848 1211 ἐν
863 1163 912 1233 μιᾷ
925 1156 1029 1233 τίθεμαι

253 1242 363 1317 καρπῶν
384 1237 459 1318 ἰδέα,
475 1239 528 1297 οὐδ’
542 1238 688 1318 εἰσέρχεταί
702 1263 736 1315 με
752 1243 827 1311 ζῆλος
841 1243 983 1316 οἰκήσεως,
1002 1250 1029 1304 ἐν

203 1350 228 1388 ιο
254 1319 274 1406 ᾗ
291 1326 369 1403 μόνον
385 1326 450 1386 εἰσίν
466 1325 576 1407 ἄρουραι
593 1326 697 1404 πίονες,
713 1332 766 1387 τῶν
782 1328 804 1387 δ’
821 1330 908 1389 ἄλλων
924 1333 1028 1405 ούδένῆ

257 1415 343 1495 βραχύ
359 1441 385 1474 τι
399 1417 556 1495 χρησίμων,
570 1415 697 1487 ἀλλ”ἥτις
711 1416 743 1475 διν
758 1422 797 1489 είη
811 1420 1028 1499 πολυαρκεστάτη

254 1505 346 1562 τεκαὶ
366 1507 419 1564 τῶν
444 1503 607 1563 ἐπεισάκτων
624 1506 729 1581 ἀγαθῶν
748 1506 791 1564 ἐπὶ
805 1506 836 1564 τὸ
859 1507 923 1567 πολὺ
937 1508 1028 1588 ἐλάχι-

255 1615 315 1651 στον
338 1591 464 1669 δεομένη,
487 1591 586 1664 ταύτην
616 1592 757 1670 κρατίστην
786 1586 851 1653 εἶναι
878 1595 1026 1673 λογίζομαι.

255 1683 342 1740 Τοῦτο
357 1679 383 1741 δέ
397 1679 426 1738 τδ
440 1680 580 1760 παμφόρον
593 1679 638 1738 καὶ
653 1680 818 1760 πολυωφελὲς
832 1683 895 1762 παρ’
909 1687 1027 1754 ἡντινοῦν

201 1794 225 1832 rs
254 1769 337 1842 ἄλλην
352 1772 401 1844 γῆν
411 1767 529 1830 Ἰταλίαν
540 1768 614 1846 γἔχειν
629 1768 762 1844 πείθομαι.

292 1858 443 1939 xxxvii.
467 1859 507 1916 Οὐ
527 1857 578 1935 γάρ
595 1856 704 1936 ἀρούρας
723 1858 770 1933 μέν
790 1860 888 1935 ἀγαθάς
909 1861 962 1940 ἔχει
983 1865 1028 1922 καὶ

213 1988 214 1992 ,
253 1945 363 2015 πολλὰς,
381 1944 501 2022 ἄδενδρος
513 1943 534 2001 δ’
547 1943 617 2002 ἐστὶν
633 1947 668 2011 ὡς
682 1946 828 2027 σιτορόρος·
844 1950 898 2007 οὐδ’
913 1939 948 2008 αὐ
960 1950 1028 2031 quadr

253 2034 300 2108 μέν
315 2035 383 2091 ἐστιν
408 2030 485 2102 ἱκανὴ
510 2036 623 2091 παντοῖα
647 2033 805 2113 θρέψασθαι,
833 2036 984 2116 σπείρεσθαι
1003 2037 1028 2096 δ’

252 2124 286 2187 ὡς
311 2123 435 2198 δενδρῖτις
466 2119 653 2198 ὀλιγόκαρπος·
681 2123 734 2180 οὐδ’
763 2123 843 2203 άμρω
867 2124 915 2199 μέν
944 2132 1027 2184 ταῦτα

199 2235 226 2275 20
251 2208 377 2289 παρέχειν
389 2208 511 2287 δαψιλὴς,
520 2208 726 2287 προὸατεύεσθαι
738 2210 761 2268 δ’
775 2213 960 2284 ἀνεπιτήδειος·
972 2215 1028 2272 οὐδ’

253 2296 283 2355 άν
299 2319 338 2362 τις
357 2296 437 2365 αὐτὴν
459 2296 524 2374 ραίη
541 2294 710 2376 πολύκαρπον
726 2295 775 2374 μὲν
789 2289 856 2356 εἶναι
876 2300 922 2357 καί
945 2298 1029 2359 πολ-ὐ-

253 2386 356 2464 δενδρον
389 2382 433 2442 καί
460 2382 624 2456 πολύθυτον,
651 2385 806 2461 ἐνδιαίτημα
836 2388 859 2444 δ’
884 2386 1028 2467 ἀνθρώποις

253 2474 382 2553 ὑπάρχειν
411 2472 507 2551 ἄχαρι·
531 2474 589 2530 ἀλλ’
611 2476 667 2531 ἐστι
691 2475 778 2544 πάσης
803 2477 838 2541 ῶς
862 2476 943 2534 εἰπεῖν
963 2477 1027 2547 ἡδο-

253 2565 299 2632 νῆς
314 2585 343 2620 τε
359 2559 406 2620 καί
420 2560 546 2640 ὧριλείας
558 2562 681 2628 ἔκπλεως.
740 2561 822 2629 Ποίας
839 2563 886 2635 μὲν
899 2563 950 2643 γάρ
971 2564 1026 2623 λεί-

199 2676 225 2713 25
251 2672 330 2707 aaaron
353 2649 489 2730 σιτοφόρου
511 2648 548 2726 μὴ
575 2657 704 2725 ποταμοῖς
728 2649 795 2708 ἀλλὰ
824 2658 876 2716 τοῖς
901 2652 1028 2732 οὐρανίοις

252 2736 344 2796 ὕδασιν
359 2737 504 2816 ἀρδομένης
522 2735 556 2795 τδι
576 2737 727 2813 καλούμενα
747 2741 903 2815 Καμπανῶν
929 2741 1024 2813 πεδία,

252 2829 279 2883 ἐν
293 2817 330 2892 οἷς
342 2826 393 2903 ἐγὼ
407 2825 453 2884 καῖ
469 2825 627 2905 τρικάρπους
638 2827 788 2905 ἐθεασάμην
799 2828 910 2908 ἀρούρας
926 2829 1026 2908 θερινὸν

253 2913 296 2973 ἐπὶ
319 2916 460 2994 χειμερινῷ
482 2915 528 2973 καί
553 2914 731 2994 μετοπωρινὸν
757 2916 800 2973 ἐπὶ
818 2920 909 2995 θερινῷ
931 2916 1027 2996 σπόρον

199 3043 201 3048 -
253 3000 440 3081 ἐκτρεφούσας;
472 3003 549 3069 ποίας
572 3003 596 3060 δ’
629 3003 782 3083 ἐλαιοφόρου
807 3004 840 3061 rii
864 3007 1027 3064 Μεσσαπίων

199 3100 225 3141 ³⁰
252 3090 297 3147 καὶ
312 3089 430 3152 Δαυνίων
451 3089 496 3148 καί
515 3089 637 3149 Σαόίνων
652 3089 696 3148 καί
716 3092 820 3150 πολλῶν
842 3091 929 3150 ἄλλων
945 3093 1026 3173 γεῶρ·

252 3198 314 3256 για;
336 3176 412 3244 ποίας
434 3178 607 3258 δὀἐνορύτου
626 3179 759 3258 Τυρρηνία
783 3179 828 3237 καὶ
843 3178 963 3239 Ἀλόανολ
984 3181 1029 3239 καί

223 3272 226 3279 ’
252 3266 407 3342 Φαλερίνων
420 3264 506 3345 χωρία
519 3270 675 3342 θαυμαστῶς
691 3269 726 3335 ὡς
741 3266 912 3346 φιλάμπελα,
933 3269 979 3328 καὶ
993 3270 1027 3328 δι’

254 3353 394 3431 ἐλαχίστου
404 3353 489 3412 πόνου
508 3352 645 3418 πλείστους
660 3354 717 3430 ἅμα
733 3355 779 3413 καῖ
793 3356 947 3435 κρατίστους
962 3379 1028 3436 καρ-

254 3439 318 3507 πούς
338 3441 478 3521 ἐξενεγκεῖν
492 3441 610 3523 εὔπορος
626 3441 707 3521 χωρὶς
727 3441 754 3501 δέ
768 3447 814 3513 τῆς
835 3446 941 3525 ἐνεργοῦ
963 3447 1027 3502 πολ-

200 3550 226 3589 τε
252 3528 301 3600 λὴν
322 3529 370 3606 μὲν
396 3531 427 3588 ἄν
451 3553 490 3597 τις
509 3530 579 3610 clipea
605 3532 653 3601 raia
678 3532 715 3597 εἰς
745 3530 857 3606 ποίμνας
890 3532 1027 3607 ἀνειμένην

253 3620 349 3691 αὐτῆς,
367 3617 468 3689 πολλὴν
491 3618 519 3677 δέ
538 3617 586 3690 τὴν
605 3618 759 3697 αἰγονόμσν,
774 3621 813 3678 ἐτι
834 3621 862 3678 δέ
880 3621 964 3681 πλείω
983 3620 1029 3680 καλ

254 3705 471 3788 θαυμασιωτέραν
487 3706 534 3778 τὴν
555 3706 717 3789 ἱπποφορδόν
733 3731 761 3766 τε
777 3709 822 3766 καὶ
839 3710 1028 3788 βσυκολίδα·ἡ

252 3793 304 3874 γὰρ
326 3793 408 3861 ἕλειος
427 3793 473 3853 καί
491 3795 618 3871 λειμωνία
636 3796 733 3875 βοτάνη
750 3796 860 3877 δαψιλὴς
874 3788 955 3872 οὐσα,
977 3801 1028 3857 τῶν

252 3886 275 3939 τ’
291 3884 408 3963 ὀργάδων
422 3887 440 3956 ἡ
453 3885 563 3965 δροσερὰ
578 3884 624 3944 καί
636 3885 795 3964 κατάρρυτος
806 3886 912 3964 ἄπειρος
926 3886 974 3958 όση
985 3890 1029 3947 θέ-

199 3990 226 4028 ro
255 3993 293 4048 ρει
306 3974 415 4049 νέμεται
437 3974 483 4032 καί
500 3973 615 4053 παρέχει
634 3973 678 4032 διδι
695 3974 793 4040 παντὸς
808 3974 965 4045 εὐθηνούσας
982 3976 1029 4041 τὰς

255 4058 361 4134 ἀγέλας.
406 4061 518 4120 Πάντων
534 4063 557 4120 δ’
579 4061 644 4122 εἰσίν
660 4063 684 4119 σί
702 4062 795 4139 δρυμοὶ
815 4062 1029 4136 θαυμασιώτατοι

255 4146 317 4226 περί
327 4170 356 4205 τε
373 4145 406 4204 τδι
421 4149 564 4226 κρημνώδη
581 4149 669 4229 χωρία
683 4148 728 4207 καί
740 4149 786 4216 τδις
803 4148 888 4216 νάπας
904 4153 949 4208 καὶ
971 4148 1029 4217 τούς

255 4233 436 4311 ἀγεωργήτους
453 4236 560 4317 λάρους,
582 4239 609 4307 ἐξ
627 4228 663 4296 ῶν
679 4239 779 4308 πολλῆς
805 4237 852 4313 μέν
877 4240 1029 4317 εὐποροῦσιν

254 4320 318 4391 liter
329 4320 376 4379 καί
387 4322 470 4391 καλῆς
482 4325 517 4389 είς
526 4325 707 4403 ναυπηγησιν,
719 4327 819 4396 πολλῆς
834 4323 861 4382 δέ
873 4329 920 4395 τῆς
934 4327 970 4392 εἷς
983 4325 1030 4395 τάς

199 4428 226 4466 rs
256 4409 337 4475 άλλας
358 4407 481 4487 ἐργασίας
513 4411 626 4471 εὐθέτου.
671 4413 723 4473 liat
749 4413 848 4472 τούτοιν
870 4412 943 4472 οὐθὲν
971 4414 1029 4475 ούτε

256 4496 427 4577 δυσπόριστόν
447 4499 517 4557 ἐστιν
531 4498 591 4557 οὔτε
604 4500 694 4579 πράου)
706 4504 752 4570 τῆς
767 4502 929 4579 ἀνθρωπίνης
940 4505 1030 4583 χρείας

255 4586 385 4663 κείμενον,
397 4586 456 4644 ἀλλ’
467 4586 662 4665 εὐκατέργαστα
670 4589 716 4647 καί
725 4588 802 4671 ῥᾴδια
809 4592 930 4668 παρεῖναι
942 4593 1029 4652 πάντα

256 4673 300 4732 διά
313 4677 411 4745 πλῆθος
425 4678 477 4734 τῶν
491 4680 633 4749 ποταμῶν,
649 4675 674 4734 σί
686 4678 847 4755 διαρρέουσιν
862 4677 967 4737 άπασαν
981 4680 1029 4751 τὴν

257 4760 340 4831 ἀκτὴν
356 4764 400 4820 καὶ
421 4767 528 4821 ποιοῦσι
545 4761 592 4830 τάς
609 4786 638 4821 τε
660 4765 769 4838 κομιδὰς
790 4766 836 4826 καὶ
849 4766 895 4831 rie
910 4768 1030 4848 ἀμείψεις

199 4863 227 4904 to
257 4853 310 4907 τῶν
327 4852 357 4907 ἐκ
371 4854 419 4926 γῆς
433 4850 568 4930 φυομένων
583 4853 735 4917 λυσιτελεῖς.
776 4851 857 4932 Ἔχει
871 4856 924 4924 δή
940 4856 1031 4932 γῆκαὶ

148 4970 151 4975 ·
256 4937 362 5012 νάματα
378 4942 480 5018 θερμῶν
496 4938 598 4997 ύδάτων
613 4942 639 4998 ἐν
652 4940 758 5007 πολλοῖς
772 4944 904 5022 εὑρημένα
917 4943 1030 5022 χωρίοις,

253 5025 352 5104 λουτρά
373 5035 522 5106 παρασχεῖν
538 5027 634 5099 ἥδιστα
656 5027 701 5086 καί
724 5029 813 5096 νόσους
828 5031 951 5089 ἰάσασθαι
965 5054 1030 5112 χρο-

256 5112 324 5178 νίους
345 5112 455 5189 άριστα·
479 5116 525 5173 καὶ
541 5117 660 5194 μέταλλα
681 5117 853 5189 παντοδαπά,
869 5118 914 5177 καί
936 5119 1030 5197 θηρίων

257 5201 339 5279 άγρας
353 5200 486 5280 ἀφθόνους,
498 5204 543 5262 καὶ
554 5205 686 5277 θαλάττης
697 5203 774 5283 φύσιν
787 5206 948 5286 πολύγονον,
961 5206 1030 5266 άλλα

1083 552 1176 601 ratione
1188 552 1293 615 plurima
1305 553 1431 602 commoda
1446 556 1596 619 perceperit,
1613 557 1705 609 rlullarrr
1721 556 1794 607 aliam
1809 559 1855 608 irae

1081 635 1179 698 regione
1191 635 1381 686 commodiorem
1390 641 1501 701 reperiet.
1534 640 1558 688 Si
1569 640 1634 690 enim
1646 639 1756 691 eiusdem
1766 655 1847 705 magur

1081 718 1175 768 tudinis
1195 723 1276 769 terras
1296 719 1361 773 inter
1379 732 1405 769 se
1419 721 1609 784 comparaveris,
1624 722 1695 771 ltalia
1715 736 1769 773 meo
1787 723 1856 784 jndi-

1082 802 1120 851 eio
1137 815 1186 851 uorr
1201 804 1281 853 solum
1295 805 1432 866 Europam,
1445 804 1490 854 sed
1503 808 1528 854 et
1542 806 1676 867 quamlibet
1692 807 1764 855 aliam
1780 808 1856 859 totius

1081 884 1147 934 orbis
1159 886 1281 949 regionem
1296 885 1365 949 longe
1374 891 1481 950 superat.
1514 890 1667 950 Quamquam
1680 902 1729 937 non
1742 902 1781 938 me
1794 889 1856 953 lugit

1080 965 1146 1030 quod
1177 968 1261 1016 multis
1281 966 1431 1017 incredibilia
1450 969 1532 1019 dicere
1556 970 1664 1021 videbor.
1687 972 1855 1036 reperientibus

1080 1054 1213 1114 AEgypturn
1226 1054 1250 1099 ol
1260 1051 1365 1100 Africam
1378 1064 1407 1099 ao
1418 1049 1590 1116 Babyloniam,
1601 1056 1626 1103 et
1642 1054 1663 1101 si
1672 1068 1722 1117 qua
1743 1055 1792 1104 alia
1803 1057 1855 1105 loca

1080 1135 1113 1185 ob
1134 1136 1272 1186 felicitatem
1296 1136 1458 1186 celebrentur.
1491 1136 1539 1187 Sed
1558 1150 1604 1200 ego
1617 1142 1689 1189 terrra
1701 1152 1761 1203 opes
1773 1154 1819 1190 non
1831 1140 1854 1189 iu

1082 1235 1130 1270 uua
1144 1221 1198 1270 sola
1211 1221 1308 1285 tragum
1319 1222 1399 1283 speeie
1414 1234 1478 1284 pono
1491 1241 1498 1271 ι
1513 1235 1557 1272 nec
1567 1236 1607 1272 mc
1624 1221 1692 1273 subit
1705 1223 1854 1274 desiderium

1081 1306 1206 1356 babitandi
1217 1304 1257 1354 ubi
1271 1319 1328 1355 arra
1341 1308 1436 1355 lautum
1450 1309 1509 1355 suut
1522 1307 1634 1370 pinguia,
1647 1311 1783 1358 ceterarum
1797 1320 1856 1357 rero

1082 1401 1163 1438 rerum
1179 1388 1274 1436 utilium
1285 1391 1329 1437 aut
1348 1388 1413 1437 nulla
1432 1402 1532 1452 prorsus
1549 1393 1593 1439 aut
1610 1389 1742 1454 perexigua
1761 1391 1856 1441 utililas

1081 1470 1234 1535 percipitur:
1249 1471 1359 1521 sedeam
1372 1472 1496 1535 regionem
1509 1473 1627 1537 optimam
1641 1467 1695 1524 esee
1711 1478 1787 1536 pulo,
1798 1488 1858 1537 qua

1081 1553 1127 1604 sibi
1144 1554 1198 1618 ipsa
1212 1555 1318 1605 maxime
1330 1555 1433 1618 sullicit,
1448 1556 1639 1619 advecticiisque
1657 1556 1729 1606 lionis
1745 1557 1855 1621 plerum-

1080 1651 1129 1702 que
1147 1652 1222 1700 quam
1239 1637 1338 1688 minime
1346 1637 1455 1700 indiget..
1480 1639 1577 1689 ltaliam
1589 1654 1648 1691 vero
1667 1640 1732 1690 hauc
1745 1642 1855 1690 omnium

1081 1732 1162 1769 rerum
1181 1722 1275 1783 copiam
1291 1734 1319 1770 ac
1335 1720 1428 1770 νοτίοιο
1448 1721 1580 1771 utilitatem
1595 1726 1684 1785 praeter
1696 1726 1791 1773 celeras
1811 1736 1853 1773 re-

1081 1802 1165 1865 giones
1175 1801 1266 1853 babere
1283 1816 1427 1866 persuasum
1438 1804 1496 1853 mibi
1508 1808 1554 1854 est.

1113 1892 1233 1940 xlllll'll
1247 1892 1330 1953 Neque
1343 1890 1407 1940 enim
1422 1905 1482 1941 arra
1493 1892 1593 1955 quidem
1605 1892 1669 1942 bona
1680 1896 1706 1943 et
1718 1893 1796 1942 multa
1806 1892 1852 1943 ba·

1083 1980 1137 2042 bet,
1149 1983 1193 2032 sed
1202 1982 1332 2032 arboribus
1342 1987 1424 2044 ¹caret,
1439 1988 1468 2033 ut
1478 1983 1661 2051 trumentllera3
1678 1997 1758 2049 rreque
1767 1997 1854 2034 rursus

1081 2074 1170 2138 quibus
1188 2075 1314 2124 arboribus
1324 2074 1385 2125 libet
1396 2075 1490 2125 alaudis
1500 2080 1539 2126 est
1551 2075 1655 2137 idonea,
1668 2075 1712 2126 sed
1723 2076 1744 2125 si
1759 2079 1855 2126 seratur

1081 2180 1171 2231 paucas
1184 2167 1299 2231 producit
1310 2168 1400 2231 begea,
1415 2170 1444 2218 ul
1456 2167 1583 2218 arboribus
1595 2168 1689 2228 obsita3
1709 2180 1788 2230 neque
1800 2166 1852 2217 lar-

1081 2259 1144 2322 giter
1154 2260 1208 2308 inec
1217 2259 1315 2320 quidem
1329 2262 1433 2322 utraque
1447 2259 1600 2323 suppeditat,
1612 2259 1656 2310 sed
1672 2261 1753 2323 pecori
1765 2257 1853 2308 alendo

1082 2363 1169 2413 parum
1180 2355 1236 2414 apta
1247 2354 1298 2409 est;
1310 2364 1390 2415 nequa
1401 2353 1475 2402 elium
1482 2351 1571 2401 dixerit
1580 2350 1668 2414 aliquis
1680 2361 1734 2400 eam
1744 2349 1854 2412 lrugibus

1082 2441 1180 2505 quidem
1194 2445 1220 2492 et
1230 2441 1357 2492 arboribus
1366 2446 1392 2493 et
1400 2443 1500 2507 pascuis
1511 2444 1643 2504 abundare,
1658 2443 1702 2491 sed
1711 2442 1791 2491 locum
1799 2453 1856 2490 esse

1082 2533 1114 2583 ad
1132 2532 1291 2585 habitandum
1313 2535 1453 2584 hominibus
1467 2534 1625 2587 iniucundum
1642 2546 1749 2584 :rerum
1761 2532 1855 2595 omnis,

1083 2627 1111 2675 ut
1117 2625 1151 2675 ita
1158 2625 1248 2691 dicam,
1258 2626 1390 2690 voluptatis
1397 2629 1472 2689 atque
1477 2626 1590 2676 utilitatis
1598 2626 1721 2689 estplena.
1732 2624 1856 2683 Quaenam

1082 2721 1250 2771 trumentiiera
1260 2724 1334 2784 terra,
1346 2734 1403 2785 quae
1417 2734 1466 2771 uon
1478 2720 1560 2771 fluviis
1577 2720 1621 2771 sed
1632 2722 1705 2784 aquis
1717 2718 1857 2770 celestibus

1082 2814 1184 2877 rigatur,
1203 2813 1328 2864 interiores
1345 2817 1403 2864 sunt
1423 2813 1503 2878 campi
1520 2813 1563 2876 qui
1583 2817 1701 2863 vocantur
1721 2810 1856 2876 campaur

1082 2903 1108 2953 iu
1121 2905 1211 2968 quibos
1222 2918 1267 2967 ego
1277 2905 1328 2957 ridi
1339 2919 1398 2955 arra
1407 2906 1447 2956 vel
1461 2906 1544 2956 trilera
1554 2943 1561 2965 ,
1571 2919 1627 2970 quae
1637 2909 1772 2955 sementem
1785 2904 1855 2956 eati-

1082 3008 1139 3044 vam
1146 2999 1202 3057 post
1209 2994 1344 3056 hibernam,
1351 2998 1376 3044 et
1382 2994 1549 3044 autumnalem
1558 2996 1614 3057 post
1621 2994 1732 3044 estivam
1740 2991 1856 3042 reddunt.

1082 3089 1115 3136 Et
1131 3100 1201 3146 rura,
1217 3100 1273 3150 quae
1288 3086 1416 3149 Messapii,
1433 3086 1532 3145 Daunii,
1545 3084 1638 3145 Sabini,
1661 3084 1732 3134 multi
1748 3084 1787 3132 alii
1813 3096 1855 3133 eo·

1082 3179 1202 3238 lunt,cui
1218 3178 1338 3230 oliviferae
1360 3178 1468 3228 cedunt?
1482 3178 1522 3228 oui
1537 3177 1642 3226 rililerre
1657 3180 1789 3236 Etruscus,
1810 3174 1856 3225 Al·
1884 3166 1886 3169 ’

1083 3270 1177 3330 hanua,
1199 3269 1239 3319 vel
1255 3268 1372 3318 Falernus
1398 3282 1464 3331 ager,
1485 3267 1581 3318 ritibus
1601 3267 1691 3315 mirum
1708 3265 1734 3315 in
1754 3264 1856 3314 modum

1082 3362 1169 3422 amici,
1186 3360 1229 3424 qu‘r
1250 3360 1368 3425 plurimos
1383 3359 1460 3417 ¹simul
1480 3362 1506 3411 el
1525 3359 1632 3422 optimos
1647 3358 1743 3408 fructus
1756 3356 1857 3405 minimo

1082 3466 1139 3502 cum
1159 3451 1243 3501 labore
1265 3450 1335 3502 facile
1354 3451 1494 3501 ierunt?Et
1517 3453 1608 3513 praeter
1623 3452 1733 3507 terram,
1746 3459 1801 3509 que
1813 3458 1855 3494 co-

1083 3540 1151 3602 litur,
1163 3540 1267 3590 multam
1279 3539 1353 3590 eliam
1365 3538 1390 3588 in
1405 3538 1485 3589 ltalia
1499 3538 1606 3601 reperias
1616 3537 1700 3585 orium
1713 3546 1856 3598 caprarum·

1082 3643 1132 3694 que
1149 3628 1264 3693 gregibus
1284 3628 1413 3692 pascendis
1426 3627 1596 3677 destinatam:
1617 3624 1760 3688 ampliorem
1782 3621 1857 3672 eliam

1083 3721 1158 3781 atque
1180 3716 1385 3767 admirabiliorem
1399 3729 1486 3779 agrurn
1505 3713 1616 3765 invenias
1635 3712 1666 3762 ad
1687 3723 1808 3776 equorum
1828 3721 1858 3758 ae

1083 3804 1158 3855 boum
1169 3807 1279 3855 armenta
1289 3803 1412 3868 pascenda
1427 3809 1520 3866 aptum.
1553 3804 1616 3851 llam
1629 3799 1744 3865 palustris
1758 3811 1787 3847 ac
1802 3809 1858 3859 pra-

1083 3894 1162 3944 tensis
1180 3893 1270 3950 lrerba,
1290 3893 1361 3943 cuius
1380 3905 1468 3952 magna
1487 3894 1526 3941 est
1543 3890 1627 3953 copia,
1648 3890 1675 3938 et
1690 3890 1763 3936 terrm
1783 3883 1858 3933 cultra

1083 3978 1159 4029 irerlra
1171 3980 1266 4028 roscida
1279 3980 1305 4028 ct
1314 3978 1405 4040 irrigua
1416 3990 1465 4040 qua
1477 3989 1548 4040 pierre
1560 3973 1654 4024 infinita
1671 3977 1748 4037 pecus
1767 3972 1854 4020 aetate

1083 4066 1200 4130 pascitur,
1210 4079 1295 4129 greges
1307 4071 1333 4116 et
1350 4069 1461 4116 armenta
1483 4062 1610 4114 letissima
1629 4061 1747 4125 perpetuo
1763 4056 1855 4109 reddit.

1082 4157 1133 4206 Sed
1151 4156 1260 4218 inprimis
1279 4156 1387 4206 maxime
1406 4154 1511 4205 mirandi
1523 4156 1582 4204 suut
1603 4151 1694 4210 saltus,
1708 4151 1774 4200 circa
1789 4161 1857 4212 pree·

1083 4246 1156 4305 rupta
1176 4245 1203 4293 et
1219 4256 1349 4293 nemorosa
1362 4242 1416 4292 loca
1430 4246 1455 4291 et
1475 4241 1551 4292 colles
1570 4240 1692 4297 incultos,
1711 4251 1742 4289 ex
1764 4236 1856 4301 qulbus

1084 4345 1196 4395 magnam
1209 4336 1283 4394 alque
1295 4331 1416 4397 egregiam
1429 4330 1539 4381 materiae
1554 4329 1649 4393 copiam
1660 4327 1693 4379 ad
1707 4340 1783 4377 nares
1794 4324 1858 4376 aedi·

1084 4419 1207 4480 fruendas,
1228 4420 1380 4482 multamque
1399 4422 1425 4469 el
1447 4418 1502 4468 aliis
1523 4418 1638 4482 oporibus
1659 4420 1742 4480 aptam
1762 4417 1858 4479 petunt.

1084 4513 1164 4572 Atque
1177 4509 1267 4558 trorum
1282 4508 1343 4557 nilril
1363 4510 1402 4557 est
1416 4507 1455 4557 vel
1467 4509 1554 4571 paratu
1571 4506 1686 4566 diiircile,
1698 4504 1738 4554 uel
1757 4503 1789 4553 ab
1809 4502 1858 4550 lru-

1083 4596 1162 4646 manis
1174 4596 1262 4647 usibus
1276 4597 1397 4645 remotum
1411 4613 1418 4645 τ
1436 4595 1479 4646 sed
1491 4594 1572 4645 omnia
1586 4593 1658 4645 facile
1678 4593 1758 4658 parari
1769 4594 1796 4642 et
1811 4589 1858 4655 lra-

1084 4686 1136 4736 beri
1162 4688 1280 4749 possunt,
1302 4687 1401 4748 propter
1434 4682 1618 4734 multitudinem
1644 4681 1790 4740 tluvioruru,
1815 4677 1860 4742 qui

1084 4775 1163 4823 totam
1177 4785 1246 4821 oram
1268 4774 1411 4834 permeant,
1434 4774 1460 4821 et
1471 4771 1579 4820 elidunt
1600 4772 1629 4819 ul
1648 4767 1791 4828 commode,
1808 4770 1858 4816 tam

1084 4862 1245 4925 importantur
1258 4874 1330 4924 quarn
1345 4864 1513 4924 permutentur
1528 4872 1583 4919 res,
1597 4870 1659 4921 qnae
1676 4860 1743 4906 terra
1760 4854 1859 4920 progig-

1084 4951 1129 5000 rril.
1162 4951 1243 5001 Habet
1262 4950 1336 5000 eliam
1357 4948 1428 4999 ltalia
1451 4961 1570 5011 aquarum
1584 4945 1718 4996 caliduuur
1731 4942 1817 4995 multis
1834 4943 1860 4993 iu

1083 5040 1145 5090 locis
1156 5040 1341 5104 scaturrigines,
1357 5053 1414 5103 quae
1429 5038 1514 5090 balnea
1525 5035 1701 5087 iucundissima
1712 5033 1823 5099 prebent
1834 5035 1861 5085 el

1084 5127 1176 5177 morbis
1187 5127 1310 5178 diuturnis
1323 5127 1437 5178 sanandis
1447 5128 1503 5176 sunl
1513 5124 1657 5176 utilissime.
1691 5123 1772 5174 Habet
1785 5122 1861 5181 etiam

1084 5214 1210 5280 omnigena
1225 5212 1339 5277 metalla,
1351 5217 1377 5266 el
1386 5215 1497 5279 copiosas
1516 5215 1623 5263 terarum
1633 5210 1792 5272 venationes,
1804 5223 1859 5261 ma·
