4068 5924
622 385 918 458 abironitarum
939 388 1091 449 ROMdN.
1115 391 1188 453 iiii.
1212 392 1250 453 ii.
1672 396 1735 457 {05

133 507 283 585 Ῥωμύλον
301 515 377 583 ήτῆς
388 512 490 581 πόλεως
500 512 581 596 ἀργή,
597 516 698 576 Τατίου
711 516 913 587 τελευτήσαντος
967 530 1098 580 Romulum
1118 531 1203 590 rediit.
1229 532 1350 582 exstincto
1369 532 1442 582 Tatio
1467 545 1511 596 per
1536 532 1653 597 insidias,
1675 546 1739 596 quas

132 597 392 671 &immicis
417 602 914 683 primorempriniorem
967 620 1087 671 eomumu
1119 622 1300 673 casiniensium
1323 622 1454 688 optimates
1478 623 1500 673 ei
1527 623 1738 674 latiniacenses

129 691 159 748 οἱ
182 688 389 769 κορυφαιότατοι
412 691 640 772 συμφρονήσαντες
662 693 716 750 ἀπὸ
735 694 855 764 τοιαύτης
873 695 915 752 ni·

130 777 204 844 σίας.
222 780 286 838 Τῶν
306 775 415 855 ἑταίρων
439 780 504 844 τινὲς
517 784 563 837 τοῦ
583 780 684 841 Τατίου
702 781 843 859 λῃστήριον
857 779 915 850 ἐξα-

89 883 103 919 s
128 865 265 943 γαγόντες
285 868 320 930 είς
348 865 397 934 τήν
429 865 597 927 tudiniensis
621 868 721 949 χώραν,
740 867 868 948 χρήματά
890 871 913 929 τ’

130 954 225 1011 αὐτῶν
247 952 373 1032 ἥρπασαν
391 953 482 1011 πολλὰ
509 954 555 1012 καί
576 955 751 1033 βοσκημάτων
773 956 914 1027 ἀπήλασαν

128 1040 253 1116 ἀγέλας,
276 1044 329 1098 τῶν
350 1040 373 1098 δ’
388 1039 598 1112 ἐπιδοηθούντων
618 1040 662 1108 οθς
683 1040 730 1119 μίν
745 1041 911 1115 ἀπέκτειναν,

128 1124 178 1192 οὓς
204 1129 230 1184 δ’
258 1127 463 1206 ἐτραυμάτισαν.
514 1127 686 1211 ’λφικομίιης
710 1128 738 1187 ii
772 1129 917 1208 πρεσόείαςΙ

128 1213 210 1293 παρά
237 1216 289 1273 τῶν
312 1213 477 1291 ἠδικημένων
508 1217 554 1275 καὶ
573 1216 607 1276 τά
628 1217 707 1275 δίκαι’
737 1218 914 1293 ἀπαιτούσης,

80 1320 103 1361 io
132 1305 148 1359 δ
171 1301 225 1380 μίν
241 1300 379 1377 Ῥωμύλος
393 1301 528 1362 ἐδικαίωσε
539 1303 705 1383 παραδοῦναι
725 1301 786 1370 τοὺς
801 1304 914 1381 δράσαν-

127 1414 179 1456 τας
212 1393 270 1458 τοῖς
297 1392 457 1462 ἀδικηθεῖσιν
485 1390 611 1470 ἀπάγειν,
635 1393 650 1448 δ
676 1390 704 1450 δί
736 1392 834 1459 Τάτιος
859 1396 912 1451 τῶν

127 1477 250 1556 ἑταίρων
262 1479 447 1558 περιεχόμενος
463 1480 510 1536 ούκ
523 1477 598 1549 ἠξίου
611 1478 663 1560 πρὸ
686 1480 760 1551 δίκης
781 1479 853 1547 τινδς
866 1482 911 1538 ὑπ’

127 1569 239 1647 δχθρῶν
255 1568 378 1645 ἄγεσθαι,
392 1568 536 1626 καὶταῦτα
545 1568 655 1634 πολίτας
676 1569 751 1637 ὄντας
761 1570 811 1627 ύπδ
824 1568 911 1637 ξένων·

129 1657 291 1724 δικάζεσθαι
315 1656 338 1713 δ’
357 1655 444 1720 αὐτοῖς
460 1655 562 1715 δκίλευι
584 1654 644 1722 τοὺς
667 1657 807 1727 ἠδικῆσθαι
822 1656 912 1734 λόγον·

82 1765 104 1803 ισ
127 1767 177 1810 τας
202 1745 241 1808 εἰς
261 1741 370 1820 Ῥώμην
391 1742 569 1822 ἀφικομένους.
611 1745 647 1804 (it
667 1745 715 1819 piu
739 1744 771 1815 δὴ
789 1742 912 1824 πρέσόεις

127 1833 206 1891 οὐδὲν
221 1830 355 1908 εὑρόμενοι
369 1832 422 1888 τῶν
441 1830 547 1890 δικαίων
557 1833 760 1908 ἀγανακτοῦντες
778 1832 908 1911 ἀπήισαν·

128 1921 358 1988 ἀκολουθήσαντες
395 1919 419 1975 δ’
440 1919 526 1986 αὐτοῖς
552 1924 603 1976 τῶν
627 1918 750 1978 Σαόίνων
777 1920 844 1988 τινδς
863 1923 909 1980 ὑπ’

128 2008 224 2084 ἀργῆς,
244 2004 435 2082 ἐσκηνωμένοις
467 2004 542 2086 παρά
569 2006 618 2078 τήν
640 2007 713 2065 δδόν·
733 2006 832 2087 έσπίρα
859 2007 909 2088 γὰρ

130 2094 231 2160 αύτούς
256 2091 418 2151 κατίλαόιν·
443 2094 603 2153 ἐπιτίθενται
633 2093 795 2167 καθεύδουσι,
817 2094 863 2154 καί
878 2095 911 2155 τά

81 2202 105 2241 αι
128 2204 159 2239 τε
181 2180 306 2261 χρήματ’
317 2179 409 2247 αύτοθς
430 2183 600 2260 ἀφαιροῦνται
621 2181 666 2239 καὶ
682 2180 791 2249 ὁπόσους
812 2186 839 2242 ἐν
852 2190 909 2250 ταῖς

130 2270 236 2335 κοίταις
251 2269 290 2326 ἔτι
308 2266 455 2328 κατέλαόον
477 2270 701 2349 ἀποσφάττουσιν,
716 2270 786 2336 ieet<
807 2271 835 2330 δὲ
853 2294 908 2332 τα-

128 2370 194 2441 χεῖα
212 2365 259 2431 τῆς
273 2360 413 2432 iniecti<
435 2363 521 2420 αὐτῶν
535 2361 653 2434 αίσθησις
672 2362 776 2441 ἐγένετο
797 2362 844 2422 καὶ
863 2369 909 2423 τοῦ

130 2452 271 2530 διαφυγεῖν
286 2447 394 2523 δύναμις
403 2451 439 2515 είς
452 2449 500 2519 τήν
513 2451 588 2508 πολιν
606 2452 784 2530 ἀφικνοῦνται.
829 2452 908 2512 Μετὰ

130 2540 207 2595 τοῦτ’
233 2537 265 2595 ίκ
283 2559 312 2596 τε
341 2536 471 2597 Λαόινίου
490 2536 613 2617 πρέσόεις
640 2538 791 2619 ἀφικόμενοι
816 2541 860 2598 καὶ
884 2539 910 2608 ii

82 2639 106 2678 to
132 2626 223 2682 ἄλλων
242 2622 345 2683 πολεων
361 2627 463 2703 συχνῶν
484 2626 645 2703 κατηγόρουν
656 2630 703 2695 τῆς
722 2627 908 2705 παρανομίας,

129 2713 176 2770 καί
191 2713 307 2787 πολεμον
318 2713 513 2791 παρήγγελλον,
527 2716 549 2772 ei
560 2714 597 2788 μὴ
608 2712 740 2780 τεύξονται
750 2719 795 2784 τῆς
803 2713 886 2785 δίκης.

171 2802 234 2862 [ΙΙ.
250 2800 382 2881 Ῥωμύλῳ
398 2801 446 2877 μὲν
459 2791 504 2859 σύν
514 2800 613 2877 δεινδν,
630 2799 719 2881 ὥσπερ
744 2792 788 2872 ἦν,
804 2802 834 2859 τὸ
848 2800 909 2880 περί

130 2888 194 2955 ταδς
207 2886 373 2968 πρεσβευτάς
395 2888 515 2965 ἐφαίνετο
527 2891 610 2955 πάθος
630 2888 675 2946 καὶ
689 2887 798 2965 ταχείας
813 2891 908 2966 ἀφοσι-

129 2977 223 3042 όισεως
241 2976 368 3053 δεόμενον,
382 2979 418 3041 ὡς
431 2978 501 3055 ἱεροῦ
511 2975 707 3052 καταλυομένου
722 2975 810 3051 νόμον.
854 2976 908 3035 Καὶ

83 3082 106 3121 ει
131 3064 212 3123 pitis
235 3064 273 3122 ίτι
298 3064 491 3140 διαμελλήσας,
512 3067 547 3133 ὥς
573 3057 640 3123 εἶδεν
662 3065 837 3143 ὀλιγωροῦντα
863 3066 907 3125 τὀν

133 3153 257 3224 Τάτιον,
280 3152 352 3221 αθτθς
368 3152 499 3211 συνέλαύι
522 3150 581 3219 mire
604 3152 709 3230 ἐνόχους
728 3153 767 3233 τῷ
791 3152 849 3229 άγει
862 3153 907 3213 καὶ

134 3241 220 3312 δήσας
233 3239 366 3319 παρέδωκε
385 3244 439 3307 τοῖς
457 3240 630 3320 πρεσόιυταῐς
652 3239 772 3317 ἀπάγειν.
814 3243 839 3299 Τ
841 3237 906 3297 ατίοι

132 3329 159 3388 ii
174 3327 256 3403 θυμός
269 3329 294 3387 τ’
307 3328 453 3408 εἰσέρχεται
472 3333 518 3399 τῆς
532 3327 649 3408 θόρεως,
661 3329 692 3400 ἢν
706 3329 757 3388 iuri
774 3331 819 3386 τοῦ
842 3349 906 3385 συν-

135 3419 358 3497 άρχοντοςῄτιάθ
382 3415 502 3496 θόρίσθαι
526 3416 595 3475 κατὰ
612 3416 660 3487 τήν
684 3416 830 3495 παράδοσιν
854 3438 906 3474 των

86 3519 110 3558 ³⁵
136 3506 250 3586 ἀνδρῶν,
264 3505 312 3563 καί
339 3494 424 3569 οἶκτος
447 3506 498 3562 τῶν
528 3504 717 3582 ἀπαγομένων·
744 3494 776 3576 ἦν
796 3502 908 3582 γὰρκαὶ

134 3593 258 3672 συγγενής
272 3615 312 3658 τις
324 3592 405 3650 αύτοῦ
419 3593 457 3671 τῷ
471 3590 529 3668 άγει
545 3589 651 3669 ίνοχος·
674 3591 718 3649 καί
739 3589 833 3647 αὐτίκα
848 3586 907 3654 τοὺς

133 3682 295 3761 στρατιώτας
314 3680 456 3740 maistin
482 3680 585 3751 ίόοήθει
609 3680 652 3739 διδ
667 3679 774 3759 τάχους,
800 3678 827 3735 ίν
851 3677 904 3757 ὁδῷ

133 3768 154 3827 τ’
177 3770 252 3836 διτας
273 3767 336 3836 τοθς
363 3766 487 3849 πρίσόεις
520 3767 680 3828 καταλαόὼν
704 3765 825 3849 ἀφείλετο
848 3763 906 3831 τσθς

133 3859 324 3936 ἀπαγομένους.
376 3856 479 3937 Χρόνου
493 3856 516 3915 δ’
530 3859 560 3916 οὗ
574 3857 673 3915 πολλοῦ
694 3853 852 3924 διελθόντος,
871 3854 906 3918 ιίις

90 3960 111 3995 tt
135 3948 180 4021 μέν
195 3946 263 4013 τινές
277 3969 374 4026 φασιν,
391 3945 448 4022 ἅμα
462 3944 596 4024 Ῥωμύλῳ
609 3943 818 4022 παραγενόμενος
832 3943 867 4008 eia
876 3939 906 3998 τό

135 4035 259 4094 λαόίνιον
274 4034 352 4093 ἕνεκα
373 4037 474 4112 θυσίας,
496 4034 529 4106 ἣν
551 4033 603 4091 ἔδει
622 4032 676 4098 τοῖς
689 4027 820 4110 πατρῴοις
840 4034 906 4095 θεοῖς

133 4124 199 4200 liudp
210 4127 259 4195 τῆς
269 4122 369 4186 adse<
384 4127 460 4181 θ’ύσαι
478 4121 538 4187 τοθς
557 4121 688 4199 βασιλεῖς,
702 4117 851 4178 συστάντων
863 4118 905 4174 ἀπ’

134 4210 210 4270 rivis
224 4214 278 4270 τῶν
297 4210 409 4288 ίταίρων
434 4232 462 4268 τι
488 4208 535 4269 καί
559 4208 629 4286 γένει
643 4205 829 4284 προσηκόντων
852 4207 906 4271 τοῖς

132 4298 304 4378 ἀνῃρημένοις
321 4297 480 4378 πρίσδεσιν,
495 4299 541 4357 ini
559 4299 611 4355 τῶν
627 4297 724 4371 βωμῶν
740 4294 796 4359 ταῖς
812 4316 905 4371 μαγει·

92 4406 111 4444 u
134 4396 216 4461 ρικαῑς
231 4385 341 4467 σφαγίσι
364 4385 410 4446 καί
425 4393 479 4453 τοῖς
492 4386 627 4465 βουπόροις
651 4381 751 4446 δόελοῑς
764 4381 905 4456 παιόμενος

134 4475 302 4546 ἀποθνήσκει.
346 4474 393 4542 Ὦς
407 4476 429 4532 δ
443 4476 467 4532 oi
484 4474 545 4553 napi
560 4472 689 4534 Λικίννιον
704 4468 855 4550 γράφουσιν,
874 4470 903 4528 oi

134 4566 199 4638 μετά
221 4563 362 4640 Ῥωμύλου
389 4562 598 4643 παραγενόμενος
624 4558 681 4620 eiii
703 4558 781 4638 χάριν
808 4559 903 4640 ἱερῶν,

134 4652 200 4711 iiii
216 4654 293 4730 μόνος
306 4655 342 4720 ὡς
356 4650 454 4711 πείσων
473 4650 533 4718 τοὺς
548 4647 716 4720 ἀδικηθέντας
736 4650 839 4725 ἀφεῖναι
851 4646 906 4712 τοῖς

134 4740 271 4820 δεδρακόσι
284 4741 332 4813 τήν
353 4739 457 4820 ἀργὴν,
478 4740 708 4819 ἀγανακτήσαντος
726 4740 772 4793 τοῦ
790 4733 906 4805 πλήθους

92 4856 113 4896 υ
133 4829 176 4889 iti
193 4834 232 4910 τῷ
244 4830 282 4907 μὴ
297 4830 493 4907 παραδίδοσθαι
516 4829 589 4906 σφίσι
604 4825 662 4891 τοὺς
676 4825 781 4904 ἄνδρας,
800 4826 835 4888 ὡς
850 4821 905 4880 ότι

132 4914 269 4994 Ῥωμύλος
297 4917 437 4977 ἐδικαίωσε
461 4915 507 4975 Ικαὶ
534 4918 628 4987 ήητῶν
652 4912 796 4990 Ῥυιμαίων
821 4908 906 4989 ίκρινι

133 5006 228 5083 βωλὴ,
251 5005 299 5064 καὶ
326 5007 378 5063 τῶν
403 5004 586 5084 προσηκόντων
611 5007 664 5069 τοῖς
688 5003 809 5060 τεθνεῶσι
836 4997 905 5058 κατὰ

133 5096 228 5167 πλῆθος
251 5094 426 5176 δρμησάντων
440 5095 482 5151 ἐπ’
498 5093 590 5168 αὗτδν,
606 5092 730 5158 ἀδύνατος
743 5087 780 5147 ὧν
795 5088 833 5147 ln
847 5090 905 5146 δια-

132 5188 220 5263 φυγιῖν
238 5182 288 5255 τήν
309 5184 339 5241 ίκ
352 5181 439 5262 χειρός
452 5181 537 5256 δίκην,
556 5177 741 5241 καταλευσθεὶς
754 5177 799 5238 θπ’
819 5178 904 5237 αὐτῶν

967 711 1120 759 struxerant.
1155 708 1262 767 Quidam
1277 723 1308 760 ex
1319 709 1384 760 Tatii
1400 708 1486 759 amida
1504 708 1559 758 euin
1573 709 1738 772 praedatorum

967 807 1052 856 ιιιαιιιι,
1070 797 1134 847 iacta
1151 797 1177 846 iu
1191 811 1276 862 agrum
1296 798 1466 848 broniensem
1480 798 1632 854 excursione,
1649 796 1740 847 multas

967 896 1008 933 res
1020 897 1105 934 eorum
1122 889 1256 949 rapuerant
1269 890 1295 937 et
1306 887 1401 951 pecoris
1415 898 1500 950 greges
1519 885 1650 949 abegerant
1668 903 1675 934 ε
1693 900 1739 937 so-

966 981 1023 1019 rum
1044 973 1128 1020 aulem
1144 972 1186 1034 qui
1198 986 1270 1036 opem
1284 973 1392 1024 tulerant
1410 973 1471 1022 aiios
1492 972 1655 1031 trucidarunt,
1678 971 1739 1022 aiios

966 1057 1119 1107 sauciarunt.
1152 1058 1214 1109 (ium
1232 1063 1315 1109 autem
1332 1060 1405 1123 legati
1416 1058 1448 1109 ab
1460 1059 1497 1109 eis
1511 1059 1554 1120 qui
1569 1059 1682 1110 imbriam
1694 1072 1736 1109 ac·

966 1152 1081 1212 ceperant
1094 1151 1164 1202 mimi
1181 1165 1255 1201 suom
1278 1151 1376 1202 sibilus
1391 1152 1464 1200 tribui
1477 1151 1636 1215 postularent,
1650 1154 1738 1201 Romu·

965 1236 1005 1287 lus
1026 1252 1126 1302 mquam
1141 1253 1196 1290 esse
1212 1240 1309 1289 censuit
1334 1243 1361 1288 ui
1381 1239 1494 1289 maleficii
1513 1243 1627 1290 auctores
1649 1239 1738 1289 iniuria

965 1325 1059 1375 affectis
1083 1325 1231 1376 dederentur
1250 1327 1282 1375 ad
1301 1326 1448 1390 supplicium
1470 1343 1476 1375 ι
1498 1329 1524 1375 ai
1543 1326 1627 1376 'latina
1648 1325 1738 1377 amieo·

965 1435 1021 1471 rum
1034 1435 1147 1472 caussam
1165 1422 1300 1473 defendens
1312 1421 1437 1486 indignum
1459 1420 1586 1471 iudicabat
1600 1422 1695 1485 aliquos
1706 1422 1738 1472 ab

965 1514 1070 1566 inimicis
1092 1519 1148 1565 ante
1172 1516 1290 1566 indicium
1313 1516 1411 1577 abduci,
1431 1516 1567 1579 praesertim
1594 1528 1653 1565 vero
1672 1515 1738 1565 eires

964 1604 1086 1655 Romanos
1100 1617 1115 1652 a
1134 1604 1274 1667 peregrinis.
1307 1606 1390 1662 Quare
1402 1604 1474 1654 iussu
1486 1615 1539 1666 eos,
1550 1603 1593 1667 qui
1607 1603 1638 1653 de
1651 1602 1739 1652 iniuria

965 1691 1138 1756 querebantur,
1156 1695 1259 1743 Romam
1276 1694 1399 1757 protectos
1420 1692 1451 1743 de
1473 1691 1526 1743 iure
1543 1706 1600 1741 cum
1619 1692 1736 1741 aduersa·

965 1778 1008 1828 riis
1027 1777 1172 1842 disceptare.
1214 1778 1296 1843 Legati
1324 1778 1409 1841 igitur,
1434 1793 1491 1828 cum
1507 1777 1571 1827 nibil
1599 1776 1663 1840 aequi
1680 1775 1737 1826 boni

964 1865 1095 1928 impetrare
1109 1865 1262 1929 potuissent,
1286 1863 1461 1929 indignabundi
1484 1864 1659 1914 discesserunt.
1689 1866 1737 1913 Em

963 1958 1047 2005 autem
1068 1955 1146 2005 secuti
1167 1955 1269 2017 quidam
1287 1954 1367 2005 Sebini
1392 1952 1463 2011 irati,
1485 1953 1511 2002 iu
1535 1952 1649 2003 tentoriis
1668 1953 1738 2001 iuxta

964 2044 1029 2093 viam
1042 2044 1108 2107 (nox
1121 2046 1185 2093 enim
1195 2056 1238 2094 eos
1249 2043 1420 2108 oppresserat)
1430 2041 1579 2093 dormientes
1589 2042 1738 2098 inraseurut,

964 2135 990 2180 et
1011 2130 1124 2194 pecuniis
1153 2129 1304 2195 spoliarunt,
1330 2133 1357 2179 et
1382 2132 1504 2194 quotquot
1527 2126 1740 2192 deprehenderunt

964 2217 1045 2268 adbuc
1069 2219 1176 2268 iacentes
1191 2218 1216 2267 iu
1237 2217 1360 2268 cubilibus
1379 2218 1539 2282 iugniaruni,
1554 2218 1599 2280 qui
1617 2229 1677 2266 uero
1699 2215 1739 2264 in·

963 2306 1039 2357 sidias
1055 2319 1141 2356 eorum
1150 2306 1293 2370 praesentire
1307 2310 1333 2356 et
1344 2305 1448 2356 evadere
1462 2308 1601 2370 potuerunt,
1616 2303 1641 2354 in
1652 2303 1738 2354 urbem

962 2407 1040 2444 snum
1054 2392 1185 2443 redierunt.
1218 2393 1308 2442 Postea
1322 2395 1374 2443 tam
1388 2405 1403 2442 e
1417 2392 1526 2451 munnio,
1541 2405 1615 2454 quam
1627 2404 1657 2440 ex
1674 2389 1738 2440 mui-

962 2480 995 2530 tis
1008 2480 1062 2530 aliis
1075 2479 1216 2530 civitatibus
1227 2479 1300 2540 iegati
1315 2480 1384 2529 missi
1396 2484 1468 2540 suni,
1480 2479 1523 2541 qui
1535 2479 1567 2529 de
1578 2479 1670 2528 uiolato
1683 2478 1736 2529 iure

962 2566 1071 2631 gentiam
1083 2570 1300 2629 conquererentur,
1315 2571 1341 2617 et
1361 2567 1452 2616 beilum
1474 2565 1620 2627 indicerent,
1633 2564 1680 2614 nisi
1698 2563 1738 2615 ius

962 2667 1036 2705 suum
1048 2654 1193 2704 obtinerent.

991 2829 1045 2880 Lli.
1063 2831 1099 2877 Ac
1119 2825 1222 2878 Romulo
1237 2823 1339 2889 quidem
1352 2837 1427 2887 gravo
1447 2823 1474 2874 id
1488 2823 1622 2874 ridebatur
1643 2824 1687 2880 (ut
1709 2836 1738 2874 re

962 2931 1020 2968 sera
1042 2917 1109 2980 erat)
1130 2916 1196 2980 quod
1224 2915 1310 2977 legatis
1336 2914 1478 2978 acciderat,
1504 2919 1579 2977 atque
1601 2914 1738 2979 expiatione

961 3014 1076 3075 prompta
1090 3023 1179 3072 egeus,
1192 3009 1258 3074 quod
1270 3010 1311 3060 lea
1326 3008 1481 3058 sanctissino
1494 3007 1584 3058 violata
1598 3011 1673 3057 esset.
1687 3010 1738 3056 lieo

961 3106 1055 3157 diutim
1078 3108 1219 3165 cunctatus,
1245 3118 1303 3154 cum
1322 3101 1537 3155 antuudvertisset
1563 3099 1660 3149 Tatium
1683 3098 1731 3148 iroc

960 3202 1142 3266 parvifacere,
1160 3202 1263 3264 ipsemet
1289 3201 1476 3265 comprehendit
1503 3198 1614 3248 immines
1641 3197 1736 3260 piscario

892 3299 898 3318 ¹
960 3295 1088 3357 obnoxios,
1103 3298 1129 3344 et
1152 3294 1247 3343 vincior
1272 3293 1360 3356 tegatis
1381 3291 1539 3342 abducendos
1558 3288 1668 3339 tradidit.
1685 3290 1736 3338 To·

872 3418 890 3432 ε
960 3385 1022 3436 tium
1041 3398 1100 3435 nero
1116 3383 1152 3433 ira
1170 3383 1202 3433 ob
1219 3384 1291 3432 istam
1305 3381 1479 3431 coutumeliam
1499 3379 1588 3438 subiit,
1604 3392 1653 3444 qua
1676 3391 1703 3428 se
1723 3391 1738 3428 a

960 3477 1034 3543 regni
1053 3477 1120 3526 socio
1144 3480 1243 3540 propter
1258 3475 1355 3524 iliorum
1374 3474 1501 3524 bominum
1521 3471 1671 3522 deditionem
1696 3472 1733 3520 ai-

963 3573 1054 3623 lectum
1076 3570 1164 3622 aiebat.
1185 3572 1211 3619 et
1232 3568 1306 3618 simui
1325 3568 1399 3617 etiarn
1423 3570 1561 3617 commotus
1578 3569 1617 3615 est
1640 3564 1737 3614 miseri·

962 3662 1144 3712 condiaconum
1163 3660 1207 3723 qui
1227 3659 1419 3721 abducebantur,
1436 3674 1494 3710 uam
1513 3664 1540 3711 et
1552 3672 1618 3709 unus
1633 3672 1664 3708 ea
1683 3660 1737 3709 eius

961 3754 1071 3819 cognatis
1083 3754 1179 3819 piaculo
1194 3753 1315 3805 obnoxius
1336 3757 1397 3804 erat.
1431 3758 1511 3817 bique
1524 3752 1606 3803 statim
1616 3750 1735 3801 militibus

960 3856 1066 3922 stipatus
1085 3855 1202 3906 amitam
1228 3854 1287 3905 tulit
1306 3858 1332 3904 et
1351 3854 1435 3918 legatis
1457 3854 1481 3903 ia
1501 3852 1588 3903 itinero
1614 3850 1736 3914 oppressis

962 3963 1005 4000 cos
1020 3949 1065 4013 qui
1080 3947 1266 3999 abducebantur
1278 3945 1376 4009 eripuit.
1410 3949 1461 3996 iton
1483 3942 1561 3993 molto
1581 3946 1664 3992 antem
1678 3946 1734 4005 post

963 4049 1007 4108 (ut
1020 4046 1131 4098 nonnulii
1155 4044 1241 4108 oium)
1266 4057 1323 4093 cum
1338 4040 1442 4092 iiomuio
1458 4038 1587 4089 Lavinium
1613 4039 1738 4102 proiectus

949 4143 1076 4201 ,saerineii
1098 4155 1194 4202 caussa,
1214 4139 1281 4203 quod
1308 4138 1355 4188 diis
1376 4136 1463 4201 patriis
1483 4135 1611 4199 oportebat
1632 4148 1676 4200 pro
1698 4135 1734 4185 ci·

961 4239 1046 4289 vitatis
1057 4238 1162 4288 salutes
1173 4236 1271 4302 regibus
1281 4234 1345 4294 lieri,
1360 4235 1426 4284 iacta
1440 4234 1465 4282 iu
1479 4246 1536 4283 eum
1548 4232 1736 4297 conspiratione,

960 4343 975 4380 a
994 4331 1129 4394 legatorum
1143 4341 1263 4379 corsorum
1275 4327 1360 4378 amieis
1375 4330 1399 4378 et
1409 4325 1524 4376 aittuibus
1535 4325 1567 4374 ad
1578 4324 1657 4388 ipsam
1668 4334 1737 4371 aram

962 4425 1046 4475 cultris
1061 4425 1186 4475 culinariis
1198 4428 1225 4475 et
1235 4423 1343 4474 verubus
1357 4422 1447 4486 quibus
1458 4420 1490 4471 ad
1507 4420 1584 4469 bores
1606 4416 1736 4468 torrendos

961 4518 1095 4568 utebantur
1109 4529 1242 4580 percussus
1254 4513 1352 4565 cecidit.
1385 4513 1448 4573 Sed,
1466 4516 1494 4561 ut
1514 4510 1622 4561 Licinius
1640 4507 1735 4567 scribit,

959 4627 1039 4680 neque
1050 4629 1107 4665 cum
1120 4612 1225 4666 liomuio
1236 4624 1316 4677 oeque
1331 4624 1456 4661 sacrorum
1466 4621 1554 4658 caussa
1563 4619 1592 4655 oo
1601 4603 1678 4664 vonit,
1688 4604 1731 4655 aed

961 4717 1030 4769 solus
1043 4723 1163 4764 suasurus
1177 4709 1257 4769 lasis,
1276 4711 1305 4757 ut
1317 4708 1378 4757 irarn
1393 4706 1420 4755 in
1436 4708 1522 4754 sontes
1533 4701 1694 4757 remitterent,
1709 4701 1735 4747 ei

959 4812 1030 4878 plebe
1045 4823 1109 4874 agre
1120 4809 1227 4867 terente,
1236 4804 1303 4869 qood
1312 4802 1399 4853 iiiiviri
1414 4799 1461 4852 sibi
1477 4811 1525 4848 uon
1536 4797 1695 4856 dederentur,
1707 4803 1735 4849 ιιι

959 4912 985 4960 et
995 4907 1116 4959 Romulos
1129 4917 1228 4967 aequam
1249 4914 1304 4952 esse
1318 4902 1446 4950 censuerat
1464 4896 1554 4960 etipse
1571 4896 1736 4946 Romanorum

960 4990 1060 5051 sinatus
1073 4996 1231 5056 decreverat,
1245 4993 1277 5042 ab
1295 5003 1417 5042 cesorum
1429 4987 1539 5051 regiratis
1561 4997 1648 5048 magua
1663 4994 1737 5032 manu

959 5090 1054 5154 trupetu
1079 5088 1160 5147 lacto,
1197 5097 1255 5134 cum
1286 5085 1433 5147 praeseutem
1462 5077 1597 5128 uindictam
1625 5074 1736 5139 elingere

960 5197 1009 5233 uon
1020 5183 1119 5246 posset,
1132 5177 1256 5240 lapidibus
1271 5176 1302 5228 ab
1313 5176 1363 5227 iliis
1371 5174 1478 5238 ,obrutus
1495 5170 1597 5224 interiit.
1631 5169 1677 5219 iiic
1689 5165 1736 5230 igi·
