3980 5936
249 437 306 499 618
364 432 369 442 “

251 597 264 622 ιι
281 570 370 647 διᾶραι
383 568 414 626 τδ
434 566 542 643 στόμα,
569 563 639 626 ἀλλά
659 563 771 643 τὸνμὲν
795 569 899 644 πρῶτον
923 565 1031 627 εἰπόντα

252 685 265 712 ιι
281 658 404 737 περὶτῆς
422 653 581 735 κληρουχίας
601 653 716 735 Σπόριον
738 656 875 729 Κάσσιον,
896 656 968 736 τρισλ
983 655 1032 734 μὲν

253 775 265 799 ιι
283 742 420 810 ὑπατείαις
445 741 662 820 κεκοσμημίνον,
684 740 744 802 δυσὶ
763 742 791 801 δὲ
808 741 947 821 θριάμόοις
962 744 1031 818 λαμ·

253 862 266 887 ιι
280 831 437 913 προτάτοις,
463 830 594 904 τοσαύτην
621 833 649 891 δὲ
677 830 816 895 δεινότητα
841 831 903 910 περί
928 855 957 891 τε
985 832 1032 899 τάς

211 937 224 975 ο
253 919 459 1000 «στρατηγικὰς
485 919 591 1000 πράξεις
612 920 659 980 καί
679 921 740 999 περὶ
761 920 794 979 τθι
820 919 945 979 πολιτικά
968 924 1031 1001 βου-

253 1009 400 1083 ιιλεύματα
416 1008 639 1086 ἀποδειξάμενον,
655 1007 718 1082 όσην
739 1009 822 1076 οὐδεὶς
834 1013 887 1068 τῶν
902 1007 961 1069 τότε
981 1031 1028 1088 γε·

253 1129 265 1154 ιι
280 1100 410 1177 νομένων,
430 1104 522 1158 τοῦτον
537 1098 581 1157 τὸν
602 1098 684 1179 ἀνδρα
699 1100 884 1175 αἰτιασάμενοι
897 1100 1030 1179 τυραννίδι

253 1218 265 1243 ιι
281 1193 426 1270 ἐπιχειρεῖν
441 1187 488 1248 καί
501 1188 607 1271 ψευδέσι
620 1188 865 1266 καταγωνισάμενοι
876 1188 1032 1270 μαρτυρίαις

252 1306 265 1332 ιι
280 1280 314 1338 δι’
330 1278 403 1338 οὐδὲν
430 1277 535 1359 ἕτερον,
559 1278 616 1336 ἀλλ’
632 1274 672 1335 ότι
688 1276 825 1357 φιλόπολις
847 1269 879 1349 ήν
895 1276 942 1336 καί
957 1277 1030 1359 φιλό-

198 1383 225 1423 10
252 1395 265 1421 ιι
282 1370 382 1445 δημος,
414 1364 531 1433 ὤσαντες
566 1365 618 1424 ἀπὸ
642 1372 688 1425 τοῦ
717 1370 836 1444 κρημνοῦ
869 1365 1029 1446 διέφθειραν.

251 1485 264 1510 ιι
278 1458 357 1518 Γάϊον
389 1454 416 1516 δὲ
434 1454 711 1535 Γενύκιον,δήμαρχον
727 1453 790 1513 ὄντα
806 1454 946 1535 ήμίτερον,
971 1455 1028 1515 ἐπεὶ

252 1571 264 1597 ιι
278 1542 389 1603 τδάθτθ
403 1546 480 1604 τοῦτο
494 1544 643 1620 πολίτευμα
663 1541 730 1619 μετδι
743 1542 800 1611 ἔτος
813 1541 950 1602 ίνδέκατον
963 1544 1030 1602 ἀνε-

252 1660 264 1687 ιι
279 1637 381 1707 νεοῖιτο,
403 1633 449 1692 καί
478 1631 537 1699 τοὺς
563 1632 762 1698 ὑπατεύσαντας
787 1633 814 1690 ἐν
840 1636 878 1711 τῷ
905 1630 1031 1712 πρότερον

252 1748 264 1774 ιι
279 1723 391 1803 ἐνιαυτῷ
412 1721 573 1793 κατέστησεν
600 1720 651 1781 ὑπὸ
680 1719 754 1793 δίκην
778 1720 965 1798 ἀμελήσαντας
978 1724 1030 1780 τῶν

199 1823 224 1862 15
252 1811 454 1893 «ψηφισμάτων
477 1816 524 1883 τῆς
552 1812 667 1890 βουλῆς,
693 1808 788 1889 ἀπερί
813 1813 865 1868 τῶν
887 1808 1030 1890 γεωμόρων

252 1930 264 1957 ιι
280 1903 439 1984 ἐψηφίσατο,
458 1902 516 1961 tarsi
537 1905 654 1982 φανερῶς
668 1903 717 1980 οὐχ
731 1890 780 1961 dot
793 1899 817 1958 τ’
828 1890 896 1971 ἦσαν
918 1902 1030 1971 ἀνελεῖν,

251 2018 264 2045 ιι
279 2001 328 2073 μιᾷ
342 1991 467 2071 πρότερον
482 1988 571 2072 ήμίρα
584 1993 631 2060 τῆς
646 1987 721 2063 δίκης
737 1990 844 2067 ἀφανῶς
859 1986 1027 2067 ἀνήρπασαν.

250 2105 264 2131 ιι
281 2078 422 2159 Τοιγάρτοι
443 2077 525 2144 πολὺς
548 2075 654 2136 etam
678 2082 731 2143 τοῖς
748 2075 816 2152 μετὰ
829 2081 913 2134 ταῦτα
929 2073 1024 2156 φόόος,

250 2195 262 2219 ιι
277 2167 323 2226 καῖ
337 2167 420 2233 οθδιὶς
440 2167 479 2226 ἔτι
501 2167 531 2223 τὸ
556 2165 714 2241 κινδύνευμα
737 2171 813 2224 τοῦτο
837 2165 935 2238 ὑπέδυ,
959 2164 1028 2224 ἀλλά

196 2283 223 2323 20
250 2286 262 2311 ιι
277 2255 432 2335 τριακοστὸν
447 2258 503 2321 ἔτος
520 2254 577 2314 τοδί
589 2255 761 2336 ἀνεχόμεθα,
777 2250 869 2333 ὥσπερ
883 2255 911 2313 ἀν
927 2276 1027 2333 τυραν-

250 2373 262 2399 ιι
277 2346 327 2403 νίδι
340 2344 387 2414 τὴν
401 2343 518 2413 ἐξουσίαν
530 2342 737 2410 ἀπολωλεκότες.

288 2438 420 2498 XXXIX.
445 2462 459 2492 ιι
487 2434 545 2496 Ἐῶ
562 2434 665 2495 τάλλα·
692 2439 751 2496 ἀλλ’
776 2438 800 2495 οἱ
830 2441 874 2495 νῦν
904 2437 1028 2516 ἄρχοντες

249 2553 262 2579 ιι
277 2528 369 2605 ὑμῶν,
386 2525 431 2594 οθς
451 2529 527 2604 ὑμεῖς
541 2524 625 2604 ἰεροθς
643 2526 689 2585 καὶ
702 2525 814 2593 ἀσύλους
830 2525 974 2597 ἐποιήσατε
988 2527 1028 2604 τῷ

250 2643 262 2668 ιι
276 2614 364 2698 νόμῳ,
384 2614 410 2674 τί
424 2615 454 2674 ού
472 2613 619 2673 πεπόνθασι
637 2619 689 2675 τῶν
712 2617 802 2674 δεινῶν
818 2612 858 2672 ότι
880 2622 934 2682 τοῖς
955 2636 1027 2672 κατι·

196 2720 224 2758 ao
250 2732 263 2759 ιι
278 2704 432 2784 σχυομίνοις
452 2708 505 2765 τῶν
529 2704 679 2781 δημοτικῶν
708 2703 795 2777 ἠξίουν
824 2709 944 2779 βοηθεῑνς
969 2700 1029 2782 οὐχί

249 2817 262 2844 ιι
275 2790 431 2865 τυπτόμενοι
444 2788 694 2865 καίλακτιζόμενοι,
707 2790 849 2848 καίπάσαν
862 2791 951 2849 αἰκίαν
963 2794 1027 2849 ὑπο-

249 2903 262 2929 ιι
278 2875 412 2951 μείναντες
435 2875 611 2947 ἀπηλάθησαν
636 2878 667 2935 ἐκ
686 2881 734 2947 τῆς
758 2878 870 2953 ἀγορᾶς,
889 2878 935 2935 καί
954 2879 1028 2954 ὑμεῖς

250 2990 263 3017 ιι
278 2968 360 3021 ταῦτα
373 2962 525 3040 πάσχοντας
536 2966 668 3041 [δρῶντες]
682 2962 807 3041 ἀνέχεσθε
820 2964 865 3021 καί
874 2966 903 3022 οὐ
916 2968 1028 3033 ζητεῖτε,

244 3078 262 3106 ιι
279 3051 349 3116 ὅπως
375 3048 438 3127 παρ’
473 3049 559 3108 αύτῶν
596 3051 691 3128 [ταῦτα
715 3049 885 3129 τολμώντων]
913 3051 1028 3126 λήψεσθε

195 3160 222 3200 eo
249 3173 262 3198 ιι
277 3147 365 3219 δίκας,
381 3155 438 3212 ταῖς
447 3150 510 3222 γοῦν
524 3145 637 3226 ψήφοις,
650 3147 677 3205 ἰν
691 3140 731 3216 αἷς
741 3146 833 3224 μόναις
850 3144 947 3214 ἔξεστιν
962 3149 1023 3224 ὑμῖν

249 3260 261 3285 ιι
276 3232 462 3302 ἀποδείξασθαι
475 3234 522 3307 τὴν
536 3236 693 3313 ἐλευθερίαν.
729 3234 800 3296 Ἀλλ’
813 3234 853 3294 ἔτι
864 3234 910 3294 καί
921 3239 983 3308 νῦν,
1002 3222 1025 3291 ὦ

249 3349 261 3375 ιι
276 3321 408 3396 δημόται,
436 3321 559 3404 φρόνημα
578 3324 703 3392 λαθόντες
727 3323 880 3402 ἐλεύθερον,
909 3323 955 3382 καί
984 3324 1028 3381 τδν

250 3439 262 3463 ιι
276 3412 437 3492 γεωμορικθν
451 3412 530 3488 νόμον
545 3414 717 3494 εἰσφερόντων
742 3416 795 3471 τῶν
811 3412 958 3492 δημάρχων
972 3413 1029 3469 άπι-

251 3528 263 3552 ιι
279 3499 432 3581 κυρώσατε,
453 3501 520 3578 μηδὲ
535 3502 623 3581 φωνήν
639 3504 814 3581 ἀνασχόμενοι
840 3504 892 3560 τῶν
908 3502 942 3560 τθι
954 3503 1029 3559 ἰναν-

197 3609 224 3649 σε
252 3616 265 3642 ιι
278 3589 321 3648 τία
339 3588 491 3658 ἀξιούντων.
536 3589 631 3667 Ὑμεῖς
647 3589 695 3664 δὲ,
718 3581 741 3650 ό)
762 3591 919 3671 δήμαρχοι,
942 3612 1030 3668 παρα-

251 3677 396 3751 «κλήσεως
411 3679 458 3753 μὲν
471 3681 507 3746 εἰς
526 3684 603 3739 τοῦτο
616 3680 647 3739 τὸ
661 3681 735 3759 ἔργον
751 3683 781 3740 οὐ
797 3681 897 3740 δεῖσθε·
916 3679 962 3739 καί
976 3679 1027 3757 γδιρ

252 3794 264 3819 ιι
279 3766 375 3846 ἤρξατε
404 3769 478 3827 αὐτοὶ
511 3769 557 3828 καὶ
582 3771 632 3849 οὐχ
661 3769 917 3841 ὑποκατακλίνεσθε,
943 3771 1030 3835 καλῶς

252 3882 264 3909 ιι
280 3861 428 3924 ποιοῦντες·
449 3856 493 3917 tto
511 3859 533 3916 δ’
550 3860 581 3917 ἰκ
594 3864 647 3919 τῶν
661 3859 725 3918 νίων
744 3858 872 3918 αὐθάδεια
892 3858 938 3918 καί
951 3855 1030 3916 ἀναί·

196 4006 200 4019 ,
252 3970 265 3998 ιι
280 3946 336 4004 δεια
351 3949 413 4023 ὑμῖν
437 3945 558 4021 ἐμποδὼν
573 3945 701 4027 γένηται,
724 3946 784 4015 τοὺς
804 3947 945 4014 καδίσκους
960 3948 1029 4005 ἀνα-

198 4062 225 4100 to
252 4058 265 4083 ιι
278 4034 426 4114 τρεπόντων
445 4033 525 4106 ἢτδις
548 4034 650 4116 ψήφους
668 4036 837 4115 ἁρπαζόντων
853 4034 895 4108 ,ἢ
918 4035 985 4095 ἄλλο
1004 4055 1030 4092 τι

252 4147 265 4173 ιι
280 4121 340 4200 περί
357 4120 404 4193 τήν
419 4124 584 4205 ψηφοφορίαν
604 4123 808 4198 ἀκοσμούντων,
826 4121 927 4192 δείξατε
942 4121 1030 4188 αὐτοῖς

252 4236 264 4260 ιι
284 4208 316 4281 ἢν
329 4209 386 4288 ἔχει
404 4212 434 4270 τὸ
450 4214 556 4290 ἀρχεῖον
569 4213 655 4293 ἰσχύν.
672 4213 725 4275 Καὶ
738 4212 830 4284 ἐπειδή
845 4215 875 4270 οὐ
886 4211 946 4278 τοὺς
957 4209 1031 4270 ὑπά·

253 4326 266 4350 ιι
280 4321 339 4365 τους
358 4297 441 4367 ἔξεστι
465 4307 567 4359 παῦσαι
580 4306 627 4373 τῆς
650 4301 781 4374 ἐξουσίας,
798 4300 858 4368 τοὺς
872 4299 980 4368 ἰδιύιτας
993 4290 1031 4366 οῖς

252 4416 265 4441 ιι
281 4389 344 4468 πρὸς
368 4388 403 4447 τθι
424 4388 497 4468 βίαια
514 4391 656 4469 ὑπηρέταις
681 4393 774 4452 ἰκτῖνοι
801 4393 920 4471 χρῶνται
945 4411 1030 4449 κατα-

199 4513 225 4551 45
252 4505 265 4531 ιι
280 4477 424 4550 στήσαντες
445 4477 496 4538 ὑπὸ
511 4479 599 4552 δίκην,
621 4479 731 4541 ἀνάδοτε
748 4484 786 4560 τῷ
805 4479 883 4562 δήμῳ
903 4476 952 4545 τδις
972 4476 1032 4557 περί

253 4594 265 4619 ιι
282 4568 368 4627 αὐτῶν
385 4568 503 4648 ψήφους,
523 4568 709 4645 αἰτιασάμενοι
724 4565 799 4648 παρδι
812 4565 872 4635 τοῖις
885 4566 970 4649 ἱεροὺς
989 4565 1032 4626 νό-

253 4684 265 4707 ιι
281 4678 344 4731 μους
361 4658 496 4733 βιάζεσθαι
511 4657 557 4714 καί
577 4655 718 4716 καταλύειν
733 4658 807 4733 ὑμῶν
819 4654 868 4727 τήν
884 4650 985 4734 ἀρχήν.Ι
998 4680 1010 4706 u

292 4743 352 4802 XL.
375 4746 495 4802 Τοιαῦτα
510 4743 626 4814 εἰπόντος
642 4748 733 4822 αὐτοῦ,
744 4743 773 4802 τὸ
785 4742 832 4817 μὲν
843 4745 942 4814 πλῆθος
951 4740 1032 4809 οὕτως

252 4829 352 4897 οἰκείως
365 4831 465 4903 διετέθη
478 4834 543 4913 πρὸς
557 4833 616 4901 τοὺς
632 4834 735 4913 λόγους,
757 4834 803 4895 καί
814 4831 947 4903 τοσαύτην
968 4832 1033 4890 ἀπε-

198 4948 226 4989 ςη
254 4919 355 4989 δείξατο
370 4922 550 4997 ἀγανάκτησιν
566 4920 631 5002 πρὸς
650 4923 680 4982 εδ
695 4923 837 4982 ἀντίπαλον
856 4920 944 4992 ὥστε,
967 4916 1032 4999 ὅπερ

253 5007 317 5088 ἔφην
346 5007 392 5067 καί
416 5016 477 5067 κατ’
496 5008 598 5090 ἀρχθις,
628 5010 694 5088 μηδὲ
724 5012 799 5091 λόγον
827 5010 866 5070 ἔτι
894 5009 1033 5089 βούλεσθαι

252 5100 305 5153 τῶν
328 5096 514 5165 ἀντιλεξάντων
535 5099 687 5176 ὑπομίνειν.
731 5099 766 5160 Ὁ
787 5100 876 5176 μέντοι
896 5098 1033 5178 δήμαρχος

253 5181 377 5249 Ἰκίλλιος
399 5186 524 5252 ἀναστάς·
543 5214 555 5240 ιι
570 5186 614 5246 Τά
629 5187 677 5263 μὲν
692 5186 761 5247 ἀλλα
784 5187 833 5266 ἔφη
848 5186 936 5244 πάντα
951 5187 1034 5265 ὀρθῶς

254 5298 268 5323 ιι
285 5271 366 5330 εἰπεῖν
398 5272 588 5351 Σίκκιον,καί
612 5273 713 5353 μακρὸν
738 5274 843 5332 ἔπαινον
870 5278 914 5330 τοῦ
941 5272 1033 5352 ἀνδρὸς

771 432 941 494 DIONYSll
963 431 1341 497 HaticaRNassithts

1085 578 1141 626 «ut
1158 590 1189 626 ue
1212 576 1317 626 liberam
1328 573 1430 638 quidem
1447 586 1535 624 vocem
1559 586 1607 632 pro
1621 572 1702 637 patria
1712 584 1880 636 quemquam

1085 673 1097 697 ι
1112 657 1223 705 nostrum
1238 654 1366 715 emittere,
1389 653 1439 703 uuo
1453 666 1485 703 ne
1498 651 1595 703 hiscere
1605 650 1707 714 quidem
1721 651 1877 715 patientum

1085 732 1160 783 used
1183 734 1224 796 sp.
1248 733 1376 793 cassium,
1392 731 1437 795 qui
1459 730 1555 793 primus
1572 728 1605 779 de
1625 729 1691 794 agris
1723 727 1880 779 dividendis

1084 826 1097 851 ιι
1112 808 1263 858 ιιιοιιῑίοιισιιι
1294 808 1361 869 iecit,
1380 806 1462 857 tribus
1484 805 1656 856 consulatibus
1672 808 1750 868 atque
1768 803 1879 854 duobus

1084 886 1255 936 acladoeimis
1273 886 1405 951 triumphis
1427 890 1558 947 ornatum,
1581 884 1624 948 qui
1644 883 1705 933 forie
1723 883 1751 932 in
1772 883 1878 933 artibus

1084 964 1288 1029 «imperatoriis,
1306 969 1332 1015 et
1346 964 1413 1014 domi
1435 963 1461 1013 in
1473 962 1584 1014 consiliis
1605 960 1748 1026 reipublicae
1763 960 1878 1025 dandis,

1084 1054 1097 1086 ι
1111 1047 1188 1095 tento
1199 1045 1336 1109 prudentiae
1349 1043 1488 1108 specimen,
1503 1044 1604 1105 quautre
1614 1041 1699 1090 nulius
1711 1039 1779 1090 alius
1787 1040 1880 1092 oetatie

1084 1142 1097 1167 ιι
1110 1137 1162 1175 suo
1173 1123 1285 1184 dederat,
1299 1126 1396 1173 tantum
1410 1123 1509 1183 virum,
1528 1119 1633 1171 crimine
1644 1121 1772 1171 aiiectstae
1786 1124 1881 1184 tyran·

1086 1220 1098 1251 ιι
1112 1203 1178 1254 nidis
1191 1204 1303 1268 objecto,
1322 1202 1391 1253 saisis
1401 1201 1552 1253 ιάειίιιιοιιίἰε
1566 1212 1713 1264 oppressum
1728 1200 1764 1249 ob
1775 1200 1880 1250 nntium

1086 1283 1185 1334 caium
1197 1297 1326 1344 caussam,
1348 1296 1423 1350 quam
1443 1281 1512 1348 quod
1534 1283 1624 1347 patrias
1638 1284 1665 1333 et
1685 1280 1771 1346 piebis
1783 1294 1881 1331 amaus

1087 1377 1146 1413 «ac
1158 1364 1283 1415 studiosus
1307 1367 1389 1423 esset,
1403 1362 1435 1413 de
1458 1348 1516 1413 saro
1534 1361 1688 1425 precipitem
1706 1359 1830 1411 dederint
1848 1374 1881 1411 ac

1087 1443 1149 1493 rita
1168 1443 1343 1495 interfecerint.
1376 1441 1465 1494 Caium
1488 1455 1549 1493 rero
1570 1441 1716 1501 Genucium,
1739 1441 1880 1491 tribunum

1087 1538 1099 1569 ι
1112 1526 1238 1583 nostrum,
1252 1524 1310 1586 quia
1320 1525 1377 1588 post
1389 1522 1548 1572 undecimum
1565 1533 1658 1571 sunum
1669 1519 1778 1569 eandem
1795 1521 1879 1583 legem

1087 1600 1257 1663 «renovabat,
1282 1604 1308 1652 et
1325 1599 1432 1665 proximi
1456 1604 1512 1650 ante
1533 1612 1607 1650 nuum
1631 1598 1791 1648 tribunatum
1818 1600 1879 1649 anni

1087 1697 1099 1727 ιι
1116 1679 1259 1731 censalibus
1270 1679 1336 1731 diem
1357 1680 1462 1739 dixerat,
1484 1678 1518 1729 ob
1529 1678 1669 1744 neglectum
1682 1680 1880 1730 senatusconri-

1088 1774 1100 1805 ιι
1114 1761 1168 1809 tum
1180 1759 1212 1809 de
1224 1773 1284 1824 agro
1292 1758 1426 1809 diuidendo
1440 1760 1541 1822 iactum,
1556 1758 1673 1823 quonum
1683 1763 1771 1823 aperte
1783 1772 1879 1809 necare

1089 1851 1165 1887 «non
1185 1841 1331 1902 potueruut,
1352 1838 1444 1903 pridie,
1460 1851 1535 1902 quam
1560 1838 1682 1901 iudicium
1706 1838 1794 1898 tieret,
1810 1839 1878 1888 eiam

1087 1934 1101 1963 ιι
1116 1917 1147 1967 de
1161 1918 1243 1968 medio
1255 1919 1417 1969 sustulerunt.
1449 1921 1512 1977 Que
1521 1930 1562 1967 res
1576 1916 1637 1967 aiios
1651 1916 1770 1968 tribunus
1780 1922 1878 1981 postea

1088 2012 1100 2041 ιι
1117 1995 1196 2045 tuctus
1210 1994 1283 2047 rude
1297 1995 1395 2058 terruit,
1406 2008 1453 2047 uec
1468 1995 1536 2045 ullus
1549 1995 1658 2058 amptius
1672 1995 1721 2045 iaoc
1732 1995 1878 2059 φεεὶωΙιιια

1088 2091 1100 2123 ιι
1115 2073 1198 2123 subire
1210 2075 1249 2124 est
1261 2087 1353 2135 susus3
1376 2074 1419 2123 aed
1436 2076 1488 2137 jam
1511 2072 1653 2124 tricesimus
1668 2073 1710 2122 hic
1723 2076 1767 2124 est
1778 2087 1876 2133 annus,

1087 2170 1100 2200 ιι
1115 2166 1145 2203 ex
1157 2166 1207 2215 quo
1227 2152 1282 2203 hec
1297 2153 1460 2217 perierimus,
1473 2153 1545 2218 quasi
1560 2153 1584 2203 in
1605 2151 1738 2216 tyrannide
1760 2156 1873 2203 nostrum

1090 2248 1102 2278 ιι
1116 2232 1265 2295 potestatem
1276 2231 1441 2281 omiserimus.

1119 2426 1250 2475 xxxiiia
1267 2425 1362 2476 Omitto
1381 2424 1449 2475 alia:
1469 2425 1513 2475 ead
1528 2438 1606 2486 quum
1621 2425 1703 2476 tesbi
1718 2424 1868 2487 istimegis-

1088 2528 1100 2560 ι
1114 2516 1195 2564 uatus
1212 2527 1278 2564 nuuc
1291 2513 1441 2579 quibusdam
1466 2512 1568 2577 plebeiis
1578 2512 1630 2562 rim
1647 2512 1801 2578 patientibus
1814 2514 1873 2564 nei·

1088 2599 1166 2651 «lent
1188 2614 1260 2664 opem
1283 2602 1363 2665 terre,
1379 2615 1442 2666 quoe
1465 2604 1548 2651 vestas
1577 2600 1633 2667 lege
1652 2604 1832 2652 summotos
1849 2606 1877 2652 et

1088 2688 1266 2740 «inviolabiles
1288 2702 1342 2739 esse
1364 2688 1495 2749 uoluistis,
1515 2689 1607 2751 qubus
1625 2686 1758 2739 atrocibus
1772 2687 1879 2749 imuriis

1089 2791 1163 2827 anon
1177 2780 1237 2828 sunt
1251 2777 1350 2828 adfecti?
1371 2791 1452 2827 nonne
1467 2777 1555 2841 pugnis
1568 2780 1595 2829 et
1611 2775 1723 2827 calcibus
1746 2778 1841 2841 petiti,
1852 2780 1879 2827 et

1087 2884 1101 2912 ιι
1115 2880 1188 2917 omne
1202 2866 1358 2917 contumelias
1372 2879 1450 2930 geum
1460 2865 1542 2930 passi,
1557 2880 1590 2916 ex
1606 2865 1659 2916 som
1670 2865 1739 2930 puisi
1755 2865 1879 2917 inerunt?

1090 2959 1141 3005 net
1153 2967 1198 3004 ros
1211 2954 1266 3004 bec
1286 2954 1370 3013 ῐειθο,
1387 2966 1432 3004 uec
1451 2953 1564 3016 quaeritis
1586 2952 1713 3018 quomodo
1737 2965 1830 3015 pamas
1847 2951 1879 3005 de

1089 3064 1101 3087 ιι
1117 3041 1172 3093 istis
1185 3043 1302 3103 sumatis,
1315 3046 1338 3092 ει
1353 3055 1406 3091 non
1415 3042 1472 3092 ntia
1483 3043 1598 3103 ratione,
1621 3039 1711 3092 mitem
1725 3040 1877 3105 mngib,

1089 3153 1101 3175 ι
1116 3132 1207 3197 quibus
1217 3131 1276 3183 solis
1287 3132 1391 3197 potestis
1409 3131 1550 3192 declarare,
1562 3144 1609 3182 νοε
1618 3142 1674 3191 esse
1688 3128 1796 3179 liberos.
1830 3129 1880 3180 Sed

1090 3241 1103 3264 ι
1117 3221 1190 3285 agite,
1205 3221 1327 3284 Quirites,
1352 3234 1418 3271 nunc
1427 3220 1527 3270 tandem
1541 3219 1633 3270 liberos
1647 3217 1755 3283 spiritus
1769 3219 1879 3275 sumite,

1090 3327 1101 3356 ιι
1117 3313 1142 3359 et
1150 3309 1229 3372 legem
1246 3308 1381 3372 agrariam,
1393 3320 1471 3371 quam
1488 3307 1583 3357 tribuni
1596 3307 1688 3365 temnt,
1704 3308 1804 3357 restris
1823 3309 1880 3356 sut·

1089 3419 1101 3441 «
1120 3398 1203 3459 irugiis
1220 3397 1326 3456 sancite,
1357 3399 1384 3448 et
1403 3410 1435 3446 ue
1458 3409 1547 3447 vocem
1572 3395 1673 3459 quidem
1698 3393 1879 3446 discussorum

1090 3504 1101 3534 ιι
1114 3486 1209 3538 audite.
1242 3486 1320 3537 Vobis
1339 3499 1413 3547 vero,
1437 3484 1543 3547 tribuni,
1568 3483 1742 3536 adhortatione
1761 3485 1797 3535 nd
1813 3485 1880 3536 banc

1088 3597 1100 3619 ιι
1118 3590 1169 3626 rom
1187 3589 1237 3626 nou
1258 3580 1296 3626 est
1310 3589 1382 3639 opus.
1417 3577 1469 3625 Vos
1488 3576 1555 3625 enim
1575 3573 1652 3635 buius
1672 3574 1737 3635 lepis
1758 3577 1881 3625 suctores

1089 3685 1101 3708 ι
1116 3666 1184 3728 estis,
1196 3668 1223 3716 et
1234 3668 1302 3715 recte
1321 3664 1409 3723 tacitis,
1428 3665 1495 3728 quod
1511 3663 1604 3713 nemini
1625 3662 1731 3714 cadatis.
1765 3664 1881 3721 Quodsi

1089 3754 1244 3805 «insolentia
1257 3767 1287 3803 nc
1304 3752 1458 3817 impudentis
1474 3752 1617 3813 juniorum,
1635 3766 1710 3803 urnas
1721 3753 1880 3803 subverten-

1092 3860 1103 3889 ι
1118 3843 1198 3903 tium,
1214 3846 1257 3892 eut
1275 3841 1385 3892 calculos
1406 3841 1581 3906 eripientium,
1599 3844 1643 3893 aut
1656 3841 1753 3905 aliqaud
1768 3842 1837 3891 aliud
1850 3842 1879 3891 in

1090 3952 1102 3975 ι
1118 3931 1290 3995 suffragiorum
1311 3929 1401 3982 latione
1434 3929 1580 3981 immodeste
1618 3929 1778 3991 iacientium,
1803 3929 1881 3982 robis

1089 4042 1101 4066 ιι
1116 4022 1293 4087 impedimento
1313 4022 1400 4084 suerit,
1418 4021 1540 4073 ostendite
1562 4021 1637 4086 ipsis,
1657 4026 1755 4085 quanta
1773 4023 1810 4073 sit
1824 4022 1883 4075 eoi·

1089 4131 1101 4155 «
1116 4112 1259 4175 legiireetri
1274 4111 1392 4177 potentia.
1427 4113 1459 4162 Et
1470 4112 1587 4174 quoniam
1607 4111 1737 4162 consutum
1760 4116 1883 4175 potesta-

1089 4220 1101 4245 ιι
1114 4203 1164 4251 tem
1178 4201 1296 4265 abmgure
1306 4199 1434 4259 nonlicet,
1449 4198 1505 4249 iilos
1518 4198 1728 4264 privatoseorum
1742 4200 1882 4252 violentias

1089 4308 1100 4330 ιι
1114 4289 1241 4345 ministros
1255 4289 1278 4338 iu
1285 4289 1406 4352 judicium
1425 4286 1557 4347 adducite,
1572 4291 1598 4337 et
1606 4286 1705 4352 piebem
1715 4287 1744 4337 in
1755 4279 1884 4355 ευθῐεεμῑι

1089 4393 1101 4423 ιι
1116 4377 1148 4427 de
1168 4378 1217 4428 iliis
1228 4378 1331 4438 mittite,
1345 4376 1443 4429 crimini
1457 4377 1504 4427 Ιιοο
1517 4376 1567 4428 iilis
1578 4376 1683 4437 dantes,
1698 4378 1770 4440 quod
1786 4382 1882 4429 oontn

1089 4468 1225 4514 «sacratae
1254 4464 1320 4528 leges
1342 4467 1453 4515 reanum
1480 4464 1651 4527 magistratum
1679 4462 1776 4515 viciare
1800 4469 1883 4530 atque

1089 4552 1231 4614 «abrogare
1246 4555 1375 4602 conentur.
1391 4571 1404 4596 s

1117 4754 1167 4801 XL.
1178 4753 1231 4801 Hac
1243 4750 1298 4813 ejus
1310 4752 1423 4802 oratione
1444 4750 1514 4816 plebs
1528 4750 1591 4802 adeo
1600 4750 1694 4801 adiecta
1711 4752 1737 4799 et
1745 4756 1883 4804 connino

1088 4840 1143 4903 tuit,
1158 4843 1301 4903 tantamque
1325 4841 1516 4905 indignationem
1540 4840 1566 4890 iu
1589 4828 1746 4890 adversarios
1762 4842 1882 4893 ostendit

1088 4934 1117 4980 ut
1129 4928 1352 4993 (quemadmodum
1367 4934 1393 4981 et
1411 4929 1532 4994 principio
1546 4929 1615 4992 dixi)
1628 4943 1659 4980 ιιε
1669 4941 1761 4979 νοοειιι
1770 4930 1880 4993 quidem

1089 5017 1257 5069 dissuasorum
1271 5018 1379 5082 amplius
1395 5019 1458 5068 serre
1476 5016 1557 5068 veliet.
1591 5016 1640 5068 sed
1659 5017 1745 5067 Iciiius
1756 5018 1881 5068 tribunus

1088 5118 1229 5167 assurgens,
1251 5106 1315 5156 dixit
1335 5126 1347 5150 ι
1364 5109 1455 5157 caetera
1469 5105 1570 5169 quidem
1592 5111 1660 5156 recte
1679 5105 1798 5156 locutum
1821 5107 1880 5156 sie·

1089 5210 1102 5235 ι
1118 5191 1199 5251 οἰοιιι,
1217 5191 1351 5256 multisque
1379 5190 1494 5242 laudibus
1515 5189 1639 5241 hominem
1661 5190 1783 5241 ornarit:
1808 5189 1881 5253 qnod

1091 5299 1104 5323 ι
1118 5293 1179 5331 uero
1191 5279 1336 5332 dissentere
1353 5279 1497 5330 volentibus
1509 5278 1606 5329 dicandi
1619 5281 1771 5342 potestatem
1791 5278 1879 5343 eripe·
