3980 5936
286 416 348 477 620

800 406 969 470 uioulsu
993 406 1375 472 flillctuusssssusls

287 545 315 606 δέ
333 545 519 626 προθυμότατα
545 541 724 603 συλλαόέσθαι
745 541 864 612 δόξαντας
884 549 938 609 τοῖς
954 541 1065 608 ὑπάτοις
1120 546 1201 599 tribus
1220 549 1320 601 familis
1338 551 1421 611 luero,
1443 550 1582 613 Postumii,
1607 553 1766 617 Sempronii,
1790 557 1821 604 et
1837 553 1918 604 tertio

287 637 317 695 έκ
340 639 419 714 τριῶν
439 634 527 692 οἰκιῶν
549 622 635 703 ἦσαν,
655 629 803 709 Ποατόμιοι
825 630 871 690 καλ
895 629 1064 709 Σιμπρόινιοι
1119 635 1175 688 loco
1188 638 1276 701 Gloelii
1289 640 1333 704 qui
1344 644 1371 691 et
1386 640 1483 705 generis
1500 640 1621 704 dignitate
1634 640 1770 693 οῖοτιοεῖταῖ
1786 645 1878 701 erant,
1890 648 1916 692 et

285 721 331 782 καῖ
349 721 432 801 τρίτοι
457 718 595 791 Κλοίλιοι,
610 719 698 798 γένους
719 742 746 778 τε
762 718 868 789 diruisse
881 719 1064 797 λαμπρότατοι
1119 725 1240 779 clientelis
1254 731 1328 792 atque
1339 728 1429 793 opibus
1447 730 1475 780 et
1493 729 1571 794 gloria
1589 729 1697 780 multum
1712 734 1855 795 poteram,
1873 743 1913 780 re-

285 810 331 869 καί
354 807 480 891 ίταιρίαις
502 806 572 886 μίγα
595 807 750 882 δυνάμενοι,
773 804 880 887 πλούτῳ
890 828 920 865 τι
940 804 986 864 καί
1003 803 1064 883 δοζῃ
1120 813 1216 879 busque
1239 815 1513 882 bellogestisinsipnea
1536 820 1621 876 erano,
1645 831 1691 883 per
1704 832 1772 882 quos
1795 819 1915 869 omniurn

245 919 258 957 s
285 899 398 967 καὶτοῖς
414 896 484 958 sset
505 896 621 972 πόλεμον
635 894 720 976 έργοις
741 897 890 976 ῖπιρανιῖς·
905 896 951 954 καὶ
967 898 1012 953 τοῦ
1026 894 1064 971 μὴ
1119 902 1273 955 contessloue
1291 904 1393 955 stetisse
1411 901 1500 968 fertur,
1515 917 1568 969 quo
1580 904 1662 956 minus
1672 905 1714 957 lex
1727 919 1763 958 εει
1778 906 1915 971 plebiscito

284 992 435 1070 κυρωθῆναι
457 992 502 1046 τόν
520 983 600 1061 νόμον
616 976 688 1045 οὑτοι
708 984 893 1063 ὡμολογοῦντο
914 982 1065 1043 αἰτιώτατοι
1119 991 1266 1042 sanciretur.

285 1077 414 1138 ϊιέσθαι.

290 1104 301 1158 ί
326 1167 416 1228 xiil.
440 1167 485 1245 Τῇ
508 1164 530 1221 δ’
557 1163 615 1235 όξῆς
631 1165 729 1244 ἡμέρᾳ,
747 1158 949 1242 παραλαόόντις
969 1162 995 1220 οῖ
1019 1159 1064 1233 δή·

287 1278 387 1338 μαρχοι
411 1251 471 1317 τοὺ(
486 1252 707 1334 ἐπιφανεστάτους
728 1257 780 1313 τῶν
804 1252 972 1329 δημοτικῶν,
993 1251 1066 1312 έσκό·

236 1368 260 1406 ιιι
287 1369 352 1407 πων
380 1343 397 1403 ό
426 1367 453 1405 τι
474 1342 621 1424 χρήσονται
646 1349 699 1408 τοῖς
724 1339 883 1422 πράγμασι,
908 1340 993 1400 κοινόν
1017 1340 1067 1418 μίν

286 1442 362 1496 τοῦτο
374 1432 421 1493 καλ
436 1436 510 1511 παρὰ
527 1430 632 1490 πάντων
656 1428 863 1508 ὁμολογούμενον
878 1430 1024 1511 ιίληρότες,
1037 1430 1067 1489 τὸ

288 1525 325 1602 μὴ
340 1522 401 1588 τοὺς
424 1523 538 1587 ὑπάτους
561 1519 635 1599 άγιιν
659 1519 710 1577 ὑπὸ
730 1519 778 1591 τὴν
803 1519 890 1587 δίκην,
916 1517 985 1579 ilii
1007 1517 1067 1587 τοδς

287 1615 482 1692 ὑπηρετοῦντας
494 1613 581 1676 αὐτοῖς
592 1607 711 1676 ἰδιώτας·
726 1598 763 1667 ὧν
773 1607 957 1686 κολαζομένων
972 1607 1067 1682 έμελλε

287 1709 341 1767 τοῖς
365 1698 473 1765 πολλοῖς
491 1701 543 1755 τῶν
570 1697 684 1756 πσλιτῶν
712 1695 828 1755 ίλάττων
848 1695 954 1756 έστσθαι
975 1697 1066 1777 λόγος,

236 1812 260 1850 rs
287 1787 411 1868 ιὺσπερδ
435 1783 542 1853 Σίκκιος
567 1785 718 1844 ὑπετίθετο·
741 1784 803 1865 πιρῖ
830 1783 858 1843 δέ
883 1791 929 1845 τοῦ
953 1786 1068 1858 πλήθους

287 1879 339 1937 τῶν
355 1875 406 1936 osi
420 1875 466 1940 τὰς
481 1873 567 1942 αἰτίας
582 1872 773 1953 ἀχθησομένων
786 1873 847 1934 ὅσον
860 1864 927 1933 εἶναι
940 1873 1005 1955 χρὴ,
1022 1875 1067 1934 καὶ

286 1963 347 2047 περί
364 1969 409 2024 τοῦ
429 1959 585 2039 όνόματοςδ
602 1960 728 2033 θήσονται
742 1965 775 2039 τῇ
791 1961 867 2041 δίκη,
888 1960 935 2019 καὶ
950 1961 1067 2037 μάλιστα

287 2055 408 2134 περὶτοῦ
433 2049 584 2129 τιμήματος
598 2049 710 2119 πηλίκον
727 2047 803 2108 ἔσται
825 2049 855 2108 τό
870 2049 990 2128 μέγαθος,
1007 2052 1065 2109 έπι-

288 2147 356 2220 μιλῆ
373 2138 524 2218 ποιοόμινοι
540 2140 660 2211 ζήτησιν.
703 2139 740 2199 Oi
754 2137 803 2215 plu
822 2129 868 2197 οὑν
884 2138 1065 2218 Ιγάλτπιιίτιροι

233 2251 261 2292 νιν
287 2233 335 2299 τδις
347 2230 438 2312 ρόσιις
454 2229 498 2288 tsi
509 2227 540 2287 τὸ
554 2228 642 2303 μεῖζόν
658 2226 746 2285 τεκαὶ
763 2225 940 2307 ροόερόιτιρον
962 2227 1066 2286 άπαντα

287 2327 373 2381 ταῦτα
395 2318 520 2400 προάγειν
534 2315 685 2396 παρῄνουν,
706 2317 730 2376 οἱ
755 2316 778 2374 δ’
800 2315 988 2396 έπιεικίστεροι
1006 2319 1067 2376 τοὺ-

287 2408 389 2469 ναντίον
403 2409 447 2468 ἐπὶ
459 2408 488 2467 τδ
514 2404 691 2484 μιτριόιττρον
706 2405 752 2464 καὶ
775 2406 1035 2488 φιλανθρωπότερον·
1053 2411 1067 2467 ὁ

287 2499 316 2559 δέ
330 2498 428 2569 ταύτης
450 2495 594 2573 ἡγούμενος
614 2499 661 2567 τῆς
675 2494 783 2573 γνόιμης
800 2493 846 2552 καί
861 2492 955 2561 παίσας
972 2492 1066 2562 αὐτοὺς

286 2581 319 2661 ἦν
337 2587 466 2658 Σίκκιος,
483 2581 570 2652 ὑτοὺς
584 2585 610 2643 έν
624 2586 663 2664 τῷ
673 2584 751 2659 δήμῳ
767 2583 829 2660 περὶ
844 2586 892 2654 τῆς
906 2584 1067 2663 κληρουχίας

233 2692 259 2731 οι
287 2674 395 2737 διελθὼν
406 2676 507 2752 λόγους.
552 2669 647 2740 Ἔδοξε
671 2670 700 2731 δέ
719 2660 765 2730 οὑν
786 2673 874 2738 αὑτοῖς
893 2670 925 2731 τδ
939 2673 987 2751 μέν
1001 2673 1067 2734 άλλο

287 2770 386 2838 πλῆθος
412 2767 464 2822 τῶν
492 2761 639 2839 πατρικίων
666 2763 760 2833 ἐᾶσαι,
795 2759 933 2829 Κλοιλίους
968 2761 996 2820 δέ
1021 2763 1066 2824 καὶ

289 2852 455 2928 ΙΙοστομίους
473 2851 520 2910 καί
538 2849 727 2928 Σιμπριιινίους
742 2849 787 2909 ist
808 2848 852 2907 τόν
875 2851 958 2927 δῆμον
973 2849 1065 2929 ἄγειν,

288 2934 324 3001 ὧν
347 2939 464 3020 ἔπραξαν
488 2936 627 3018 ὑφέξοντας
652 2937 739 3005 δίκας·
763 2939 884 3018 έγκαλόίν
909 2937 937 2997 δδ
961 2940 1065 3019 αὐτοῖς,

291 3031 332 3091 ὅτι
347 3033 400 3090 τῶν
413 3030 491 3107 ίιρίόν
510 3026 614 3102 νόμων,
632 3024 676 3093 οὑς
694 3026 823 3104 περὶτῶν
844 3025 991 3106 δημάρχων
1006 3029 1066 3088 έκό·

234 3130 260 3168 ²³⁰
289 3123 402 3201 ρωσινιί,
424 3113 507 3197 βουλὴ
520 3113 565 3174 καί
580 3117 594 3173 ὁ
608 3116 708 3187 δῆμος,
725 3113 809 3174 atiud
830 3115 980 3174 δεδωκότων
994 3115 1066 3186 ἐξου-

286 3208 347 3267 σίαν
373 3205 527 3283 ἀναγκάζειν
548 3198 607 3268 τοὺς
631 3201 783 3282 δημάρχους
812 3202 951 3280 ὑπομένειν
965 3229 992 3264 τι
1012 3211 1065 3267 τῶν

287 3296 445 3368 ἀθουλήτων
460 3293 552 3373 ὥσπερ
568 3291 627 3359 τοὺς
649 3291 744 3361 σίλλους
759 3291 882 3366 πολίτας,
908 3295 1003 3354 ἰκτῖνοι
1016 3319 1066 3356 κα-

286 3385 428 3467 τασχόντες
444 3380 537 3450 αὐτοὺς
553 3381 689 3442 έκώλυσαν
706 3382 750 3441 tri
764 3381 837 3449 τελος
852 3383 924 3459 άγειν
940 3384 988 3456 τήν
1004 3386 1065 3469 περὶ

285 3482 331 3539 τοῦ
342 3475 422 3553 νόμου
432 3473 581 3552 διάγνωσιν.
624 3468 740 3547 Τίμημα
757 3469 784 3529 δὲ
805 3471 863 3538 ταῖς
877 3470 962 3539 δίκαις
979 3471 1066 3554 όρίσαι

232 3581 258 3619 ³⁵
287 3567 354 3648 μήτε
369 3564 482 3624 θάνατον
496 3561 565 3637 μήτε
588 3559 673 3642 φυγὴν
695 3557 763 3635 μήτι
780 3558 846 3618 ἄλλο
861 3559 998 3640 ἐπίφθονον
1018 3583 1067 3638 μη-

286 3656 349 3727 δὲν,
363 3651 408 3712 ἵνα
432 3654 469 3727 μή
485 3652 562 3708 τοῦτο
585 3649 672 3715 αὐτοῖς
686 3645 795 3726 γένηται
812 3651 943 3728 σωτηρίας
966 3648 1064 3723 αἴτιον,

286 3744 354 3805 iiii
369 3741 416 3807 τλς
440 3737 529 3805 οὐσίας
550 3739 635 3796 αὐτῶν
659 3735 731 3815 ispi<
754 3724 821 3794 εἶναι
848 3737 1009 3819 Δήμητρος,
1035 3740 1067 3800 τὸ

286 3832 464 3913 μετριώτατον
489 3824 671 3902 ἐκλεξαμένοις
687 3829 733 3883 τοῦ
755 3822 837 3900 νόμου
860 3824 947 3904 μέρος.
992 3825 1066 3903 'Epi

285 3944 344 3982 νετο
358 3925 459 3996 ταῦτα,
475 3915 520 3977 καί
536 3919 624 3995 παρῆν
639 3917 654 3973 ό
667 3911 774 3995 χρόνος,
791 3915 818 3972 ἐν
832 3901 855 3991 ᾧ
869 3913 916 3980 τδις
928 3915 998 3974 κατὰ
1013 3919 1064 3976 τῶν

231 4020 259 4060 ιο
286 4010 387 4089 ἀνδρῶν
403 4007 456 4067 ἔδει
484 4006 663 4062 συντελεῖσθαι
690 4002 774 4068 δίκας.
828 4003 891 4068 Τοῖς
913 4000 941 4060 δὲ
956 4002 1065 4070 ὑπάτοις

286 4100 402 4157 καὶτῶν
423 4095 511 4154 ἄλλων
542 4092 687 4173 πατρικίων
711 4091 765 4155 τοῖς
790 4092 1002 4169 παραληφθιῖσιν
1030 4092 1066 4160 εἰς

287 4184 437 4263 συνέδριον·
464 4181 557 4261 ἔτυχον
579 4180 606 4239 δὲ
630 4184 653 4239 ol
677 4178 813 4257 κράτιστοι
837 4177 1064 4254 παρακληθέντες·

286 4273 369 4336 ἐδόκει
384 4278 530 4352 συγχωρεῖν
544 4278 598 4339 τοῖς
626 4270 771 4348 δημάρχοις
792 4265 942 4327 ἐπιτελέσαι
966 4267 1013 4336 τδις
1025 4270 1064 4327 δί·

286 4387 351 4437 κας,
366 4358 411 4419 ίνα
426 4360 464 4438 μή
481 4382 507 4418 τι
523 4362 610 4436 μιιζον
634 4357 794 4426 κωλυθέντες
810 4354 1002 4436 έξεργάσωνται
1015 4381 1065 4417 κα-

232 4470 259 4509 ss
286 4452 349 4526 κόν,
369 4451 415 4511 καὶ
437 4449 491 4516 τοῖς
518 4448 645 4523 δημόταις
681 4444 832 4524 έπιτρέπιιν
858 4448 1065 4524 ἀγριαινομένοις

286 4545 323 4611 εἷς
340 4541 373 4602 τδι
394 4540 522 4621 χρήματα
537 4540 590 4596 τῶν
604 4538 704 4616 ἀνδρῶν
728 4535 820 4615 ἐκχέαι
842 4532 890 4605 τὴν
904 4532 1004 4613 χολὴν,
1020 4531 1064 4594 ἵνα

285 4630 455 4711 τιθασόιτιροι
468 4625 594 4706 γένωνται
607 4625 637 4685 τό
650 4623 742 4683 λοιπόν
753 4667 762 4696 ,
775 4621 901 4689 λαθόντας
916 4624 1062 4693 ὁποσηνοῦν

287 4721 361 4801 παρδι
380 4722 432 4780 τῶν
449 4719 549 4798 έχθρῶν
565 4715 655 4788 δίκην,
671 4713 757 4780 άλλως
777 4734 807 4769 τι
826 4709 872 4771 καὶ
886 4714 933 4781 τῆς
946 4713 983 4777 εἰς
993 4710 1064 4790 χρή-

286 4833 360 4889 ματα
384 4807 480 4884 ζημίας
510 4804 678 4885 ιθδιόρθωτον
708 4798 820 4881 έχοόσης
847 4800 901 4867 τοῖς
922 4805 1065 4861 πεπονθοσι

231 4900 258 4940 5⁰
285 4901 335 4974 τὴν
347 4898 500 4978 συμφοράν·
518 4894 582 4973 ὅπερ
595 4892 640 4953 καὶ
656 4890 761 4961 συνίόη.
803 4888 931 4950 Ἃλόντων
946 4887 998 4968 γάρ
1012 4893 1064 4950 τῶν

286 4991 386 5070 ἀνδρῶν
401 4988 513 5067 έρήμους
526 4982 575 5049 τὰς
589 4981 680 5057 δίκας,
695 4978 752 5040 ὅτι
770 4980 852 5058 δῆμος
867 4978 1065 5059 άγριαινόμινος

1164 1161 1237 1210 xiil.
1256 1160 1379 1212 Postridie
1403 1161 1495 1213 tribuni
1522 1177 1582 1215 eum
1602 1163 1766 1217 nobilissime
1796 1180 1813 1217 c
1844 1166 1914 1231 plebe

1121 1257 1263 1311 consultare
1281 1265 1410 1325 coeperunt
1421 1261 1547 1327 quomodo
1567 1263 1724 1314 nudandum
1738 1268 1813 1316 esset
1828 1266 1857 1315 id
1868 1280 1912 1316 ne·

1121 1359 1216 1425 gotium
1227 1378 1233 1410 ι
1248 1363 1275 1411 et
1288 1362 1461 1414 unoomniunn
1473 1376 1596 1414 consensu
1616 1368 1772 1425 sumemus,
1785 1380 1841 1417 nou
1853 1382 1911 1418 coa-

1122 1460 1219 1511 sulibus
1231 1460 1298 1512 diem
1306 1462 1403 1525 dicere,
1417 1463 1462 1515 aad
1476 1478 1563 1515 eoram
1576 1464 1697 1517 ministris
1705 1486 1716 1530 ,-
1729 1468 1779 1532 qui
1794 1468 1912 1521 homines

1122 1567 1176 1613 erat
1186 1562 1287 1627 privati3
1303 1564 1328 1614 iu
1347 1578 1411 1629 quos
1425 1565 1499 1629 (sicut
1515 1566 1609 1618 Siccius
1622 1571 1776 1633 monuerat)
1787 1584 1852 1621 cum
1864 1573 1911 1621 mi·

1122 1678 1182 1715 nore
1197 1664 1288 1716 citium
1307 1666 1400 1717 inuidia
1420 1667 1586 1719 animadverti
1609 1674 1714 1735 poterat.
1749 1674 1792 1723 De
1811 1687 1910 1725 reorum

1121 1772 1205 1820 autem
1218 1784 1334 1831 numero,
1357 1774 1390 1820 de
1400 1770 1510 1822 criminis
1526 1772 1634 1835 nomine,
1647 1776 1778 1841 praecipue
1800 1792 1867 1829 rero
1882 1780 1911 1829 de

1123 1874 1224 1924 mulctas
1237 1887 1270 1925 nc
1280 1874 1335 1925 litte
1357 1875 1560 1926 estimationem
1574 1878 1755 1941 magnibsdiue,
1778 1880 1912 1945 diiigenter

1122 1984 1380 2046 querereotepcrunt.
1413 1983 1462 2040 Qui
1482 1982 1557 2047 igitur
1570 1983 1689 2048 asperiori
1703 1990 1780 2037 erant
1801 1988 1911 2052 ingenio.

1122 2078 1177 2130 bac
1198 2082 1295 2144 omnia,
1317 2081 1351 2132 ad
1370 2082 1489 2147 majorem
1511 2086 1631 2133 terrorem
1650 2084 1777 2135 aduersa·
1795 2086 1913 2150 [στιιοιιι

1124 2180 1306 2244 incutiendum,
1323 2183 1423 2246 gmvius
1439 2183 1608 2247 persequenda
1632 2184 1769 2238 censebunt
1790 2207 1797 2235 :
1818 2194 1911 2239 (cntra

1124 2296 1183 2333 vero
1197 2281 1308 2333 tritiores
1328 2282 1486 2346 suadebant‚·
1503 2288 1533 2334 ut
1547 2285 1601 2336 truc
1611 2285 1757 2338 clementius
1768 2293 1794 2340 et
1812 2290 1911 2342 huma·

1122 2385 1178 2436 nius
1190 2388 1364 2436 tractarentur.
1400 2387 1482 2450 liuius
1501 2374 1593 2438 autem¹
1603 2391 1731 2441 sententie
1745 2395 1834 2443 auctor
1858 2395 1912 2446 luit

1122 2485 1163 2537 illo
1178 2484 1286 2545 Siccius,
1301 2485 1344 2551 qui
1354 2485 1420 2548 apud
1434 2484 1554 2550 populum
1566 2487 1598 2538 de
1611 2501 1673 2552 agro
1684 2489 1819 2542 dividendo
1829 2494 1913 2545 ruba

1124 2589 1230 2647 lecerat,
1246 2586 1291 2651 qui
1309 2587 1386 2638 etiam
1402 2587 1461 2651 ipsis
1477 2601 1532 2640 rem
1551 2589 1682 2653 persuasit.
1716 2591 1818 2642 Plamit
1837 2593 1914 2659 igitur

1125 2688 1194 2754 ipsis,
1204 2690 1309 2740 ceteros
1321 2687 1421 2751 quidem
1435 2688 1552 2753 patricios
1570 2689 1702 2755 omittere,
1713 2693 1762 2743 sod
1778 2694 1844 2745 sotis
1853 2696 1913 2746 ctu·

1125 2788 1166 2840 liis
1175 2793 1201 2841 et
1215 2787 1348 2840 Postumiis
1363 2792 1390 2839 et
1408 2788 1559 2853 Semproniis
1577 2787 1642 2840 diem
1658 2789 1753 2852 dicare,
1768 2808 1824 2858 qno
1836 2797 1913 2847 iacto-

1124 2905 1180 2941 mm
1190 2903 1293 2940 suorum
1305 2902 1419 2940 caussam
1447 2889 1558 2941 dicerent
1579 2894 1629 2941 :et
1642 2889 1742 2942 crimini
1764 2893 1820 2945 illis
1841 2896 1912 2957 darc,
1972 2952 1973 2971 γ

1123 2986 1190 3052 quod
1210 2989 1296 3038 contre
1315 2990 1427 3037 sacratas
1447 2985 1529 3049 leges,
1548 3000 1612 3050 quas
1631 2986 1664 3038 de
1675 2987 1793 3042 tubunis
1813 2998 1914 3043 senatus

1123 3091 1278 3159 populusque
1292 3093 1419 3142 Romanus
1433 3089 1524 3141 tulerat
1540 3089 1643 3155 (quibus
1654 3090 1751 3144 diserte
1765 3097 1912 3153 carebstar.

1123 3192 1221 3256 nequis
1232 3191 1359 3252 tribunos,
1383 3195 1412 3241 ut
1432 3189 1494 3241 aliua
1514 3190 1595 3253 cives,
1607 3192 1809 3257 aliquidoontn
1827 3201 1912 3250 rotun

1124 3299 1201 3347 tatem
1226 3307 1297 3345 suam
1316 3294 1412 3359 perpeti
1434 3297 1555 3358 cogeret),
1571 3294 1619 3360 ipsi
1647 3310 1692 3347 eos
1718 3299 1914 3365 impedivissent

1125 3408 1156 3446 ne
1168 3391 1331 3457 cognitionem
1346 3393 1377 3443 da
1395 3393 1448 3458 lege
1469 3393 1607 3457 perterrent
1630 3394 1661 3444 ad
1681 3398 1822 3461 μοριιΙιιια.
1855 3401 1914 3451 litis

1123 3505 1182 3542 uero
1194 3491 1383 3543 aestimationem
1398 3491 1491 3556 placuit
1505 3465 1615 3546 statuero
1630 3507 1680 3544 nou
1691 3496 1805 3560 capitale
1817 3498 1911 3564 suppi-

1122 3591 1202 3650 cium,
1217 3603 1295 3653 neque
1312 3589 1435 3650 exsilium,
1447 3604 1527 3656 nequo
1540 3592 1607 3643 aliud
1627 3592 1799 3655 inuidiosum,
1818 3611 1852 3648 ne
1868 3598 1914 3648 bnt

1130 3687 1213 3752 ipsum
1239 3687 1287 3737 illis
1300 3689 1405 3739 salutem
1429 3689 1544 3752 aderret3
1567 3692 1612 3741 sed
1629 3689 1694 3741 bona
1711 3706 1805 3744 eorum
1831 3699 1914 3747 cerui

1121 3787 1204 3839 dicare
1217 3787 1329 3852 placuit:
1344 3800 1401 3851 qum
1419 3799 1492 3851 piena
1507 3787 1617 3837 omnium
1630 3787 1768 3840 mitissima
1778 3790 1834 3853 lege
1849 3807 1915 3856 pr*

1121 3886 1283 3940 scribebatur.
1313 3887 1416 3936 Factum
1426 3884 1509 3936 estitn
1517 3884 1619 3951 diesque
1631 3885 1915 3951 venit,quoiudioiun

1122 3985 1209 4037 dcillis
1226 3984 1287 4035 uiris
1315 3983 1480 4048 peragendum
1500 3986 1562 4034 erat.
1599 3982 1753 4035 Consulibus
1776 3989 1868 4038 autem
1889 3993 1915 4037 et

1121 4081 1222 4148 reliquis
1233 4080 1342 4147 patriciis
1357 4080 1384 4131 iu
1397 4083 1510 4132 sensium
1531 4082 1674 4131 convocatis
1692 4081 1912 4146 (praestantissimi

1122 4195 1180 4232 vero
1192 4180 1287 4245 quique
1312 4179 1440 4230 convocati
1461 4178 1576 4244 lucrant)
1587 4178 1679 4244 placuit
1699 4179 1813 4233 tribunis
1828 4197 1914 4235 σοαεσ

1121 4278 1191 4339 dere,
1210 4279 1240 4327 ut
1258 4276 1380 4341 iudicium
1392 4280 1545 4341 peragerent,
1557 4290 1589 4327 nc
1599 4276 1661 4327 sorte
1677 4276 1802 4340 prohibiti
1820 4280 1914 4345 aliquid

1120 4374 1219 4440 pterim
1244 4376 1385 4438 patrareut;
1410 4376 1437 4424 et
1454 4373 1559 4439 plebeiis
1571 4373 1681 4425 ederatis
1703 4376 1914 4439 permitterem

1120 4474 1195 4526 bilem
1206 4487 1279 4524 snam
1294 4473 1319 4524 in
1337 4472 1483 4537 patrimonia
1495 4473 1593 4525 iliorum
1613 4475 1724 4525 virorum
1739 4476 1917 4541 effundent,

1119 4588 1169 4638 quo
1180 4570 1360 4623 mausuettores
1376 4571 1401 4622 iu
1416 4575 1541 4637 posterum
1552 4572 1652 4633 tierent,
1667 4575 1794 4625 sumtode
1803 4576 1917 4629 inimicis
1967 4650 1968 4659 γ

1121 4660 1257 4728 supplicio,
1278 4659 1345 4726 quod
1374 4661 1530 4721 noluissent,
1548 4662 1686 4727 prasertim
1707 4676 1789 4726 quum
1813 4667 1916 4729 isdum
1967 4664 1968 4667 ’

1030 4800 1037 4819 ,
1118 4762 1186 4815 illius
1202 4759 1353 4826 pecuniariae
1374 4759 1475 4811 mulctas
1509 4760 1582 4812 facile
1616 4760 1676 4826 ipsis
1703 4763 1755 4812 reis
1784 4764 1916 4817 damulis

1120 4860 1206 4912 sarciri
1222 4859 1314 4924 posset.
1348 4856 1423 4915 Quod
1443 4859 1519 4909 etiam
1533 4857 1632 4910 accidit.
1658 4860 1752 4931 'Quum
1777 4862 1856 4913 enim
1871 4865 1914 4917 rei

1119 4956 1258 5009 vadimonio
1275 4956 1383 5018 deserto,
1404 4954 1521 5007 absentes
1536 4954 1647 5007 &musti
1665 4955 1793 5013 fuissem.
1807 4964 1841 5009 et
1862 4960 1914 5024 'qun

287 5077 438 5148 ἐπαύσατο,
453 5073 499 5134 up
514 5080 568 5139 coi<
581 5068 728 5148 δημάρχοις
741 5070 825 5128 pgpm
839 5090 878 5134 rt<
889 5066 1065 5128 ρποδῶρσρα,
1118 5055 1189 5121 plebs
1201 5054 1324 5106 feritatem
1344 5065 1416 5104 suam
1428 5054 1558 5119 deposuit,
1572 5058 1599 5106 et
1617 5052 1678 5149 ipsis
1698 5053 1813 5106 tribunis
1827 5058 1916 5107 inde

288 5163 383 5242 perplui
398 5163 494 5242 [γοῦν]
517 5159 563 5220 καὶ
576 5158 700 5226 πολιτικά,
721 5155 851 5235 [δύναμις
865 5155 929 5234 καὶ]
946 5155 1064 5235 βοήθεια·
1118 5158 1172 5206 ῐθῑθ
1188 5151 1302 5217 (luffldlm
1312 5163 1344 5200 ⁸0
1362 5150 1441 5203 ⁰ilffi⁵
1452 5155 1562 5217 θθῒθὸῑθ8
1576 5155 1602 5203 θῑ
1620 5150 1744 5202 milium
1759 5155 1917 5231 mum?

287 5259 341 5316 τοῖς
362 5273 391 5310 τι
416 5250 525 5328 ἀνδράσι
543 5246 598 5313 πλς
617 5246 707 5312 οθσίας
729 5245 753 5305 οἱ
769 5245 904 5323 πατρίκιοι
918 5242 991 5323 παρὰ
1011 5247 1064 5303 τῶν
1119 5251 1285 5303 videbantur:
1300 5252 1325 5301 et
1343 5249 1442 5319 patricii
1453 5249 1576 5303 damnatis
1597 5249 1662 5302 bona
1676 5262 1723 5302 sua
1743 5248 1924 5314 reddiderunt
