4048 5924
261 409 321 470 teo

261 565 317 621 γειν
329 543 403 615 ἠξίου
416 543 500 599 ταῦτα
513 535 577 617 πρὸς
590 531 637 605 τὴν
658 537 752 594 ἑαυτοῦ
772 532 849 594 πόλιν
866 532 978 593 ἕκαστον
993 533 1039 593 καλ

262 628 402 710 πράττειν,
437 629 507 693 ὅπως
531 620 679 685 παύσονται
707 626 754 695 τῆς
781 621 882 704 ύόρεως
908 621 1041 699 Ῥωμαῖοι

262 718 336 786 δίκας
359 712 540 798 παρασχόντες
558 716 606 785 τῆς
628 708 806 790 παρανομίας.
849 712 944 771 Ταῦτα
960 709 1042 769 εἰπὼν

262 807 307 868 καί
322 804 476 888 παραθήξας
491 801 642 882 ἀνθρώπους
654 804 868 881 ἀγανακτοῦντας
882 800 927 859 ἐπὶ
940 804 979 880 τῷ
991 799 1043 859 πά·

223 919 236 956 ο
263 901 301 957 θεν
316 896 417 956 διίλυσε
430 891 477 965 τήν
494 889 649 963 ἐκκλησίαν.
694 887 741 956 Ὦς
754 887 777 946 δ’
792 887 992 966 ἀπαλλαγέντες
1007 892 1042 956 εἷς

262 984 310 1053 τὰς
331 988 430 1046 ἑαυτῶν
451 982 559 1042 ἕκαστον
573 977 717 1058 πατρίδας,
734 974 870 1047 ἐδήλωσαν
884 977 937 1043 τοῖς
954 975 1043 1043 άλλως

264 1075 307 1136 τδν
321 1069 562 1155 προπηλακισμον,
581 1067 626 1126 lei
645 1069 732 1144 μεῖζον
751 1062 896 1145 ἐξαίροντες
914 1065 949 1123 τδι
966 1064 1044 1144 γενό·

265 1186 348 1241 μενα,
365 1159 510 1241 ἠγανάκτει
530 1180 559 1216 τε
583 1164 657 1214 πᾶσα
671 1154 746 1221 πόλις
768 1152 815 1213 καλ
851 1149 973 1233 κατίχειν
993 1150 1043 1225 τήν

264 1250 344 1332 ὀργήν
366 1251 414 1309 ούκ
438 1250 560 1321 ἠδύνατο·
581 1239 835 1322 διαπρεσόευόμεναι
850 1242 873 1300 δ’
891 1241 959 1313 άλλη
979 1239 1044 1318 πρὸς

213 1360 238 1400 ro
265 1339 347 1411 οίλλην
364 1340 400 1405 εἰς
422 1336 485 1413 μίαν
509 1330 606 1411 άγορδιν
623 1328 844 1401 άπαιταςήξῖουν
860 1327 1043 1393 Οὐολούσκους

265 1426 401 1503 συνιέναι,
417 1424 460 1483 ἵνα
480 1425 554 1500 κοινῇ
570 1419 713 1499 χρήσαιντο
732 1415 826 1498 γνώμῃ
844 1417 905 1498 περὶ
928 1423 974 1476 τοῦ
990 1438 1042 1476 πυ·

263 1516 357 1592 λε’μου.
401 1512 523 1592 Ἐγίνετο
535 1509 562 1568 δὲ
578 1513 663 1567 ταῦτα
672 1511 717 1566 τοῦ
732 1506 838 1568 Τύλλου
854 1505 971 1584 μάλιστα
982 1504 1043 1565 ἱνά·

264 1625 369 1680 γοντος,
383 1603 428 1661 καλ
442 1599 573 1679 συνήισαν
592 1596 618 1665 ἐξ
636 1597 740 1670 ἁπάσης
754 1594 855 1662 πόλεως
867 1592 893 1654 οἵ
908 1616 936 1652 τε
949 1596 976 1653 ἐν
991 1600 1044 1660 τοῖς

264 1691 352 1752 τίλεσι
374 1689 420 1749 καλ
442 1687 523 1756 πολὺς
550 1686 628 1755 άλλος
651 1686 729 1765 ὄχλος
749 1687 785 1753 είς
804 1683 852 1756 τήν
873 1682 1043 1764 Ἐχετρανῶν

215 1792 238 1832 ¹⁶
264 1781 350 1840 πόλιν·
364 1778 433 1851 αὕτη
444 1778 496 1859 γάρ
511 1774 594 1838 ἐδόκει
608 1775 739 1836 κάλλιστα
751 1775 853 1834 κεῖσθαι
865 1772 975 1833 συνόδου
986 1772 1044 1840 ταῖς

265 1871 386 1939 άλλαιςὴ
410 1866 496 1933 πόλις.
540 1862 690 1936 Ῥηθῖντων
710 1862 859 1923 δῖπολλῶν
883 1860 984 1942 λόγων,
997 1859 1042 1928 οθς

264 1947 338 2017 είπον
353 1960 377 2016 οἱ
392 1953 591 2021 δυναστεύοντες
610 1956 637 2013 ἰν
651 1951 751 2030 ῖκάστῃ
770 1952 864 2027 πόλει,
886 1953 971 2033 ψῆφος
984 1950 1049 2009 dre:

265 2046 329 2119 δόθη
342 2048 397 2115 τοῖς
408 2049 531 2123 παροῦσι·
546 2042 593 2103 καλ
607 2033 639 2115 ήν
658 2043 784 2113 ἡνικιῦσα
794 2038 887 2119 γνώμη
904 2049 985 2099 κινεῖν
995 2038 1040 2098 τδν

264 2134 395 2212 πόλεμον,
409 2136 444 2201 ὥς
460 2131 605 2209 Ῥωμαίων
615 2128 749 2212 ἀρξάντων
764 2133 812 2202 τῆς
825 2127 887 2209 περὶ
899 2127 946 2197 τὰς
956 2149 1042 2187 σπον-

157 2273 166 2292 ,
212 2231 238 2272 2⁰
265 2222 311 2292 δδς
324 2220 502 2303 παρανομίας.

304 2311 340 2372 V.
364 2309 448 2391 Ὑπὲρ
463 2311 489 2370 di
503 2312 549 2368 τοῦ
562 2305 620 2365 τίνα
638 2303 691 2388 χρὴ
706 2307 831 2382 πολεμεῖν
846 2303 933 2371 αὐτοῖς
946 2301 1042 2383 τρόπον

264 2396 410 2479 προθέντων
428 2399 535 2457 σκοπεῖν
561 2396 614 2453 τῶν
628 2397 656 2455 ἐν
678 2401 730 2461 τοῖς
748 2394 856 2466 τελεσι,
872 2392 1041 2474 παρελθώνδ

264 2489 367 2554 Τύλλος
378 2484 580 2547 συνεόούλευσεν
595 2482 683 2548 αὐτοῖς
697 2483 788 2541 καλεῖν
803 2483 847 2542 τόν
863 2482 983 2561 Μάρκιον
997 2483 1043 2542 καλ

265 2581 329 2657 παρ’
344 2576 443 2637 ἐκείνου
468 2575 662 2644 πυνθάνεσθαι,
676 2575 733 2637 πῶς
746 2569 779 2629 δν
801 2575 819 2644 ἡ
835 2569 978 2648 Ῥωμαίων
992 2595 1041 2630 κα·

212 2684 238 2723 ss
264 2665 388 2737 ταλυθείη
403 2664 522 2742 δύναμις·
538 2661 666 2742 κράτιστα
687 2658 738 2740 γὰρ
754 2658 878 2720 ἁπάντων
897 2658 1041 2739 ἀνθρώπων

265 2753 360 2815 εἰδέναι
384 2756 422 2832 πῇ
438 2773 466 2810 τε
482 2749 578 2829 κάμνει
598 2749 632 2809 τδι
659 2753 704 2821 τῆς
718 2747 820 2813 πόλεως
836 2745 982 2829 πράγματα
995 2745 1042 2806 καὶ

265 2845 304 2920 πῇ
325 2839 436 2916 μάλιστ’
458 2837 581 2920 ἔρρωται.
624 2837 729 2900 Ἐδόκει
753 2844 854 2913 ταῦτα,
878 2835 924 2896 καλ
947 2835 1043 2896 αύτίκα

266 2929 362 2993 πάντες
375 2924 458 2987 tetur
475 2929 567 2987 καλεῖν
580 2926 625 2986 τόν
639 2924 730 3006 ἄνδρα.
774 2924 828 2986 Καὶ
847 2927 862 2984 ό
879 2923 999 3005 Μάρκιος
1011 2917 1044 2997 ἧς

266 3015 389 3076 ἐόούλετο
406 3017 528 3097 θρορμῆς
552 3012 701 3090 λαόόμενος
731 3012 828 3086 ἀνίστη
852 3011 972 3093 κατηφής
996 3013 1043 3074 καί

214 3127 239 3167 ιο
266 3104 470 3184 δεδακρυμένος,
484 3102 530 3161 καλ
546 3101 638 3182 μικρὸν
651 3100 770 3181 ἐπισχών
790 3101 884 3182 χρόνον
895 3147 903 3178 ,
914 3099 1045 3170 τοιούτους

266 3193 364 3254 διέθετο
386 3190 486 3273 λόγους·
503 3216 518 3247 a
544 3192 576 3252 Ei
605 3190 653 3269 μίν
678 3188 799 3268 ἡγούμην
829 3193 898 3267 ὑμᾶς
925 3187 1045 3258 ἅπαντας

266 3310 279 3338 α
293 3283 372 3357 ὅμοια
393 3278 530 3361 γινώσκειν
544 3279 606 3362 περλ
621 3285 668 3352 τῆς
688 3281 754 3357 ἐμῆς
769 3286 919 3358 συμφοράς,
940 3279 988 3337 ούκ
1011 3277 1044 3337 θν

266 3398 280 3425 α
295 3367 482 3447 ὑπελάμόανον
493 3372 635 3445 ἀναγκαῖον
646 3358 711 3427 εῖναι
721 3366 782 3446 περὶ
792 3368 873 3439 αιίτῆς
885 3367 1043 3445 ἀπολογεῖσ-

266 3464 345 3521 σθαι·
363 3457 553 3536 ἐνθυμούμενος
567 3456 613 3532 δδ,
629 3458 664 3524 ώς
686 3460 712 3516 ἐν
726 3457 833 3521 πολλοῖς
847 3453 893 3513 καλ
914 3451 1044 3535 διαφόροις

213 3567 238 3608 νε
266 3575 279 3603 u
295 3546 422 3621 πλήθεσιν
436 3545 504 3615 εἰκδς
534 3536 599 3605 εἶναί
610 3566 701 3617 τινας,
714 3533 752 3610 οἷς
765 3540 969 3623 παραστήσεται
981 3540 1043 3611 δόξα

266 3667 279 3694 α
294 3636 350 3699 οὔτ’
372 3634 471 3710 ἀληθής
490 3632 549 3694 οὔτε
574 3631 746 3712 προσήκουσα
764 3630 825 3711 περλ
847 3633 924 3707 ἐμοῦ,
939 3632 975 3697 ὥς
992 3632 1040 3692 οὐκ

267 3756 280 3782 α
294 3726 325 3787 θν
341 3727 404 3806 άτερ
415 3724 500 3792 αἰτίας
513 3726 625 3796 ἀληθοῦς
634 3724 680 3784 καί
689 3723 793 3793 δικαίας
804 3723 916 3798 ἐξήλασέ
929 3750 962 3802 με
973 3727 988 3784 δ
998 3725 1043 3795 δῆ-

268 3843 280 3870 α
296 3840 343 3895 μσς
362 3819 393 3877 ἐκ
407 3818 454 3887 τῆς
467 3811 610 3895 πατρίδος,
634 3812 732 3881 παντός
751 3813 869 3891 μάλιστα
886 3812 976 3890 οἴομαι
991 3811 1043 3870 δεῖν

268 3931 281 3959 u
295 3909 397 3986 πρῶτον
413 3901 479 3984 ύπῖρ
493 3906 540 3974 τῆς
551 3903 617 3979 ἐμῆς
629 3904 712 3982 φυγῆς
723 3903 750 3961 ἐν
760 3905 839 3983 κοινῷ
852 3902 918 3981 πρός
928 3900 1046 3966 ἅπαντας

215 4011 241 4050 ιο
268 4018 281 4047 α
298 3998 365 4068 ὑμᾶς
379 3990 603 4071 ἀπολογήσασθαι.
647 3987 719 4049 Ἀλλ’
733 3990 880 4072 ἀνάσχεσθέ
898 4012 948 4068 μου
959 4032 968 4062 ,
981 3986 1046 4069 πρδς

268 4106 280 4134 u
296 4083 370 4150 θεῶν,
377 4080 422 4139 καῖ
432 4083 457 4140 οῖ
467 4078 596 4159 κράτιστα
612 4075 765 4156 ἐγνωκότες,
778 4077 796 4137 δ
807 4078 925 4138 πέπονθα
934 4077 986 4137 ὑπὸ
994 4082 1046 4137 τῶν

269 4192 282 4221 «
295 4170 394 4247 ἐχθρῶν
405 4213 414 4244 ,
425 4169 472 4229 καὶ
485 4170 521 4235 ὥς
532 4167 560 4226 ού
572 4164 706 4246 προσῆκόν
720 4191 765 4245 μοι
774 4166 871 4242 ταύτης
883 4165 1047 4247 πεπείραμαι

269 4281 282 4309 α
295 4257 342 4327 τῆς
357 4254 439 4336 τύχης
450 4255 594 4329 διεξιόντος,
608 4252 654 4313 καὶ
667 4251 705 4333 μή
724 4255 849 4336 πρότερον
861 4259 981 4333 ποθεῖτε,
992 4252 1010 4312 ό
1021 4279 1047 4315 τι

269 4370 281 4399 ιι
296 4342 349 4426 χρή
366 4345 505 4423 πράττειν,
522 4347 654 4420 ἀκοῦσαι,
673 4344 736 4426 πρὶν
747 4343 835 4411 ὁποῖός
851 4343 890 4411 τίς
903 4347 959 4422 εἶμι
973 4340 1047 4415 ότήν

217 4441 246 4502 μ’
269 4432 405 4515 «γνώμην
420 4432 623 4510 ἀποδειξάμενος
641 4431 775 4502 ἐξετάσαι.
791 4429 889 4494 Ἔσται
901 4431 929 4493 δδ
945 4430 1046 4513 βραχύς

269 4550 282 4577 υ
296 4528 310 4583 ό
325 4522 386 4604 περὶ
400 4521 550 4591 obediende
565 4521 701 4602 πρόσωθεν
722 4521 947 4605 άρὶωμαι,λο’γος.
974 4521 1045 4582 Ῥω-

269 4639 282 4666 a
296 4614 385 4692 μαίοις
393 4611 424 4673 τδ
432 4608 480 4691 μὲν
491 4610 518 4681 li
527 4613 612 4692 ἀρχῆς
621 4612 769 4689 πολίτευμα
779 4602 812 4685 ήν
822 4611 914 4689 μικτόν
922 4611 988 4671 isra
1000 4614 1048 4690 βα-

268 4727 281 4757 ι
296 4701 395 4771 σιλείας
406 4700 452 4763 καί
466 4699 678 4785 ἀριστοκρατίας·
693 4701 786 4761 ἔπειτα
801 4703 816 4760 ό
832 4700 982 4764 τελευταῖος
997 4699 1047 4776 βα·

268 4814 282 4843 ι
296 4788 381 4857 αιλεὺς
391 4791 538 4869 Ταρκύνιος
547 4787 687 4868 τυραννίδα
696 4788 745 4863 τήν
759 4786 846 4871 ἀρχὴν
863 4784 938 4861 ήὶίου
950 4792 1045 4847 ποιεῖν.

217 4898 243 4937 se
268 4902 281 4931 α
296 4876 446 4947 Συστάντος
462 4868 506 4939 σύν
521 4879 562 4938 ἐπ’
578 4877 656 4937 αὐτόν
669 4881 693 4938 οἱ
707 4881 754 4951 τῆς
765 4873 967 4959 ἀριστοκρατίας
987 4879 1049 4955 ἡγε-

269 4988 282 5017 υ
298 4965 375 5041 μόνας
389 4967 487 5027 ἐκεῖνον
504 4964 552 5043 μὲν
565 4963 689 5034 ίξίόαλον
703 4969 733 5027 ἔκ
747 4971 794 5039 τῆς
803 4966 920 5040 πόλεως,
935 4964 1010 5025 αὐτοὶ
1020 4963 1047 5024 δὲ

270 5074 283 5104 α
302 5050 336 5110 τὰ
348 5052 423 5113 κοινά
436 5053 584 5134 κατέσχον,
599 5053 708 5134 άρίστην
720 5052 767 5114 καλ
782 5053 998 5134 σωρρονεστάτην
1012 5056 1047 5119 ὡς

270 5164 283 5191 ιι
299 5138 411 5209 άπαντις
419 5146 576 5221 ὁμολογοῦσι
584 5144 817 5221 καταστησάμενοι
823 5144 967 5207 πολιτείαν.
978 5143 1049 5224 Χρό-

270 5253 283 5281 ‘t
297 5249 348 5293 νοις
362 5229 386 5286 δ’
401 5233 431 5289 ού
445 5232 551 5300 πολλοῖς
564 5233 616 5289 νῦν
629 5238 674 5292 νῦν
687 5233 829 5315 πρότερον,
845 5233 914 5294 siri
933 5229 1047 5315 τρίτονή

786 399 954 462 DiONYSli
975 397 1358 462 Hiulcnttrtusslsltsis

1095 546 1224 592 estonum
1238 553 1363 605 quemque
1386 538 1484 590 civitati
1502 553 1556 592 sus
1569 539 1625 591 hec
1644 535 1738 591 reterre
1749 537 1875 602 oportere,

1096 635 1126 683 ut
1135 631 1235 696 injurim
1246 645 1261 682 s
1273 630 1390 682 Romanis
1401 633 1506 695 patrate
1523 645 1595 696 poena
1606 631 1673 681 insta
1685 644 1714 681 ac
1723 627 1878 694 repressione

1096 724 1290 775 vindicarentur.
1322 722 1368 774 liis
1388 722 1478 784 dictis,
1494 723 1660 787 omnibusque
1678 724 1765 772 contra
1784 722 1878 772 Βουτε-

1096 817 1239 880 nostratis,
1253 816 1395 868 concionem
1409 817 1492 867 solvit.
1527 819 1664 881 Regressus
1677 818 1760 866 antem
1771 812 1876 864 domum

1097 911 1270 977 unusquisque
1282 912 1400 962 eventum
1412 909 1510 961 civibus
1527 909 1580 961 suis
1601 906 1777 967 renuntiabat,
1794 905 1877 956 maio-

1097 1017 1151 1055 rem
1162 1003 1239 1055 etiam
1254 1017 1332 1068 quam
1349 1016 1376 1054 re
1395 1003 1450 1069 ipss
1469 1007 1624 1055 successerat
1645 1014 1782 1059 accusem,
1801 1000 1877 1063 atquc

1097 1112 1183 1150 omnes
1197 1098 1289 1149 invasit
1307 1098 1436 1159 civitates,
1457 1112 1516 1165 que
1538 1099 1612 1151 talem
1638 1096 1755 1149 iniuriam
1773 1093 1877 1145 tolerare

1097 1207 1147 1244 nou
1162 1196 1306 1258 potuerunt.
1318 1192 1417 1257 Legatis
1428 1196 1515 1244 sutem
1528 1194 1593 1246 inter
1607 1207 1661 1246 sese
1673 1195 1773 1249 missis.
1784 1201 1878 1241 couro-

1098 1285 1255 1338 catisuntin
1273 1285 1418 1337 concionem
1439 1287 1551 1339 universi
1567 1287 1665 1348 volsci,
1685 1286 1731 1352 qui
1753 1279 1878 1335 communi

1097 1379 1200 1430 mosibo
1210 1378 1242 1429 de
1253 1377 1317 1429 bello
1336 1378 1509 1431 deliberarent.
1549 1382 1603 1432 iioc
1622 1382 1707 1431 autem
1728 1379 1822 1429 tactum
1839 1377 1879 1426 est

1097 1473 1169 1524 Tullo
1177 1470 1333 1538 potissimum
1348 1471 1479 1536 instigante
1492 1487 1499 1518 ε
1517 1478 1544 1525 et
1557 1488 1589 1526 ex
1600 1471 1815 1547 singuiispopuiis
1826 1472 1877 1521 tani

1099 1566 1145 1633 ipsi
1169 1565 1344 1631 magistratus,
1367 1582 1444 1632 quam
1469 1568 1517 1620 alia
1532 1568 1619 1634 ingens
1637 1568 1727 1626 turba,
1749 1566 1776 1615 in
1793 1563 1879 1615 urbem

1099 1663 1213 1713 Ecetram
1228 1665 1404 1713 convenerunt.
1438 1664 1499 1714 lieo
1512 1662 1579 1714 enim
1590 1661 1646 1714 loco
1656 1661 1767 1712 maxime
1787 1670 1878 1723 oppor-

1099 1756 1161 1807 tuno
1174 1755 1207 1806 ad
1218 1755 1350 1807 connium
1369 1757 1521 1822 reliquorum
1544 1757 1691 1823 populorum
1708 1756 1756 1806 sita
1776 1752 1877 1805 rideba-

1099 1847 1149 1895 tur.
1165 1824 1267 1909 ibipost
1278 1843 1357 1895 mrdta
1370 1845 1444 1897 verba
1457 1860 1473 1897 a
1487 1845 1637 1911 primoribus
1653 1844 1775 1908 cuiusque
1794 1843 1878 1894 cirita·

1101 1936 1134 1987 tis
1145 1934 1227 1996 dicta,
1248 1934 1266 1984 ii
1284 1936 1327 1999 qui
1356 1936 1459 1989 ederant
1479 1937 1550 1988 missi
1573 1937 1676 1989 suntin
1699 1935 1830 1999 suiirrstm
1855 1935 1880 1984 et

1102 2028 1222 2082 sententis
1229 2028 1344 2092 obtinuit,
1356 2030 1447 2082 beilum
1457 2032 1616 2095 movendum,
1626 2030 1695 2097 quod
1703 2030 1808 2082 llomnni
1814 2029 1880 2094 prio·

1102 2136 1141 2176 res
1151 2120 1250 2172 ioedcris
1263 2121 1318 2172 iura
1333 2122 1472 2176 violassent

1133 2309 1164 2358 v.
1182 2308 1245 2358 cnm
1260 2308 1345 2358 autem
1360 2306 1522 2371 magistratus
1540 2306 1670 2358 consilinm
1688 2307 1721 2359 de
1733 2306 1809 2359 modo
1822 2307 1879 2359 beili

1101 2394 1200 2461 gerendi
1212 2392 1413 2459 proposuissent,
1432 2392 1519 2444 Tullus
1533 2392 1558 2443 in
1572 2393 1680 2445 medinm
1692 2407 1838 2459 progressus
1848 2395 1879 2447 iis

1102 2484 1194 2545 suasit,
1208 2484 1237 2533 ut
1254 2483 1376 2534 Marcium
1398 2485 1570 2543 accerserent,
1585 2486 1611 2535 et
1632 2497 1664 2535 en
1682 2498 1712 2534 eo
1726 2487 1878 2550 quaterent,

1101 2570 1225 2636 quomodo
1245 2573 1413 2621 Romanorum
1433 2570 1545 2634 potentia
1571 2570 1651 2622 everti
1676 2574 1770 2636 posset
1809 2575 1880 2625 iiunc

1103 2658 1169 2711 enim
1179 2657 1290 2709 omnium
1303 2657 1396 2722 optime
1417 2657 1501 2721 scire,
1519 2660 1546 2709 et
1559 2672 1610 2723 qua
1625 2660 1768 2713 laborarent
1781 2665 1879 2715 resite-

1102 2760 1232 2798 msnorum
1248 2749 1274 2796 et
1284 2758 1334 2809 qua
1347 2745 1455 2796 maxime
1478 2746 1597 2798 calerent.
1633 2748 1732 2801 Placuit
1743 2749 1792 2801 hoc
1803 2751 1880 2803 cond·

1102 2836 1178 2897 dum,
1194 2839 1220 2887 et
1233 2835 1318 2885 statim
1334 2848 1421 2886 omnes
1436 2835 1605 2888 acclamarunt
1624 2837 1709 2889 virum
1732 2841 1878 2894 romulum.

1102 2928 1171 2977 Tunc
1191 2925 1313 2987 Marcius,
1333 2926 1437 2987 nactus,
1461 2937 1536 2988 quam
1557 2926 1681 2992 cupiebat,
1713 2929 1878 2991 occasionem,

1102 3012 1211 3063 surrexit
1232 3015 1336 3063 memus
1349 3014 1375 3063 et
1385 3011 1600 3079 lacrimabundus;
1612 3018 1639 3066 et
1653 3019 1711 3080 post
1723 3016 1800 3070 breve
1812 3018 1879 3070 silen-

1102 3098 1165 3150 tium
1187 3097 1250 3148 bauo
1268 3096 1356 3148 hebuit
1375 3098 1511 3150 orationem
1538 3115 1545 3145 ε
1572 3121 1585 3145 ιι
1607 3103 1632 3153 Si
1653 3104 1822 3159 existimarem
1837 3123 1880 3161 ros

1105 3206 1118 3231 α
1132 3197 1217 3237 omues
1226 3183 1292 3235 idem
1304 3184 1335 3234 de
1348 3198 1404 3236 mea
1413 3185 1553 3239 calamitate
1566 3190 1672 3252 sentire,
1682 3191 1752 3243 dees
1761 3209 1802 3247 me
1816 3197 1880 3262 apud

1105 3294 1118 3325 a
1132 3287 1292 3339 respergere
1301 3287 1350 3324 uon
1360 3276 1529 3327 necessarium
1546 3278 1691 3332 crederem:
1705 3284 1748 3333 sed
1761 3286 1879 3350 cogitans,

1104 3384 1117 3411 e
1132 3361 1196 3414 utin
1208 3363 1278 3413 tnuta
1295 3360 1448 3425 ingeniorum
1461 3365 1582 3418 varietate
1603 3368 1652 3431 sit,
1665 3382 1711 3420 non
1726 3371 1812 3423 delore
1828 3372 1877 3423 uli·

1105 3477 1118 3508 u
1135 3469 1206 3523 quea,
1219 3452 1263 3518 qui
1277 3450 1338 3502 ialso
1359 3452 1433 3515 atque
1450 3453 1574 3508 immerito
1589 3461 1760 3525 opinarentur,
1776 3474 1818 3513 me
1830 3476 1879 3514 non

1105 3566 1118 3591 a
1134 3543 1187 3595 sine
1203 3552 1263 3591 sera
1279 3540 1307 3590 et
1328 3536 1394 3588 iusta
1415 3552 1504 3591 caussa
1525 3557 1540 3593 a
1562 3547 1654 3610 populo
1675 3551 1784 3600 itomauo
1801 3551 1880 3615 patria

1104 3632 1247 3699 «pulsum,
1267 3628 1374 3691 primum
1396 3630 1422 3679 et
1436 3633 1493 3682 ante
1516 3633 1599 3685 omnis
1615 3638 1696 3688 exsilii
1718 3639 1840 3692 rationem
1856 3640 1879 3690 iu

1104 3745 1116 3777 α
1130 3728 1178 3777 hoc
1193 3722 1291 3789 publico
1310 3722 1394 3772 restro
1405 3721 1510 3772 condio
1521 3723 1582 3775 milri
1593 3725 1747 3779 reddendam
1766 3730 1878 3781 arbitror.

1103 3819 1227 3867 «Verum
1244 3810 1319 3870 iliud,
1339 3821 1384 3873 per
1403 3808 1480 3872 deos,
1503 3824 1565 3874 oro,
1589 3817 1620 3864 ut
1641 3830 1700 3879 vos,
1730 3818 1774 3881 qui
1791 3818 1879 3884 optime

1103 3925 1116 3951 ιι
1133 3906 1202 3957 scitis
1223 3904 1397 3972 iniuriasquas
1416 3907 1449 3958 ab
1465 3905 1571 3957 inimico
1587 3907 1686 3971 accepi,
1699 3908 1879 3971 quamqueim·

1104 4011 1116 4043 u
1132 3995 1221 4046 merito
1232 3994 1259 4046 in
1275 3997 1324 4047 lroc
1340 3996 1503 4048 intortunium
1517 3994 1662 4056 inciderim,
1678 4008 1719 4046 me
1741 3995 1879 4060 loquentem

1104 4110 1116 4134 ν
1133 4096 1213 4161 aquis
1233 4095 1334 4147 andbus
1354 4088 1476 4153 audiatis,
1491 4101 1537 4140 nec
1556 4089 1625 4155 prius
1646 4103 1731 4141 meum
1754 4087 1880 4140 consilium

1104 4181 1277 4236 «desideretis
1303 4194 1380 4247 quam
1403 4192 1444 4229 me
1468 4177 1522 4229 eius
1547 4180 1689 4241 auctorem,
1708 4179 1791 4244 qualis
1820 4179 1878 4238 sim,

1104 4271 1308 4323 «examinantis.
1343 4268 1463 4330 Quamvis
1483 4269 1566 4318 sutem
1589 4279 1643 4317 rem
1659 4265 1735 4318 altius
1753 4269 1801 4320 οῖσι
1816 4283 1881 4335 repe·

1104 4357 1238 4421 «risurus,
1255 4364 1338 4411 tamen
1360 4358 1486 4411 succincta
1498 4355 1608 4408 oratione
1623 4359 1687 4408 utar.
1711 4358 1821 4422 Populus
1833 4362 1878 4410 ilo·

1104 4462 1119 4491 α
1131 4458 1219 4497 manus
1243 4445 1365 4511 principio
1378 4446 1483 4497 termam
1507 4443 1649 4509 reipublice
1671 4443 1759 4496 babuit
1779 4446 1881 4497 mixtam

1105 4547 1163 4583 rex
1185 4535 1307 4598 potestate
1330 4536 1397 4600 regia
1418 4539 1444 4586 st
1468 4536 1615 4600 optimatum
1638 4536 1783 4597 dominatur
1797 4540 1881 4602 postes

1106 4618 1235 4671 «ultimus
1251 4635 1295 4672 rex
1315 4622 1464 4688 Tarquinius
1485 4635 1586 4686 reguum
1600 4622 1627 4673 in
1649 4622 1806 4686 tyrannidem
1829 4637 1882 4675 rer-

1105 4728 1117 4752 «
1133 4709 1188 4759 tere
1209 4707 1295 4760 soluit.
1338 4712 1421 4768 Quare
1442 4709 1590 4774 optimatum
1615 4710 1754 4776 principes,
1773 4711 1839 4764 iacta
1857 4713 1883 4763 in

1081 4806 1117 4842 ἰ
1130 4812 1190 4850 eum
1219 4798 1412 4864 conspiratione,
1435 4813 1494 4852 eum
1519 4813 1551 4851 ex
1568 4799 1630 4852 urbe
1662 4800 1830 4866 expulerunt,
1857 4802 1882 4852 et

1105 4904 1117 4933 ι
1131 4886 1179 4953 ipsi
1188 4885 1365 4952 rempublicam
1383 4886 1601 4950 administrarant,
1620 4901 1695 4954 quam
1709 4903 1797 4942 omues
1813 4887 1882 4954 opti·

1104 4992 1117 5022 ιι
1131 4989 1198 5026 mem
1212 4980 1238 5027 et
1253 4975 1477 5028 moderatissimam
1491 4987 1547 5027 esse
1561 4976 1725 5040 confitentur,
1741 4976 1881 5042 reipublice

1104 5082 1116 5107 «ι
1134 5063 1215 5113 torrua
1224 5064 1369 5115 consituta.
1382 5066 1435 5116 nec
1443 5063 1529 5117 multis
1542 5068 1600 5117 ante
1611 5066 1716 5127 seculis,
1730 5068 1775 5118 sed
1793 5065 1882 5119 tertium

1105 5173 1118 5198 α
1132 5153 1231 5204 tantum
1243 5156 1287 5204 aut
1300 5155 1405 5217 quartus
1419 5166 1515 5216 annus,
1529 5157 1569 5207 est
1585 5169 1616 5207 ex
1629 5169 1679 5221 quo
1691 5154 1843 5222 pauperrimi
1856 5155 1883 5206 et

1100 5260 1112 5283 υ
1125 5239 1270 5292 inertissimi
1278 5240 1373 5306 quique
1384 5241 1461 5305 circs,
1479 5241 1559 5295 ιιιαλοε
1571 5242 1651 5296 duces
1664 5242 1752 5306 seculi,
1766 5257 1824 5298 eum
1835 5241 1882 5296 atr
