<?xml version="1.0" encoding="UTF-8"?>
<!DOCTYPE html PUBLIC "-//W3C//DTD XHTML 1.0 Transitional//EN"
    "http://www.w3.org/TR/xhtml1/DTD/xhtml1-transitional.dtd">
<html xmlns="http://www.w3.org/1999/xhtml" xml:lang="en" lang="en">
 <head>
  <title>
</title>
<meta http-equiv="Content-Type" content="text/html;charset=utf-8" />
  <meta name='ocr-system' content='tesseract 3.04.00' />
  <meta name='ocr-capabilities' content='ocr_page ocr_carea ocr_par ocr_line ocrx_word'/>
</head>
<body>
  <div class='ocr_page' id='page_1' title='image "./dionysiihalicar01prougoog/dionysiihalicar01prougoog_0670.png"; bbox 0 0 3980 5936; ppageno 0'>
   <div class='ocr_carea' id='block_1_1' title="bbox 615 422 1233 498">
    <p class='ocr_par' dir='ltr' id='par_1_1' title="bbox 615 422 1233 498">
     <span class='ocr_line' id='line_1_1' title="bbox 615 422 1233 498; baseline 0.013 -15"><span class='ocrx_word' id='word_1_1' title='bbox 615 422 906 498; x_wconf 79' lang='lat' dir='ltr'><strong>ANTIQUITATUM</strong></span> <span class='ocrx_word' id='word_1_2' title='bbox 927 427 1075 491; x_wconf 82' lang='lat' dir='ltr'><strong>ROlllllN.</strong></span> <span class='ocrx_word' id='word_1_3' title='bbox 1100 433 1173 494; x_wconf 89' lang='lat' dir='ltr'><strong>LlB.</strong></span> <span class='ocrx_word' id='word_1_4' title='bbox 1195 436 1233 495; x_wconf 84' lang='lat' dir='ltr'><strong>X.</strong></span> 
     </span>
    </p>
   </div>
   <div class='ocr_carea' id='block_1_2' title="bbox 130 553 927 646">
    <p class='ocr_par' dir='ltr' id='par_1_2' title="bbox 130 553 927 646">
     <span class='ocr_line' id='line_1_2' title="bbox 130 553 927 646; baseline -0.006 -30"><span class='ocrx_word' id='word_1_5' title='bbox 130 558 187 637; x_wconf 80' lang='grc' dir='ltr'>μήτι</span> <span class='ocrx_word' id='word_1_6' title='bbox 202 557 280 615; x_wconf 87' lang='grc' dir='ltr'>ῖδιῖν·</span> <span class='ocrx_word' id='word_1_7' title='bbox 298 557 377 613; x_wconf 76' lang='grc' dir='ltr'>ἕωθεν</span> <span class='ocrx_word' id='word_1_8' title='bbox 392 553 465 621; x_wconf 78' lang='grc' dir='ltr'>εὐθὺς</span> <span class='ocrx_word' id='word_1_9' title='bbox 481 553 589 635; x_wconf 70' lang='grc' dir='ltr'>ἐξῄεσαν</span> <span class='ocrx_word' id='word_1_10' title='bbox 604 558 628 615; x_wconf 85' lang='grc' dir='ltr'>οῖ</span> <span class='ocrx_word' id='word_1_11' title='bbox 644 557 725 635; x_wconf 80' lang='grc' dir='ltr'>δέκα,</span> <span class='ocrx_word' id='word_1_12' title='bbox 751 563 786 625; x_wconf 68' lang='grc' dir='ltr'><strong>τὰ</strong></span> <span class='ocrx_word' id='word_1_13' title='bbox 809 567 896 646; x_wconf 67' lang='grc' dir='ltr'>παρά.</span> <span class='ocrx_word' id='word_1_14' title='bbox 924 577 927 588; x_wconf 87' lang='grc'>·</span> 
     </span>
    </p>
   </div>
   <div class='ocr_carea' id='block_1_3' title="bbox 31 640 902 5336">
    <p class='ocr_par' dir='ltr' id='par_1_3' title="bbox 31 640 902 5336">
     <span class='ocr_line' id='line_1_3' title="bbox 129 640 898 729; baseline 0.017 -28"><span class='ocrx_word' id='word_1_15' title='bbox 129 668 194 724; x_wconf 87' lang='grc' dir='ltr'>σημα</span> <span class='ocrx_word' id='word_1_16' title='bbox 210 646 256 714; x_wconf 87' lang='grc' dir='ltr'><strong>τῆς</strong></span> <span class='ocrx_word' id='word_1_17' title='bbox 270 642 409 724; x_wconf 78' lang='grc' dir='ltr'>βασιλικῆς</span> <span class='ocrx_word' id='word_1_18' title='bbox 419 640 537 712; x_wconf 71' lang='grc' dir='ltr'>ἐξουσίας</span> <span class='ocrx_word' id='word_1_19' title='bbox 549 644 664 714; x_wconf 78' lang='grc' dir='ltr'>ἅπαντες</span> <span class='ocrx_word' id='word_1_20' title='bbox 680 650 850 729; x_wconf 81' lang='grc' dir='ltr'>ἐπαγόμενοι.</span> <span class='ocrx_word' id='word_1_21' title='bbox 862 652 898 716; x_wconf 86' lang='lat'><strong>‘0</strong></span> 
     </span>
     <span class='ocr_line' id='line_1_4' title="bbox 129 730 898 818; baseline 0.014 -28"><span class='ocrx_word' id='word_1_22' title='bbox 129 735 152 795; x_wconf 77' lang='lat' dir='ltr'><strong>ll</strong></span> <span class='ocrx_word' id='word_1_23' title='bbox 165 736 260 813; x_wconf 78' lang='grc' dir='ltr'>δῆμος,</span> <span class='ocrx_word' id='word_1_24' title='bbox 277 735 314 798; x_wconf 84' lang='grc' dir='ltr'><strong>ὡς</strong></span> <span class='ocrx_word' id='word_1_25' title='bbox 332 730 429 808; x_wconf 79' lang='grc' dir='ltr'>ῖμαθεν</span> <span class='ocrx_word' id='word_1_26' title='bbox 450 732 545 800; x_wconf 76' lang='grc' dir='ltr'>αὐτοὺς</span> <span class='ocrx_word' id='word_1_27' title='bbox 565 730 652 792; x_wconf 75' lang='grc' dir='ltr'>οὐκέτι</span> <span class='ocrx_word' id='word_1_28' title='bbox 672 740 851 818; x_wconf 77' lang='grc' dir='ltr'>φυλάττοντας</span> <span class='ocrx_word' id='word_1_29' title='bbox 867 742 898 802; x_wconf 84' lang='grc' dir='ltr'><strong>τδ</strong></span> 
     </span>
     <span class='ocr_line' id='line_1_5' title="bbox 128 818 896 909; baseline 0.003 -27"><span class='ocrx_word' id='word_1_30' title='bbox 128 820 260 903; x_wconf 81' lang='grc' dir='ltr'>δημοτικὸν</span> <span class='ocrx_word' id='word_1_31' title='bbox 281 820 365 881; x_wconf 80' lang='grc' dir='ltr'>ἐκεῖνο</span> <span class='ocrx_word' id='word_1_32' title='bbox 381 818 426 880; x_wconf 82' lang='grc' dir='ltr'><strong>καλ</strong></span> <span class='ocrx_word' id='word_1_33' title='bbox 438 819 543 902; x_wconf 84' lang='grc' dir='ltr'>μίτριον</span> <span class='ocrx_word' id='word_1_34' title='bbox 565 826 659 902; x_wconf 85' lang='grc' dir='ltr'>σχῆμα</span> <span class='ocrx_word' id='word_1_35' title='bbox 676 832 723 899; x_wconf 82' lang='grc' dir='ltr'><strong>τῆς</strong></span> <span class='ocrx_word' id='word_1_36' title='bbox 736 818 896 909; x_wconf 44' lang='lat' dir='ltr'><strong>epipeda„</strong></span> 
     </span>
     <span class='ocr_line' id='line_1_6' title="bbox 92 908 895 1000; baseline 0.011 -29"><span class='ocrx_word' id='word_1_37' title='bbox 92 933 103 971; x_wconf 86' lang='grc' dir='ltr'><strong>ι</strong></span> <span class='ocrx_word' id='word_1_38' title='bbox 127 912 176 973; x_wconf 72' lang='grc' dir='ltr'>οὐδὲ</span> <span class='ocrx_word' id='word_1_39' title='bbox 191 908 406 990; x_wconf 78' lang='grc' dir='ltr'>διαμεεύομίιους</span> <span class='ocrx_word' id='word_1_40' title='bbox 419 910 453 971; x_wconf 72' lang='lat' dir='ltr'><strong>cd</strong></span> <span class='ocrx_word' id='word_1_41' title='bbox 464 910 614 993; x_wconf 64' lang='lat' dir='ltr'><strong>caputcaput</strong></span> <span class='ocrx_word' id='word_1_42' title='bbox 629 917 676 985; x_wconf 87' lang='grc' dir='ltr'><strong>τῆς</strong></span> <span class='ocrx_word' id='word_1_43' title='bbox 692 920 832 995; x_wconf 80' lang='grc' dir='ltr'>βασιλικῆς</span> <span class='ocrx_word' id='word_1_44' title='bbox 846 923 895 1000; x_wconf 84' lang='grc' dir='ltr'>ἀρ-</span> 
     </span>
     <span class='ocr_line' id='line_1_7' title="bbox 127 992 897 1085; baseline 0.013 -26"><span class='ocrx_word' id='word_1_45' title='bbox 127 1005 218 1082; x_wconf 75' lang='grc' dir='ltr'>χῆιδις</span> <span class='ocrx_word' id='word_1_46' title='bbox 232 999 376 1080; x_wconf 78' lang='grc' dir='ltr'>πρότερον,</span> <span class='ocrx_word' id='word_1_47' title='bbox 405 999 440 1066; x_wconf 80' lang='grc' dir='ltr'><strong>είς</strong></span> <span class='ocrx_word' id='word_1_48' title='bbox 462 1001 564 1072; x_wconf 75' lang='grc' dir='ltr'>πολλὴν</span> <span class='ocrx_word' id='word_1_49' title='bbox 592 992 655 1073; x_wconf 79' lang='grc' dir='ltr'>ῆλθε</span> <span class='ocrx_word' id='word_1_50' title='bbox 686 1008 830 1085; x_wconf 82' lang='grc' dir='ltr'>δυσθυμίαν</span> <span class='ocrx_word' id='word_1_51' title='bbox 851 1009 897 1069; x_wconf 77' lang='grc' dir='ltr'><strong>καὶ</strong></span> 
     </span>
     <span class='ocr_line' id='line_1_8' title="bbox 129 1085 897 1172; baseline 0.01 -23"><span class='ocrx_word' id='word_1_52' title='bbox 129 1090 275 1172; x_wconf 71' lang='grc' dir='ltr'>κατήφειαν.</span> <span class='ocrx_word' id='word_1_53' title='bbox 318 1085 450 1171; x_wconf 82' lang='grc' dir='ltr'>Ἐρόθουν</span> <span class='ocrx_word' id='word_1_54' title='bbox 464 1113 493 1148; x_wconf 90' lang='grc' dir='ltr'><strong>τε</strong></span> <span class='ocrx_word' id='word_1_55' title='bbox 507 1091 531 1149; x_wconf 85' lang='grc' dir='ltr'>οῖ</span> <span class='ocrx_word' id='word_1_56' title='bbox 551 1096 765 1172; x_wconf 78' lang='grc' dir='ltr'>προσηρτημένον</span> <span class='ocrx_word' id='word_1_57' title='bbox 778 1107 838 1167; x_wconf 85' lang='grc' dir='ltr'>ταῖς</span> <span class='ocrx_word' id='word_1_58' title='bbox 853 1099 897 1160; x_wconf 88' lang='grc' dir='ltr'><strong>δί-</strong></span> 
     </span>
     <span class='ocr_line' id='line_1_9' title="bbox 130 1176 895 1266; baseline 0.017 -31"><span class='ocrx_word' id='word_1_59' title='bbox 130 1201 202 1257; x_wconf 75' lang='lat' dir='ltr'><strong>epar&lt;</strong></span> <span class='ocrx_word' id='word_1_60' title='bbox 215 1182 265 1237; x_wconf 87' lang='grc' dir='ltr'><strong>τῶν</strong></span> <span class='ocrx_word' id='word_1_61' title='bbox 285 1177 388 1259; x_wconf 70' lang='lat' dir='ltr'><strong>patius</strong></span> <span class='ocrx_word' id='word_1_62' title='bbox 403 1176 538 1252; x_wconf 76' lang='grc' dir='ltr'><strong>πελέκεις,</strong></span> <span class='ocrx_word' id='word_1_63' title='bbox 556 1184 599 1246; x_wconf 70' lang='lat' dir='ltr'><strong>ab&lt;</strong></span> <span class='ocrx_word' id='word_1_64' title='bbox 616 1182 707 1262; x_wconf 72' lang='grc' dir='ltr'>ἔφερον</span> <span class='ocrx_word' id='word_1_65' title='bbox 721 1189 744 1244; x_wconf 87' lang='lat' dir='ltr'><strong>ol</strong></span> <span class='ocrx_word' id='word_1_66' title='bbox 760 1187 895 1266; x_wconf 87' lang='grc' dir='ltr'>προηγού-</span> 
     </span>
     <span class='ocr_line' id='line_1_10' title="bbox 127 1264 898 1349; baseline 0.013 -25"><span class='ocrx_word' id='word_1_67' title='bbox 127 1289 193 1341; x_wconf 87' lang='grc' dir='ltr'>μενοι</span> <span class='ocrx_word' id='word_1_68' title='bbox 207 1269 259 1325; x_wconf 81' lang='grc' dir='ltr'><strong>τῶν</strong></span> <span class='ocrx_word' id='word_1_69' title='bbox 275 1266 376 1347; x_wconf 84' lang='grc' dir='ltr'>ἀνδρῶν</span> <span class='ocrx_word' id='word_1_70' title='bbox 399 1264 530 1339; x_wconf 85' lang='grc' dir='ltr'>ίκιίσεου,</span> <span class='ocrx_word' id='word_1_71' title='bbox 546 1266 649 1327; x_wconf 84' lang='grc' dir='ltr'>δώδεκα</span> <span class='ocrx_word' id='word_1_72' title='bbox 664 1270 755 1349; x_wconf 82' lang='grc' dir='ltr'>ὄντες,</span> <span class='ocrx_word' id='word_1_73' title='bbox 770 1275 898 1334; x_wconf 77' lang='grc' dir='ltr'>ἀναστέλ-</span> 
     </span>
     <span class='ocr_line' id='line_1_11' title="bbox 81 1356 897 1440; baseline 0.015 -30"><span class='ocrx_word' id='word_1_74' title='bbox 81 1372 103 1410; x_wconf 90' lang='grc' dir='ltr'><strong>ιο</strong></span> <span class='ocrx_word' id='word_1_75' title='bbox 126 1356 206 1422; x_wconf 87' lang='grc' dir='ltr'>λοντες</span> <span class='ocrx_word' id='word_1_76' title='bbox 222 1356 252 1414; x_wconf 86' lang='grc' dir='ltr'><strong>ίκ</strong></span> <span class='ocrx_word' id='word_1_77' title='bbox 268 1356 328 1430; x_wconf 45' lang='grc' dir='ltr'>τῶν,</span> <span class='ocrx_word' id='word_1_78' title='bbox 346 1357 487 1411; x_wconf 77' lang='grc' dir='ltr'>στενωπῶν</span> <span class='ocrx_word' id='word_1_79' title='bbox 506 1356 627 1431; x_wconf 78' lang='grc' dir='ltr'>πληγαῖς</span> <span class='ocrx_word' id='word_1_80' title='bbox 644 1357 689 1417; x_wconf 80' lang='grc' dir='ltr'><strong>τὸν</strong></span> <span class='ocrx_word' id='word_1_81' title='bbox 705 1359 797 1440; x_wconf 82' lang='grc' dir='ltr'>ὄχλον,</span> <span class='ocrx_word' id='word_1_82' title='bbox 818 1362 833 1422; x_wconf 90' lang='grc' dir='ltr'>δ</span> <span class='ocrx_word' id='word_1_83' title='bbox 851 1364 897 1423; x_wconf 82' lang='grc' dir='ltr'><strong>καλ</strong></span> 
     </span>
     <span class='ocr_line' id='line_1_12' title="bbox 126 1442 897 1534; baseline 0.01 -31"><span class='ocrx_word' id='word_1_84' title='bbox 126 1445 164 1504; x_wconf 80' lang='grc' dir='ltr'><strong>ἐπὶ</strong></span> <span class='ocrx_word' id='word_1_85' title='bbox 182 1447 234 1502; x_wconf 83' lang='grc' dir='ltr'><strong>τῶν</strong></span> <span class='ocrx_word' id='word_1_86' title='bbox 250 1442 379 1521; x_wconf 77' lang='grc' dir='ltr'>βασιλέων</span> <span class='ocrx_word' id='word_1_87' title='bbox 403 1442 505 1520; x_wconf 81' lang='grc' dir='ltr'>ἐγένετο</span> <span class='ocrx_word' id='word_1_88' title='bbox 524 1442 660 1523; x_wconf 86' lang='grc' dir='ltr'>πρότερον.</span> <span class='ocrx_word' id='word_1_89' title='bbox 687 1450 829 1523; x_wconf 82' lang='grc' dir='ltr'>Κατελύθη</span> <span class='ocrx_word' id='word_1_90' title='bbox 845 1450 897 1534; x_wconf 81' lang='grc' dir='ltr'>γδρ</span> 
     </span>
     <span class='ocr_line' id='line_1_13' title="bbox 126 1530 897 1614; baseline 0.01 -21"><span class='ocrx_word' id='word_1_91' title='bbox 126 1531 192 1600; x_wconf 87' lang='grc' dir='ltr'><strong>ιύθύς</strong></span> <span class='ocrx_word' id='word_1_92' title='bbox 211 1532 242 1593; x_wconf 73' lang='lat' dir='ltr'><strong>ab</strong></span> <span class='ocrx_word' id='word_1_93' title='bbox 260 1530 316 1599; x_wconf 83' lang='grc' dir='ltr'>ῖθος</span> <span class='ocrx_word' id='word_1_94' title='bbox 336 1535 413 1590; x_wconf 74' lang='grc' dir='ltr'>τοῦτο</span> <span class='ocrx_word' id='word_1_95' title='bbox 436 1531 503 1608; x_wconf 73' lang='grc' dir='ltr'>μετὰ</span> <span class='ocrx_word' id='word_1_96' title='bbox 523 1535 573 1604; x_wconf 77' lang='grc' dir='ltr'><strong>τὴν</strong></span> <span class='ocrx_word' id='word_1_97' title='bbox 597 1533 706 1608; x_wconf 77' lang='grc' dir='ltr'>ίκύολῆι</span> <span class='ocrx_word' id='word_1_98' title='bbox 725 1543 776 1598; x_wconf 85' lang='grc' dir='ltr'><strong>τῶν</strong></span> <span class='ocrx_word' id='word_1_99' title='bbox 799 1541 897 1614; x_wconf 88' lang='grc' dir='ltr'>μονοίρ-</span> 
     </span>
     <span class='ocr_line' id='line_1_14' title="bbox 129 1623 902 1701; baseline 0.01 -20"><span class='ocrx_word' id='word_1_100' title='bbox 129 1639 178 1697; x_wconf 84' lang='grc' dir='ltr'><strong>χων</strong></span> <span class='ocrx_word' id='word_1_101' title='bbox 193 1623 237 1682; x_wconf 83' lang='grc' dir='ltr'><strong>ὐπ’</strong></span> <span class='ocrx_word' id='word_1_102' title='bbox 259 1626 350 1700; x_wconf 85' lang='grc' dir='ltr'>ἀνδρος</span> <span class='ocrx_word' id='word_1_103' title='bbox 376 1627 518 1698; x_wconf 78' lang='grc' dir='ltr'>δημοτικοῦ</span> <span class='ocrx_word' id='word_1_104' title='bbox 544 1627 664 1686; x_wconf 89' lang='grc' dir='ltr'>Ποπλίου</span> <span class='ocrx_word' id='word_1_105' title='bbox 687 1627 835 1701; x_wconf 74' lang='grc' dir='ltr'>Οὐαλερίου</span> <span class='ocrx_word' id='word_1_106' title='bbox 853 1624 902 1698; x_wconf 79' lang='grc' dir='ltr'><strong>τῆν</strong></span> 
     </span>
     <span class='ocr_line' id='line_1_15' title="bbox 101 1703 896 1794; baseline 0.013 -28"><span class='ocrx_word' id='word_1_107' title='bbox 101 1709 223 1782; x_wconf 57' lang='grc' dir='ltr'>,ίκείνων</span> <span class='ocrx_word' id='word_1_108' title='bbox 246 1706 363 1776; x_wconf 74' lang='grc' dir='ltr'>ίξουσίαν</span> <span class='ocrx_word' id='word_1_109' title='bbox 385 1707 596 1785; x_wconf 80' lang='grc' dir='ltr'>μεταλαθόντος,</span> <span class='ocrx_word' id='word_1_110' title='bbox 623 1703 645 1792; x_wconf 77' lang='grc' dir='ltr'>ᾧ</span> <span class='ocrx_word' id='word_1_111' title='bbox 669 1713 766 1781; x_wconf 79' lang='grc' dir='ltr'>πάντες</span> <span class='ocrx_word' id='word_1_112' title='bbox 783 1720 807 1774; x_wconf 82' lang='grc' dir='ltr'>οἱ</span> <span class='ocrx_word' id='word_1_113' title='bbox 829 1716 896 1794; x_wconf 71' lang='grc' dir='ltr'>μετὰ</span> 
     </span>
     <span class='ocr_line' id='line_1_16' title="bbox 76 1793 895 1885; baseline 0.012 -31"><span class='ocrx_word' id='word_1_114' title='bbox 76 1810 99 1848; x_wconf 69' lang='grc'><strong>15</strong></span> <span class='ocrx_word' id='word_1_115' title='bbox 125 1798 215 1855; x_wconf 80' lang='grc' dir='ltr'>ἐκεῖνον</span> <span class='ocrx_word' id='word_1_116' title='bbox 236 1793 332 1854; x_wconf 86' lang='grc' dir='ltr'>ὐπατοι</span> <span class='ocrx_word' id='word_1_117' title='bbox 355 1796 438 1856; x_wconf 82' lang='grc' dir='ltr'><strong>καλού</strong></span> <span class='ocrx_word' id='word_1_118' title='bbox 453 1796 610 1877; x_wconf 75' lang='grc' dir='ltr'>πράγματος</span> <span class='ocrx_word' id='word_1_119' title='bbox 636 1800 740 1871; x_wconf 79' lang='grc' dir='ltr'>δόξαντι</span> <span class='ocrx_word' id='word_1_120' title='bbox 764 1805 841 1885; x_wconf 78' lang='grc' dir='ltr'>ἄρξαι</span> <span class='ocrx_word' id='word_1_121' title='bbox 863 1804 895 1865; x_wconf 76' lang='lat' dir='ltr'><strong>cir</strong></span> 
     </span>
     <span class='ocr_line' id='line_1_17' title="bbox 124 1881 895 1973; baseline 0.017 -32"><span class='ocrx_word' id='word_1_122' title='bbox 124 1881 196 1960; x_wconf 85' lang='grc' dir='ltr'>δμοια</span> <span class='ocrx_word' id='word_1_123' title='bbox 209 1884 383 1965; x_wconf 76' lang='grc' dir='ltr'>πράττοντες,</span> <span class='ocrx_word' id='word_1_124' title='bbox 398 1883 486 1944; x_wconf 89' lang='grc' dir='ltr'>οὐκίτι</span> <span class='ocrx_word' id='word_1_125' title='bbox 504 1893 563 1955; x_wconf 90' lang='grc' dir='ltr'>ταῖς</span> <span class='ocrx_word' id='word_1_126' title='bbox 582 1886 692 1966; x_wconf 82' lang='grc' dir='ltr'>δέσμαις</span> <span class='ocrx_word' id='word_1_127' title='bbox 713 1894 766 1951; x_wconf 87' lang='grc' dir='ltr'><strong>τῶν</strong></span> <span class='ocrx_word' id='word_1_128' title='bbox 790 1892 895 1973; x_wconf 78' lang='grc' dir='ltr'>ῥοίύδων</span> 
     </span>
     <span class='ocr_line' id='line_1_18' title="bbox 122 1971 895 2063; baseline 0.017 -33"><span class='ocrx_word' id='word_1_129' title='bbox 122 1973 274 2055; x_wconf 79' lang='grc' dir='ltr'>προσήρτων</span> <span class='ocrx_word' id='word_1_130' title='bbox 288 1971 347 2040; x_wconf 87' lang='grc' dir='ltr'><strong>τούς</strong></span> <span class='ocrx_word' id='word_1_131' title='bbox 357 1972 491 2047; x_wconf 77' lang='grc' dir='ltr'>πελέκεις,</span> <span class='ocrx_word' id='word_1_132' title='bbox 506 1978 546 2035; x_wconf 83' lang='grc' dir='ltr'><strong>ὅτι</strong></span> <span class='ocrx_word' id='word_1_133' title='bbox 559 1977 597 2053; x_wconf 79' lang='grc' dir='ltr'><strong>μὴ</strong></span> <span class='ocrx_word' id='word_1_134' title='bbox 611 1978 680 2037; x_wconf 85' lang='grc' dir='ltr'>κατδι</span> <span class='ocrx_word' id='word_1_135' title='bbox 691 1978 738 2048; x_wconf 82' lang='grc' dir='ltr'><strong>τδς</strong></span> <span class='ocrx_word' id='word_1_136' title='bbox 756 1983 895 2063; x_wconf 84' lang='grc' dir='ltr'>σιρατιίας</span> 
     </span>
     <span class='ocr_line' id='line_1_19' title="bbox 121 2059 893 2151; baseline 0.014 -31"><span class='ocrx_word' id='word_1_137' title='bbox 121 2062 164 2120; x_wconf 80' lang='grc' dir='ltr'><strong>καὶ</strong></span> <span class='ocrx_word' id='word_1_138' title='bbox 178 2060 225 2128; x_wconf 68' lang='lat' dir='ltr'><strong>ab&lt;</strong></span> <span class='ocrx_word' id='word_1_139' title='bbox 238 2061 321 2129; x_wconf 74' lang='grc' dir='ltr'>ἄλλας</span> <span class='ocrx_word' id='word_1_140' title='bbox 334 2059 435 2128; x_wconf 76' lang='grc' dir='ltr'>ἐξόδους</span> <span class='ocrx_word' id='word_1_141' title='bbox 449 2059 496 2129; x_wconf 62' lang='lat' dir='ltr'><strong>rte</strong></span> <span class='ocrx_word' id='word_1_142' title='bbox 513 2066 544 2124; x_wconf 85' lang='grc' dir='ltr'><strong>δκ</strong></span> <span class='ocrx_word' id='word_1_143' title='bbox 555 2069 601 2136; x_wconf 84' lang='grc' dir='ltr'><strong>τῆς</strong></span> <span class='ocrx_word' id='word_1_144' title='bbox 617 2065 726 2136; x_wconf 84' lang='grc' dir='ltr'>πόλεως.</span> <span class='ocrx_word' id='word_1_145' title='bbox 772 2070 893 2151; x_wconf 85' lang='grc' dir='ltr'>Πολεμσν</span> 
     </span>
     <span class='ocr_line' id='line_1_20' title="bbox 121 2149 894 2238; baseline 0.016 -29"><span class='ocrx_word' id='word_1_146' title='bbox 121 2150 143 2209; x_wconf 82' lang='grc' dir='ltr'><strong>δ’</strong></span> <span class='ocrx_word' id='word_1_147' title='bbox 165 2149 299 2229; x_wconf 79' lang='grc' dir='ltr'>δξιίγοντις</span> <span class='ocrx_word' id='word_1_148' title='bbox 321 2150 459 2231; x_wconf 84' lang='grc' dir='ltr'>ὐπιρδριον</span> <span class='ocrx_word' id='word_1_149' title='bbox 486 2149 503 2223; x_wconf 73' lang='lat' dir='ltr'><strong>il</strong></span> <span class='ocrx_word' id='word_1_150' title='bbox 527 2155 580 2211; x_wconf 81' lang='grc' dir='ltr'><strong>τῶν</strong></span> <span class='ocrx_word' id='word_1_151' title='bbox 600 2156 724 2230; x_wconf 77' lang='grc' dir='ltr'>ὑπηκόων</span> <span class='ocrx_word' id='word_1_152' title='bbox 745 2158 894 2238; x_wconf 86' lang='grc' dir='ltr'>πρείγματα</span> 
     </span>
     <span class='ocr_line' id='line_1_21' title="bbox 68 2238 894 2330; baseline 0.018 -36"><span class='ocrx_word' id='word_1_153' title='bbox 68 2257 95 2295; x_wconf 79' lang='lat' dir='ltr'><strong>au</strong></span> <span class='ocrx_word' id='word_1_154' title='bbox 121 2239 334 2321; x_wconf 78' lang='grc' dir='ltr'>ἐπισκεψόμενοι,</span> <span class='ocrx_word' id='word_1_155' title='bbox 351 2238 410 2298; x_wconf 86' lang='grc' dir='ltr'>τότε</span> <span class='ocrx_word' id='word_1_156' title='bbox 435 2238 480 2299; x_wconf 80' lang='grc' dir='ltr'><strong>καὶ</strong></span> <span class='ocrx_word' id='word_1_157' title='bbox 502 2243 562 2307; x_wconf 85' lang='grc' dir='ltr'>τοὺς</span> <span class='ocrx_word' id='word_1_158' title='bbox 576 2242 696 2311; x_wconf 79' lang='grc' dir='ltr'>πελέκεις</span> <span class='ocrx_word' id='word_1_159' title='bbox 709 2254 767 2313; x_wconf 89' lang='grc' dir='ltr'>ταῖς</span> <span class='ocrx_word' id='word_1_160' title='bbox 788 2248 894 2330; x_wconf 77' lang='grc' dir='ltr'>ῥάύδοις</span> 
     </span>
     <span class='ocr_line' id='line_1_22' title="bbox 120 2324 894 2412; baseline 0.014 -28"><span class='ocrx_word' id='word_1_161' title='bbox 120 2326 349 2407; x_wconf 78' lang='grc' dir='ltr'>προσελσίμύανον,</span> <span class='ocrx_word' id='word_1_162' title='bbox 367 2324 410 2385; x_wconf 76' lang='grc' dir='ltr'><strong>ἵνα</strong></span> <span class='ocrx_word' id='word_1_163' title='bbox 429 2325 459 2384; x_wconf 78' lang='grc' dir='ltr'><strong>εδ</strong></span> <span class='ocrx_word' id='word_1_164' title='bbox 472 2330 519 2399; x_wconf 86' lang='grc' dir='ltr'><strong>τῆς</strong></span> <span class='ocrx_word' id='word_1_165' title='bbox 531 2328 617 2409; x_wconf 72' lang='grc' dir='ltr'>ὄψεως</span> <span class='ocrx_word' id='word_1_166' title='bbox 631 2331 758 2412; x_wconf 79' lang='grc' dir='ltr'>ροόερύν,</span> <span class='ocrx_word' id='word_1_167' title='bbox 774 2339 810 2406; x_wconf 81' lang='grc' dir='ltr'><strong>ὡς</strong></span> <span class='ocrx_word' id='word_1_168' title='bbox 824 2339 894 2399; x_wconf 77' lang='grc' dir='ltr'>κατὰ</span> 
     </span>
     <span class='ocr_line' id='line_1_23' title="bbox 119 2412 891 2499; baseline 0.017 -25"><span class='ocrx_word' id='word_1_169' title='bbox 119 2413 244 2496; x_wconf 77' lang='grc' dir='ltr'>ῖχθρῶνῆ</span> <span class='ocrx_word' id='word_1_170' title='bbox 259 2414 358 2475; x_wconf 88' lang='grc' dir='ltr'>δούλων</span> <span class='ocrx_word' id='word_1_171' title='bbox 370 2412 522 2494; x_wconf 81' lang='grc' dir='ltr'>γινόμενον,</span> <span class='ocrx_word' id='word_1_172' title='bbox 534 2417 634 2489; x_wconf 79' lang='grc' dir='ltr'>ἥκιστα</span> <span class='ocrx_word' id='word_1_173' title='bbox 650 2420 760 2499; x_wconf 86' lang='grc' dir='ltr'>γίνηται</span> <span class='ocrx_word' id='word_1_174' title='bbox 775 2432 828 2494; x_wconf 86' lang='grc' dir='ltr'>τοῖς</span> <span class='ocrx_word' id='word_1_175' title='bbox 843 2450 891 2487; x_wconf 86' lang='grc' dir='ltr'>το·</span> 
     </span>
     <span class='ocr_line' id='line_1_24' title="bbox 118 2502 338 2584; baseline 0 -22"><span class='ocrx_word' id='word_1_176' title='bbox 118 2502 199 2569; x_wconf 90' lang='grc' dir='ltr'>λίταις</span> <span class='ocrx_word' id='word_1_177' title='bbox 214 2503 338 2584; x_wconf 85' lang='grc' dir='ltr'>ίπαχθίς.</span> 
     </span>
     <span class='ocr_line' id='line_1_25' title="bbox 156 2589 890 2680; baseline 0.011 -29"><span class='ocrx_word' id='word_1_178' title='bbox 156 2592 216 2652; x_wconf 85' lang='lat' dir='ltr'><strong>LX.</strong></span> <span class='ocrx_word' id='word_1_179' title='bbox 237 2594 325 2652; x_wconf 74' lang='grc' dir='ltr'>Τοῦτο</span> <span class='ocrx_word' id='word_1_180' title='bbox 338 2589 372 2665; x_wconf 72' lang='grc' dir='ltr'><strong>δὴ</strong></span> <span class='ocrx_word' id='word_1_181' title='bbox 387 2590 558 2668; x_wconf 70' lang='grc' dir='ltr'>θεασαμένοις</span> <span class='ocrx_word' id='word_1_182' title='bbox 574 2593 689 2669; x_wconf 75' lang='grc' dir='ltr'>ἅπασιν,</span> <span class='ocrx_word' id='word_1_183' title='bbox 705 2595 720 2657; x_wconf 93' lang='grc' dir='ltr'>δ</span> <span class='ocrx_word' id='word_1_184' title='bbox 741 2603 787 2670; x_wconf 81' lang='grc' dir='ltr'><strong>τῆς</strong></span> <span class='ocrx_word' id='word_1_185' title='bbox 810 2604 890 2680; x_wconf 84' lang='grc' dir='ltr'>βασε-</span> 
     </span>
     <span class='ocr_line' id='line_1_26' title="bbox 63 2673 892 2769; baseline 0.019 -37"><span class='ocrx_word' id='word_1_186' title='bbox 63 2694 91 2733; x_wconf 79' lang='grc' dir='ltr'><strong>αε</strong></span> <span class='ocrx_word' id='word_1_187' title='bbox 117 2678 191 2751; x_wconf 89' lang='grc' dir='ltr'>λικῆς</span> <span class='ocrx_word' id='word_1_188' title='bbox 207 2677 324 2747; x_wconf 74' lang='grc' dir='ltr'>ἐξουσίας</span> <span class='ocrx_word' id='word_1_189' title='bbox 339 2680 448 2756; x_wconf 81' lang='grc' dir='ltr'>σημιῖον</span> <span class='ocrx_word' id='word_1_190' title='bbox 459 2680 594 2759; x_wconf 83' lang='grc' dir='ltr'>ῖνομίζετο</span> <span class='ocrx_word' id='word_1_191' title='bbox 607 2673 696 2757; x_wconf 79' lang='grc' dir='ltr'>εἶναι,</span> <span class='ocrx_word' id='word_1_192' title='bbox 714 2685 781 2745; x_wconf 83' lang='grc' dir='ltr'>πολὺ</span> <span class='ocrx_word' id='word_1_193' title='bbox 798 2710 892 2769; x_wconf 85' lang='grc' dir='ltr'>παρει·</span> 
     </span>
     <span class='ocr_line' id='line_1_27' title="bbox 117 2764 891 2854; baseline 0.016 -29"><span class='ocrx_word' id='word_1_194' title='bbox 117 2765 208 2840; x_wconf 70' lang='grc' dir='ltr'>στήκει</span> <span class='ocrx_word' id='word_1_195' title='bbox 230 2766 304 2845; x_wconf 86' lang='grc' dir='ltr'>διὀς,</span> <span class='ocrx_word' id='word_1_196' title='bbox 319 2764 410 2848; x_wconf 77' lang='grc' dir='ltr'>ὥσπερ</span> <span class='ocrx_word' id='word_1_197' title='bbox 435 2767 514 2849; x_wconf 80' lang='grc' dir='ltr'>ῖρην,</span> <span class='ocrx_word' id='word_1_198' title='bbox 539 2772 735 2834; x_wconf 78' lang='grc' dir='ltr'>ἀπολωλεκέναι</span> <span class='ocrx_word' id='word_1_199' title='bbox 756 2775 891 2854; x_wconf 80' lang='grc' dir='ltr'>νομίζουσι</span> 
     </span>
     <span class='ocr_line' id='line_1_28' title="bbox 115 2855 890 2941; baseline 0.012 -25"><span class='ocrx_word' id='word_1_200' title='bbox 115 2856 162 2930; x_wconf 79' lang='grc' dir='ltr'><strong>τῆν</strong></span> <span class='ocrx_word' id='word_1_201' title='bbox 185 2859 332 2937; x_wconf 81' lang='grc' dir='ltr'>ῖλευθερίαν</span> <span class='ocrx_word' id='word_1_202' title='bbox 356 2857 402 2916; x_wconf 83' lang='grc' dir='ltr'><strong>καί</strong></span> <span class='ocrx_word' id='word_1_203' title='bbox 435 2855 498 2917; x_wconf 87' lang='grc' dir='ltr'>δίκα</span> <span class='ocrx_word' id='word_1_204' title='bbox 525 2860 642 2938; x_wconf 82' lang='grc' dir='ltr'>βασιλεῖς</span> <span class='ocrx_word' id='word_1_205' title='bbox 670 2861 804 2941; x_wconf 81' lang='grc' dir='ltr'>ῖλομίνοις</span> <span class='ocrx_word' id='word_1_206' title='bbox 831 2866 890 2925; x_wconf 86' lang='grc' dir='ltr'>ἀντὶ</span> 
     </span>
     <span class='ocr_line' id='line_1_29' title="bbox 114 2945 891 3028; baseline 0.01 -23"><span class='ocrx_word' id='word_1_207' title='bbox 114 2945 179 3013; x_wconf 76' lang='grc' dir='ltr'>ἑνός.</span> <span class='ocrx_word' id='word_1_208' title='bbox 222 2948 321 3007; x_wconf 81' lang='grc' dir='ltr'>Τοῦτον</span> <span class='ocrx_word' id='word_1_209' title='bbox 343 2945 371 3007; x_wconf 77' lang='grc' dir='ltr'><strong>δὲ</strong></span> <span class='ocrx_word' id='word_1_210' title='bbox 384 2947 428 3005; x_wconf 75' lang='grc' dir='ltr'>τὀν</span> <span class='ocrx_word' id='word_1_211' title='bbox 454 2945 550 3025; x_wconf 87' lang='grc' dir='ltr'>τρόπον</span> <span class='ocrx_word' id='word_1_212' title='bbox 576 2950 811 3028; x_wconf 76' lang='grc' dir='ltr'>καταπληξόμενοι</span> <span class='ocrx_word' id='word_1_213' title='bbox 831 2954 891 3024; x_wconf 87' lang='grc' dir='ltr'><strong>τούς</strong></span> 
     </span>
     <span class='ocr_line' id='line_1_30' title="bbox 113 3032 890 3125; baseline 0.015 -33"><span class='ocrx_word' id='word_1_214' title='bbox 113 3032 206 3115; x_wconf 73' lang='grc' dir='ltr'>ὄχλους</span> <span class='ocrx_word' id='word_1_215' title='bbox 219 3036 243 3094; x_wconf 88' lang='grc' dir='ltr'>οἱ</span> <span class='ocrx_word' id='word_1_216' title='bbox 260 3034 323 3094; x_wconf 87' lang='grc' dir='ltr'>δίκα</span> <span class='ocrx_word' id='word_1_217' title='bbox 337 3034 443 3115; x_wconf 82' lang='grc' dir='ltr'>ἄνδρες,</span> <span class='ocrx_word' id='word_1_218' title='bbox 469 3036 516 3096; x_wconf 80' lang='grc' dir='ltr'><strong>καί</strong></span> <span class='ocrx_word' id='word_1_219' title='bbox 532 3037 637 3116; x_wconf 84' lang='grc' dir='ltr'>γνόντες</span> <span class='ocrx_word' id='word_1_220' title='bbox 652 3037 692 3097; x_wconf 81' lang='grc' dir='ltr'><strong>ὅτι</strong></span> <span class='ocrx_word' id='word_1_221' title='bbox 712 3041 751 3099; x_wconf 85' lang='grc' dir='ltr'><strong>δεῖ</strong></span> <span class='ocrx_word' id='word_1_222' title='bbox 773 3041 847 3125; x_wconf 80' lang='grc' dir='ltr'>ρόύυρ</span> <span class='ocrx_word' id='word_1_223' title='bbox 860 3045 890 3104; x_wconf 83' lang='grc' dir='ltr'><strong>τὸ</strong></span> 
     </span>
     <span class='ocr_line' id='line_1_31' title="bbox 57 3123 890 3210; baseline 0.013 -28"><span class='ocrx_word' id='word_1_224' title='bbox 57 3126 86 3165; x_wconf 80' lang='lat'><strong>³⁰</strong></span> <span class='ocrx_word' id='word_1_225' title='bbox 112 3124 204 3184; x_wconf 80' lang='grc' dir='ltr'>λοιπὸν</span> <span class='ocrx_word' id='word_1_226' title='bbox 219 3127 304 3184; x_wconf 76' lang='grc' dir='ltr'>αὐτῶν</span> <span class='ocrx_word' id='word_1_227' title='bbox 318 3123 426 3206; x_wconf 75' lang='grc' dir='ltr'>ἄρχειν,</span> <span class='ocrx_word' id='word_1_228' title='bbox 442 3126 560 3206; x_wconf 82' lang='grc' dir='ltr'>ῖταιρίαν</span> <span class='ocrx_word' id='word_1_229' title='bbox 575 3126 681 3187; x_wconf 75' lang='grc' dir='ltr'>ἕκαστοι</span> <span class='ocrx_word' id='word_1_230' title='bbox 697 3133 820 3210; x_wconf 90' lang='grc' dir='ltr'>συνῆγον,</span> <span class='ocrx_word' id='word_1_231' title='bbox 832 3134 890 3193; x_wconf 73' lang='lat' dir='ltr'><strong>trra·</strong></span> 
     </span>
     <span class='ocr_line' id='line_1_32' title="bbox 112 3211 889 3301; baseline 0.009 -28"><span class='ocrx_word' id='word_1_232' title='bbox 112 3213 248 3293; x_wconf 87' lang='grc' dir='ltr'>λεγόμενοι</span> <span class='ocrx_word' id='word_1_233' title='bbox 273 3211 333 3280; x_wconf 86' lang='grc' dir='ltr'><strong>τούς</strong></span> <span class='ocrx_word' id='word_1_234' title='bbox 357 3212 535 3295; x_wconf 80' lang='grc' dir='ltr'>θρασυτάτους</span> <span class='ocrx_word' id='word_1_235' title='bbox 556 3219 609 3276; x_wconf 85' lang='grc' dir='ltr'><strong>τῶν</strong></span> <span class='ocrx_word' id='word_1_236' title='bbox 640 3214 705 3275; x_wconf 86' lang='grc' dir='ltr'>νίωι</span> <span class='ocrx_word' id='word_1_237' title='bbox 731 3217 778 3277; x_wconf 88' lang='grc' dir='ltr'><strong>καί</strong></span> <span class='ocrx_word' id='word_1_238' title='bbox 800 3242 889 3301; x_wconf 78' lang='grc' dir='ltr'>σφισιν</span> 
     </span>
     <span class='ocr_line' id='line_1_33' title="bbox 112 3295 888 3389; baseline 0.01 -29"><span class='ocrx_word' id='word_1_239' title='bbox 112 3302 199 3368; x_wconf 86' lang='grc' dir='ltr'>αὐτοῖς</span> <span class='ocrx_word' id='word_1_240' title='bbox 214 3300 449 3374; x_wconf 74' lang='grc' dir='ltr'>ἐπιτηδειοτάτους.</span> <span class='ocrx_word' id='word_1_241' title='bbox 482 3300 523 3363; x_wconf 76' lang='lat' dir='ltr'><strong>To</strong></span> <span class='ocrx_word' id='word_1_242' title='bbox 542 3303 590 3377; x_wconf 82' lang='grc' dir='ltr'><strong>μὲν</strong></span> <span class='ocrx_word' id='word_1_243' title='bbox 605 3295 649 3362; x_wconf 82' lang='grc' dir='ltr'>οὐν</span> <span class='ocrx_word' id='word_1_244' title='bbox 664 3306 695 3364; x_wconf 87' lang='grc' dir='ltr'><strong>ίκ</strong></span> <span class='ocrx_word' id='word_1_245' title='bbox 715 3308 766 3364; x_wconf 81' lang='grc' dir='ltr'><strong>τῶν</strong></span> <span class='ocrx_word' id='word_1_246' title='bbox 783 3307 888 3389; x_wconf 86' lang='grc' dir='ltr'>ἀπόρων</span> 
     </span>
     <span class='ocr_line' id='line_1_34' title="bbox 110 3389 888 3476; baseline 0.008 -27"><span class='ocrx_word' id='word_1_247' title='bbox 110 3389 221 3449; x_wconf 82' lang='grc' dir='ltr'>καὶτῶν</span> <span class='ocrx_word' id='word_1_248' title='bbox 237 3392 366 3448; x_wconf 79' lang='grc' dir='ltr'>ταπεινῶν</span> <span class='ocrx_word' id='word_1_249' title='bbox 386 3398 444 3456; x_wconf 87' lang='grc' dir='ltr'>ταῖς</span> <span class='ocrx_word' id='word_1_250' title='bbox 466 3389 559 3470; x_wconf 78' lang='grc' dir='ltr'>τύχαις</span> <span class='ocrx_word' id='word_1_251' title='bbox 573 3390 632 3459; x_wconf 87' lang='grc' dir='ltr'><strong>τούς</strong></span> <span class='ocrx_word' id='word_1_252' title='bbox 656 3394 761 3463; x_wconf 86' lang='grc' dir='ltr'>πλείους</span> <span class='ocrx_word' id='word_1_253' title='bbox 776 3401 888 3476; x_wconf 78' lang='grc' dir='ltr'>φανῆναι</span> 
     </span>
     <span class='ocr_line' id='line_1_35' title="bbox 110 3476 889 3564; baseline 0.008 -27"><span class='ocrx_word' id='word_1_254' title='bbox 110 3481 267 3558; x_wconf 82' lang='grc' dir='ltr'>τυραννικῆς</span> <span class='ocrx_word' id='word_1_255' title='bbox 281 3478 397 3544; x_wconf 83' lang='grc' dir='ltr'>κόλακας</span> <span class='ocrx_word' id='word_1_256' title='bbox 411 3476 543 3552; x_wconf 72' lang='grc' dir='ltr'>ἐξουσίας,</span> <span class='ocrx_word' id='word_1_257' title='bbox 557 3485 604 3539; x_wconf 72' lang='grc' dir='ltr'>τοῦ</span> <span class='ocrx_word' id='word_1_258' title='bbox 614 3488 700 3541; x_wconf 80' lang='grc' dir='ltr'>κοινοῦ</span> <span class='ocrx_word' id='word_1_259' title='bbox 713 3483 889 3564; x_wconf 80' lang='grc' dir='ltr'>συμρίροντος</span> 
     </span>
     <span class='ocr_line' id='line_1_36' title="bbox 51 3565 887 3649; baseline 0.01 -27"><span class='ocrx_word' id='word_1_260' title='bbox 51 3589 79 3626; x_wconf 82' lang='lat' dir='ltr'><strong>:m</strong></span> <span class='ocrx_word' id='word_1_261' title='bbox 110 3565 308 3643; x_wconf 79' lang='grc' dir='ltr'>ἀλλαξαμίνους</span> <span class='ocrx_word' id='word_1_262' title='bbox 330 3567 377 3633; x_wconf 79' lang='grc' dir='ltr'><strong>τὰς</strong></span> <span class='ocrx_word' id='word_1_263' title='bbox 398 3569 485 3625; x_wconf 80' lang='grc' dir='ltr'>αὐτῶν</span> <span class='ocrx_word' id='word_1_264' title='bbox 499 3566 642 3649; x_wconf 72' lang='grc' dir='ltr'>ὠφελείας,</span> <span class='ocrx_word' id='word_1_265' title='bbox 666 3568 725 3628; x_wconf 84' lang='grc' dir='ltr'>οὔτε</span> <span class='ocrx_word' id='word_1_266' title='bbox 740 3570 887 3648; x_wconf 77' lang='grc' dir='ltr'>παράδοξον</span> 
     </span>
     <span class='ocr_line' id='line_1_37' title="bbox 109 3646 888 3737; baseline 0.005 -24"><span class='ocrx_word' id='word_1_267' title='bbox 109 3652 168 3714; x_wconf 82' lang='grc' dir='ltr'>οὔτ’</span> <span class='ocrx_word' id='word_1_268' title='bbox 182 3655 336 3714; x_wconf 86' lang='grc' dir='ltr'>ἀνῖλπιστον</span> <span class='ocrx_word' id='word_1_269' title='bbox 350 3646 398 3727; x_wconf 80' lang='grc' dir='ltr'><strong>ῆν·</strong></span> <span class='ocrx_word' id='word_1_270' title='bbox 413 3653 444 3715; x_wconf 77' lang='lat' dir='ltr'><strong>rb</strong></span> <span class='ocrx_word' id='word_1_271' title='bbox 459 3654 486 3713; x_wconf 82' lang='grc' dir='ltr'><strong>δὲ</strong></span> <span class='ocrx_word' id='word_1_272' title='bbox 498 3654 544 3713; x_wconf 79' lang='grc' dir='ltr'><strong>καί</strong></span> <span class='ocrx_word' id='word_1_273' title='bbox 566 3657 596 3714; x_wconf 72' lang='grc' dir='ltr'><strong>ἐκ</strong></span> <span class='ocrx_word' id='word_1_274' title='bbox 610 3660 663 3714; x_wconf 84' lang='grc' dir='ltr'><strong>τῶν</strong></span> <span class='ocrx_word' id='word_1_275' title='bbox 682 3659 829 3737; x_wconf 81' lang='grc' dir='ltr'>πατρικίων</span> <span class='ocrx_word' id='word_1_276' title='bbox 844 3662 888 3719; x_wconf 83' lang='grc' dir='ltr'><strong>εὑ·</strong></span> 
     </span>
     <span class='ocr_line' id='line_1_38' title="bbox 109 3743 889 3829; baseline 0.004 -26"><span class='ocrx_word' id='word_1_277' title='bbox 109 3747 220 3824; x_wconf 87' lang='grc' dir='ltr'>ρεθῆναι</span> <span class='ocrx_word' id='word_1_278' title='bbox 244 3743 353 3824; x_wconf 76' lang='grc' dir='ltr'>συχνούς</span> <span class='ocrx_word' id='word_1_279' title='bbox 383 3743 492 3824; x_wconf 84' lang='grc' dir='ltr'>ίχοντάς</span> <span class='ocrx_word' id='word_1_280' title='bbox 516 3767 540 3802; x_wconf 89' lang='grc' dir='ltr'><strong>τι</strong></span> <span class='ocrx_word' id='word_1_281' title='bbox 567 3745 612 3804; x_wconf 86' lang='grc' dir='ltr'><strong>καὶ</strong></span> <span class='ocrx_word' id='word_1_282' title='bbox 638 3746 682 3805; x_wconf 81' lang='grc' dir='ltr'><strong>ίπί</strong></span> <span class='ocrx_word' id='word_1_283' title='bbox 708 3746 815 3829; x_wconf 78' lang='grc' dir='ltr'>πλούτῳ</span> <span class='ocrx_word' id='word_1_284' title='bbox 843 3747 889 3808; x_wconf 80' lang='grc' dir='ltr'><strong>καὶ</strong></span> 
     </span>
     <span class='ocr_line' id='line_1_39' title="bbox 108 3833 890 3916; baseline 0.009 -24"><span class='ocrx_word' id='word_1_285' title='bbox 108 3836 155 3892; x_wconf 81' lang='grc' dir='ltr'><strong>ἀπ’</strong></span> <span class='ocrx_word' id='word_1_286' title='bbox 182 3835 297 3914; x_wconf 72' lang='grc' dir='ltr'><strong>εὐγενιίαι</strong></span> <span class='ocrx_word' id='word_1_287' title='bbox 313 3837 382 3912; x_wconf 86' lang='grc' dir='ltr'>μίγα</span> <span class='ocrx_word' id='word_1_288' title='bbox 404 3839 505 3914; x_wconf 73' lang='grc' dir='ltr'>φρονεῖν</span> <span class='ocrx_word' id='word_1_289' title='bbox 527 3833 586 3902; x_wconf 85' lang='grc' dir='ltr'><strong>τούς</strong></span> <span class='ocrx_word' id='word_1_290' title='bbox 610 3836 786 3908; x_wconf 76' lang='grc' dir='ltr'>ὑπομένοντας</span> <span class='ocrx_word' id='word_1_291' title='bbox 827 3861 890 3916; x_wconf 90' lang='grc' dir='ltr'>συγ·</span> 
     </span>
     <span class='ocr_line' id='line_1_40' title="bbox 106 3921 889 4004; baseline 0.005 -22"><span class='ocrx_word' id='word_1_292' title='bbox 106 3922 254 3982; x_wconf 80' lang='grc' dir='ltr'>καταλύειν</span> <span class='ocrx_word' id='word_1_293' title='bbox 266 3932 319 3990; x_wconf 89' lang='grc' dir='ltr'>τοῖς</span> <span class='ocrx_word' id='word_1_294' title='bbox 331 3924 503 4004; x_wconf 81' lang='grc' dir='ltr'>δεκαδάρχοις</span> <span class='ocrx_word' id='word_1_295' title='bbox 521 3921 569 3992; x_wconf 79' lang='grc' dir='ltr'><strong>τὴν</strong></span> <span class='ocrx_word' id='word_1_296' title='bbox 584 3925 631 3994; x_wconf 79' lang='grc' dir='ltr'><strong>τῆς</strong></span> <span class='ocrx_word' id='word_1_297' title='bbox 646 3924 771 4004; x_wconf 82' lang='grc' dir='ltr'>πατρίδος</span> <span class='ocrx_word' id='word_1_298' title='bbox 787 3927 889 3986; x_wconf 76' lang='grc' dir='ltr'>ἐλευθε-</span> 
     </span>
     <span class='ocr_line' id='line_1_41' title="bbox 45 4003 889 4091; baseline 0.001 -16"><span class='ocrx_word' id='word_1_299' title='bbox 45 4038 75 4077; x_wconf 82' lang='grc' dir='ltr'><strong>ιυ</strong></span> <span class='ocrx_word' id='word_1_300' title='bbox 107 4012 186 4091; x_wconf 88' lang='grc' dir='ltr'>ρίαν,</span> <span class='ocrx_word' id='word_1_301' title='bbox 213 4018 292 4073; x_wconf 82' lang='grc' dir='ltr'>τοῦτο</span> <span class='ocrx_word' id='word_1_302' title='bbox 318 4013 470 4089; x_wconf 84' lang='grc' dir='ltr'>θαυμαστὸν</span> <span class='ocrx_word' id='word_1_303' title='bbox 501 4011 601 4071; x_wconf 80' lang='grc' dir='ltr'>ἅπασιν</span> <span class='ocrx_word' id='word_1_304' title='bbox 629 4003 696 4071; x_wconf 85' lang='grc' dir='ltr'>εῖναι</span> <span class='ocrx_word' id='word_1_305' title='bbox 722 4015 819 4075; x_wconf 84' lang='grc' dir='ltr'>ίδόκεε·</span> <span class='ocrx_word' id='word_1_306' title='bbox 846 4017 889 4086; x_wconf 88' lang='grc' dir='ltr'>οθς</span> 
     </span>
     <span class='ocr_line' id='line_1_42' title="bbox 105 4099 891 4185; baseline 0.006 -23"><span class='ocrx_word' id='word_1_307' title='bbox 105 4104 208 4162; x_wconf 69' lang='grc' dir='ltr'>ἐκεῖνοι</span> <span class='ocrx_word' id='word_1_308' title='bbox 230 4105 329 4169; x_wconf 86' lang='grc' dir='ltr'>πείσαις</span> <span class='ocrx_word' id='word_1_309' title='bbox 351 4099 535 4169; x_wconf 87' lang='grc' dir='ltr'>κολακεύοντες</span> <span class='ocrx_word' id='word_1_310' title='bbox 559 4103 682 4174; x_wconf 82' lang='grc' dir='ltr'>ἡδοναῖς,</span> <span class='ocrx_word' id='word_1_311' title='bbox 697 4104 793 4165; x_wconf 81' lang='grc' dir='ltr'>ὁπόσαι</span> <span class='ocrx_word' id='word_1_312' title='bbox 807 4107 891 4185; x_wconf 75' lang='grc' dir='ltr'>πεφύ-</span> 
     </span>
     <span class='ocr_line' id='line_1_43' title="bbox 104 4187 888 4275; baseline 0.008 -27"><span class='ocrx_word' id='word_1_313' title='bbox 104 4211 189 4248; x_wconf 88' lang='grc' dir='ltr'>κασιν</span> <span class='ocrx_word' id='word_1_314' title='bbox 203 4189 346 4271; x_wconf 80' lang='grc' dir='ltr'>ἀνθρώπων</span> <span class='ocrx_word' id='word_1_315' title='bbox 361 4198 479 4270; x_wconf 87' lang='grc' dir='ltr'>κρατεῖν,</span> <span class='ocrx_word' id='word_1_316' title='bbox 499 4190 569 4249; x_wconf 82' lang='grc' dir='ltr'>κατδ</span> <span class='ocrx_word' id='word_1_317' title='bbox 583 4190 684 4264; x_wconf 79' lang='grc' dir='ltr'>πολλὴν</span> <span class='ocrx_word' id='word_1_318' title='bbox 701 4193 790 4251; x_wconf 85' lang='grc' dir='ltr'>ἄδειαν</span> <span class='ocrx_word' id='word_1_319' title='bbox 806 4187 888 4275; x_wconf 70' lang='grc' dir='ltr'>ἦρχον</span> 
     </span>
     <span class='ocr_line' id='line_1_44' title="bbox 103 4276 890 4365; baseline 0.013 -33"><span class='ocrx_word' id='word_1_320' title='bbox 103 4281 156 4349; x_wconf 81' lang='grc' dir='ltr'><strong>τῆς</strong></span> <span class='ocrx_word' id='word_1_321' title='bbox 173 4276 288 4350; x_wconf 88' lang='grc' dir='ltr'>πόλεως,</span> <span class='ocrx_word' id='word_1_322' title='bbox 310 4278 407 4352; x_wconf 78' lang='grc' dir='ltr'>βουλὴν</span> <span class='ocrx_word' id='word_1_323' title='bbox 431 4278 510 4354; x_wconf 78' lang='grc' dir='ltr'>μῖνῆ</span> <span class='ocrx_word' id='word_1_324' title='bbox 530 4281 614 4358; x_wconf 85' lang='grc' dir='ltr'>δῆμον</span> <span class='ocrx_word' id='word_1_325' title='bbox 628 4283 655 4340; x_wconf 80' lang='grc' dir='ltr'><strong>ἀν</strong></span> <span class='ocrx_word' id='word_1_326' title='bbox 677 4283 787 4365; x_wconf 74' lang='grc' dir='ltr'>οὐδεμιᾷ</span> <span class='ocrx_word' id='word_1_327' title='bbox 804 4284 890 4361; x_wconf 83' lang='grc' dir='ltr'>μερίδι</span> 
     </span>
     <span class='ocr_line' id='line_1_45' title="bbox 101 4362 890 4446; baseline 0.014 -24"><span class='ocrx_word' id='word_1_328' title='bbox 101 4362 259 4438; x_wconf 77' lang='grc' dir='ltr'>πιθόμενοι,</span> <span class='ocrx_word' id='word_1_329' title='bbox 282 4365 389 4425; x_wconf 80' lang='grc' dir='ltr'>πάντων</span> <span class='ocrx_word' id='word_1_330' title='bbox 415 4367 441 4426; x_wconf 78' lang='grc' dir='ltr'><strong>δδ</strong></span> <span class='ocrx_word' id='word_1_331' title='bbox 461 4368 537 4427; x_wconf 82' lang='grc' dir='ltr'>αὐτοὶ</span> <span class='ocrx_word' id='word_1_332' title='bbox 557 4371 696 4446; x_wconf 88' lang='grc' dir='ltr'>νομοθίται</span> <span class='ocrx_word' id='word_1_333' title='bbox 711 4371 800 4432; x_wconf 82' lang='grc' dir='ltr'>τεκαὶ</span> <span class='ocrx_word' id='word_1_334' title='bbox 816 4373 890 4432; x_wconf 86' lang='grc' dir='ltr'>δικα-</span> 
     </span>
     <span class='ocr_line' id='line_1_46' title="bbox 38 4454 890 4535; baseline 0.005 -23"><span class='ocrx_word' id='word_1_335' title='bbox 38 4483 69 4520; x_wconf 77' lang='grc' dir='ltr'><strong>ιι</strong></span> <span class='ocrx_word' id='word_1_336' title='bbox 104 4457 173 4513; x_wconf 81' lang='grc' dir='ltr'>σταὶ</span> <span class='ocrx_word' id='word_1_337' title='bbox 187 4454 336 4533; x_wconf 86' lang='grc' dir='ltr'>γινόμενοι,</span> <span class='ocrx_word' id='word_1_338' title='bbox 357 4455 404 4515; x_wconf 79' lang='grc' dir='ltr'><strong>καί</strong></span> <span class='ocrx_word' id='word_1_339' title='bbox 418 4456 530 4524; x_wconf 75' lang='grc' dir='ltr'>πολλοὺς</span> <span class='ocrx_word' id='word_1_340' title='bbox 550 4458 598 4535; x_wconf 81' lang='grc' dir='ltr'><strong>μὲν</strong></span> <span class='ocrx_word' id='word_1_341' title='bbox 621 4459 821 4529; x_wconf 80' lang='grc' dir='ltr'>ἀποκτιννύντες</span> <span class='ocrx_word' id='word_1_342' title='bbox 837 4464 890 4529; x_wconf 79' lang='grc' dir='ltr'><strong>τῶν</strong></span> 
     </span>
     <span class='ocr_line' id='line_1_47' title="bbox 101 4542 887 4626; baseline 0.014 -27"><span class='ocrx_word' id='word_1_343' title='bbox 101 4545 238 4616; x_wconf 83' lang='grc' dir='ltr'>πολιτῶν,</span> <span class='ocrx_word' id='word_1_344' title='bbox 250 4542 362 4611; x_wconf 82' lang='grc' dir='ltr'>πολλοὺς</span> <span class='ocrx_word' id='word_1_345' title='bbox 376 4542 404 4604; x_wconf 82' lang='grc' dir='ltr'><strong>δῖ</strong></span> <span class='ocrx_word' id='word_1_346' title='bbox 419 4546 605 4626; x_wconf 76' lang='grc' dir='ltr'>ἀφαιρούμενοι</span> <span class='ocrx_word' id='word_1_347' title='bbox 617 4548 664 4616; x_wconf 81' lang='grc' dir='ltr'><strong>τδς</strong></span> <span class='ocrx_word' id='word_1_348' title='bbox 677 4548 766 4617; x_wconf 87' lang='grc' dir='ltr'>οὐσίας</span> <span class='ocrx_word' id='word_1_349' title='bbox 780 4549 887 4619; x_wconf 85' lang='grc' dir='ltr'>ἀδίκως.</span> 
     </span>
     <span class='ocr_line' id='line_1_48' title="bbox 101 4624 888 4720; baseline 0.013 -31"><span class='ocrx_word' id='word_1_350' title='bbox 101 4624 171 4689; x_wconf 84' lang='grc' dir='ltr'><strong>Ἵνα</strong></span> <span class='ocrx_word' id='word_1_351' title='bbox 186 4630 214 4689; x_wconf 83' lang='grc' dir='ltr'><strong>δῖ</strong></span> <span class='ocrx_word' id='word_1_352' title='bbox 230 4632 318 4697; x_wconf 85' lang='grc' dir='ltr'>αὐτοῖς</span> <span class='ocrx_word' id='word_1_353' title='bbox 332 4633 468 4712; x_wconf 79' lang='grc' dir='ltr'>εὐπρεπῶς</span> <span class='ocrx_word' id='word_1_354' title='bbox 487 4634 521 4693; x_wconf 69' lang='lat' dir='ltr'><strong>st</strong></span> <span class='ocrx_word' id='word_1_355' title='bbox 540 4636 664 4716; x_wconf 85' lang='grc' dir='ltr'>γινόμενα</span> <span class='ocrx_word' id='word_1_356' title='bbox 678 4637 730 4718; x_wconf 80' lang='grc' dir='ltr'><strong>ίχῃ</strong></span> <span class='ocrx_word' id='word_1_357' title='bbox 746 4638 888 4720; x_wconf 76' lang='grc' dir='ltr'>παράνομα</span> 
     </span>
     <span class='ocr_line' id='line_1_49' title="bbox 99 4717 890 4807; baseline 0.011 -30"><span class='ocrx_word' id='word_1_358' title='bbox 99 4718 155 4777; x_wconf 80' lang='grc' dir='ltr'><strong>καλ</strong></span> <span class='ocrx_word' id='word_1_359' title='bbox 182 4717 256 4779; x_wconf 77' lang='grc' dir='ltr'>δεινά</span> <span class='ocrx_word' id='word_1_360' title='bbox 275 4722 355 4791; x_wconf 85' lang='grc' dir='ltr'>ὄντα,</span> <span class='ocrx_word' id='word_1_361' title='bbox 367 4722 402 4786; x_wconf 81' lang='grc' dir='ltr'><strong>ὡς</strong></span> <span class='ocrx_word' id='word_1_362' title='bbox 416 4720 450 4792; x_wconf 72' lang='grc' dir='ltr'><strong>δὴ</strong></span> <span class='ocrx_word' id='word_1_363' title='bbox 473 4722 519 4781; x_wconf 85' lang='grc' dir='ltr'>οὐν</span> <span class='ocrx_word' id='word_1_364' title='bbox 539 4727 577 4804; x_wconf 84' lang='grc' dir='ltr'><strong>τῷ</strong></span> <span class='ocrx_word' id='word_1_365' title='bbox 592 4725 687 4805; x_wconf 83' lang='grc' dir='ltr'>δικαίῳ</span> <span class='ocrx_word' id='word_1_366' title='bbox 704 4725 890 4807; x_wconf 86' lang='grc' dir='ltr'>πραττόμενα,</span> 
     </span>
     <span class='ocr_line' id='line_1_50' title="bbox 100 4806 889 4889; baseline 0.011 -24"><span class='ocrx_word' id='word_1_367' title='bbox 100 4807 273 4889; x_wconf 78' lang='grc' dir='ltr'>δικαστήρια</span> <span class='ocrx_word' id='word_1_368' title='bbox 286 4810 327 4887; x_wconf 79' lang='grc' dir='ltr'><strong>ἀφ’</strong></span> <span class='ocrx_word' id='word_1_369' title='bbox 340 4808 445 4888; x_wconf 80' lang='grc' dir='ltr'>ῖιιάστῳ</span> <span class='ocrx_word' id='word_1_370' title='bbox 456 4809 577 4889; x_wconf 78' lang='grc' dir='ltr'>χρήματι</span> <span class='ocrx_word' id='word_1_371' title='bbox 591 4814 763 4873; x_wconf 83' lang='grc' dir='ltr'>ἀπεδίδοσαν·</span> <span class='ocrx_word' id='word_1_372' title='bbox 777 4806 846 4887; x_wconf 66' lang='grc' dir='ltr'>ἦσαν’</span> <span class='ocrx_word' id='word_1_373' title='bbox 861 4815 889 4874; x_wconf 78' lang='grc' dir='ltr'><strong>δὲ</strong></span> 
     </span>
     <span class='ocr_line' id='line_1_51' title="bbox 31 4895 888 4982; baseline 0.009 -28"><span class='ocrx_word' id='word_1_374' title='bbox 31 4934 64 4969; x_wconf 59' lang='lat'><strong>50</strong></span> <span class='ocrx_word' id='word_1_375' title='bbox 98 4895 132 4955; x_wconf 83' lang='grc' dir='ltr'>οἵ</span> <span class='ocrx_word' id='word_1_376' title='bbox 146 4918 180 4955; x_wconf 92' lang='grc' dir='ltr'><strong>τε</strong></span> <span class='ocrx_word' id='word_1_377' title='bbox 194 4896 338 4979; x_wconf 80' lang='grc' dir='ltr'>κατήγοροι</span> <span class='ocrx_word' id='word_1_378' title='bbox 351 4895 395 4956; x_wconf 81' lang='grc' dir='ltr'><strong>ὑπ’</strong></span> <span class='ocrx_word' id='word_1_379' title='bbox 409 4899 495 4955; x_wconf 82' lang='grc' dir='ltr'>αὐτῶν</span> <span class='ocrx_word' id='word_1_380' title='bbox 515 4898 621 4958; x_wconf 70' lang='grc' dir='ltr'>ἐκείνων</span> <span class='ocrx_word' id='word_1_381' title='bbox 636 4903 666 4957; x_wconf 78' lang='lat' dir='ltr'><strong>la</strong></span> <span class='ocrx_word' id='word_1_382' title='bbox 679 4905 731 4960; x_wconf 83' lang='grc' dir='ltr'><strong>τῶν</strong></span> <span class='ocrx_word' id='word_1_383' title='bbox 752 4927 888 4982; x_wconf 90' lang='grc' dir='ltr'>συγκατα-</span> 
     </span>
     <span class='ocr_line' id='line_1_52' title="bbox 100 4984 891 5066; baseline 0.008 -21"><span class='ocrx_word' id='word_1_384' title='bbox 100 4984 297 5054; x_wconf 79' lang='grc' dir='ltr'>σκιυαζόντων</span> <span class='ocrx_word' id='word_1_385' title='bbox 313 4986 358 5058; x_wconf 72' lang='grc' dir='ltr'><strong>τὴν</strong></span> <span class='ocrx_word' id='word_1_386' title='bbox 373 4984 513 5065; x_wconf 86' lang='grc' dir='ltr'>τυραννίδα</span> <span class='ocrx_word' id='word_1_387' title='bbox 535 4987 767 5066; x_wconf 73' lang='grc' dir='ltr'>ἀποπεμπόμενοι,</span> <span class='ocrx_word' id='word_1_388' title='bbox 790 4991 836 5051; x_wconf 82' lang='grc' dir='ltr'><strong>καὶ</strong></span> <span class='ocrx_word' id='word_1_389' title='bbox 857 4990 891 5050; x_wconf 76' lang='lat' dir='ltr'><strong>rit</strong></span> 
     </span>
     <span class='ocr_line' id='line_1_53' title="bbox 98 5073 889 5154; baseline 0.008 -21"><span class='ocrx_word' id='word_1_390' title='bbox 98 5074 274 5152; x_wconf 79' lang='grc' dir='ltr'>δικαστήρια</span> <span class='ocrx_word' id='word_1_391' title='bbox 290 5076 320 5135; x_wconf 85' lang='grc' dir='ltr'><strong>ῖκ</strong></span> <span class='ocrx_word' id='word_1_392' title='bbox 341 5077 394 5134; x_wconf 81' lang='grc' dir='ltr'><strong>τῶν</strong></span> <span class='ocrx_word' id='word_1_393' title='bbox 411 5073 523 5154; x_wconf 69' lang='grc' dir='ltr'>ἑταίρων</span> <span class='ocrx_word' id='word_1_394' title='bbox 547 5074 773 5152; x_wconf 81' lang='grc' dir='ltr'>ἀποδεικνύμενα,</span> <span class='ocrx_word' id='word_1_395' title='bbox 789 5080 814 5139; x_wconf 87' lang='grc' dir='ltr'>οῖ</span> <span class='ocrx_word' id='word_1_396' title='bbox 828 5083 889 5151; x_wconf 88' lang='grc' dir='ltr'>διη-</span> 
     </span>
     <span class='ocr_line' id='line_1_54' title="bbox 97 5161 890 5243; baseline 0 -19"><span class='ocrx_word' id='word_1_397' title='bbox 97 5163 238 5238; x_wconf 72' lang='lat' dir='ltr'><strong>pettam</strong></span> <span class='ocrx_word' id='word_1_398' title='bbox 248 5163 372 5235; x_wconf 77' lang='grc' dir='ltr'>ἀλλήλους</span> <span class='ocrx_word' id='word_1_399' title='bbox 386 5163 626 5243; x_wconf 81' lang='grc' dir='ltr'>καταχαριζόμενοι</span> <span class='ocrx_word' id='word_1_400' title='bbox 639 5161 686 5230; x_wconf 83' lang='grc' dir='ltr'><strong>τάς</strong></span> <span class='ocrx_word' id='word_1_401' title='bbox 697 5165 779 5232; x_wconf 88' lang='grc' dir='ltr'>δίκας.</span> <span class='ocrx_word' id='word_1_402' title='bbox 797 5169 890 5227; x_wconf 84' lang='grc' dir='ltr'>Πολλδι</span> 
     </span>
     <span class='ocr_line' id='line_1_55' title="bbox 96 5250 888 5336; baseline 0.003 -25"><span class='ocrx_word' id='word_1_403' title='bbox 96 5250 132 5311; x_wconf 82' lang='grc' dir='ltr'><strong>δδ</strong></span> <span class='ocrx_word' id='word_1_404' title='bbox 148 5255 209 5312; x_wconf 81' lang='grc' dir='ltr'><strong>τῶν</strong></span> <span class='ocrx_word' id='word_1_405' title='bbox 220 5253 396 5332; x_wconf 72' lang='grc' dir='ltr'>ἐγκλημάτων</span> <span class='ocrx_word' id='word_1_406' title='bbox 409 5252 455 5311; x_wconf 85' lang='grc' dir='ltr'><strong>καὶ</strong></span> <span class='ocrx_word' id='word_1_407' title='bbox 465 5250 535 5311; x_wconf 87' lang='grc' dir='ltr'>ούτδι</span> <span class='ocrx_word' id='word_1_408' title='bbox 549 5251 690 5333; x_wconf 76' lang='grc' dir='ltr'>δλαχίστου</span> <span class='ocrx_word' id='word_1_409' title='bbox 706 5251 765 5321; x_wconf 82' lang='grc' dir='ltr'>ἀξια</span> <span class='ocrx_word' id='word_1_410' title='bbox 776 5252 816 5336; x_wconf 73' lang='grc' dir='ltr'><strong>ἀφ’</strong></span> <span class='ocrx_word' id='word_1_411' title='bbox 826 5256 888 5313; x_wconf 73' lang='lat' dir='ltr'><strong>tuu-</strong></span> 
     </span>
    </p>
   </div>
   <div class='ocr_carea' id='block_1_4' title="bbox 1669 442 1730 504">
    <p class='ocr_par' dir='ltr' id='par_1_4' title="bbox 1669 442 1730 504">
     <span class='ocr_line' id='line_1_56' title="bbox 1669 442 1730 504; baseline -0.016 0"><span class='ocrx_word' id='word_1_412' title='bbox 1669 442 1730 504; x_wconf 79' lang='grc' dir='ltr'><strong>θδδ</strong></span> 
     </span>
    </p>
   </div>
   <div class='ocr_carea' id='block_1_5' title="bbox 946 612 1729 771">
    <p class='ocr_par' dir='ltr' id='par_1_5' title="bbox 946 612 1729 771">
     <span class='ocr_line' id='line_1_57' title="bbox 946 612 1729 690; baseline 0.013 -35"><span class='ocrx_word' id='word_1_413' title='bbox 946 618 1004 657; x_wconf 91' lang='lat' dir='ltr'><strong>cum</strong></span> <span class='ocrx_word' id='word_1_414' title='bbox 1017 612 1131 663; x_wconf 87' lang='lat' dir='ltr'><strong>omnibus</strong></span> <span class='ocrx_word' id='word_1_415' title='bbox 1144 615 1217 680; x_wconf 76' lang='lat' dir='ltr'><strong>regius</strong></span> <span class='ocrx_word' id='word_1_416' title='bbox 1230 616 1533 690; x_wconf 32' lang='lat' dir='ltr'><strong>insignibuanprodieruut.</strong></span> <span class='ocrx_word' id='word_1_417' title='bbox 1570 619 1602 666; x_wconf 84' lang='lat' dir='ltr'><strong>m</strong></span> <span class='ocrx_word' id='word_1_418' title='bbox 1613 615 1729 681; x_wconf 88' lang='lat' dir='ltr'><strong>populus,</strong></span> 
     </span>
     <span class='ocr_line' id='line_1_58' title="bbox 949 696 1728 771; baseline 0.015 -28"><span class='ocrx_word' id='word_1_419' title='bbox 949 698 977 744; x_wconf 95' lang='lat' dir='ltr'><strong>ul</strong></span> <span class='ocrx_word' id='word_1_420' title='bbox 985 696 1050 749; x_wconf 81' lang='lat' dir='ltr'><strong>vidit</strong></span> <span class='ocrx_word' id='word_1_421' title='bbox 1059 714 1103 751; x_wconf 90' lang='lat' dir='ltr'><strong>eos</strong></span> <span class='ocrx_word' id='word_1_422' title='bbox 1113 716 1161 753; x_wconf 91' lang='lat' dir='ltr'><strong>non</strong></span> <span class='ocrx_word' id='word_1_423' title='bbox 1170 705 1277 756; x_wconf 89' lang='lat' dir='ltr'><strong>retinere</strong></span> <span class='ocrx_word' id='word_1_424' title='bbox 1288 706 1396 770; x_wconf 85' lang='lat' dir='ltr'><strong>amplius</strong></span> <span class='ocrx_word' id='word_1_425' title='bbox 1409 706 1553 771; x_wconf 74' lang='lat' dir='ltr'><strong>popularem</strong></span> <span class='ocrx_word' id='word_1_426' title='bbox 1561 705 1631 754; x_wconf 93' lang='lat' dir='ltr'><strong>illum</strong></span> <span class='ocrx_word' id='word_1_427' title='bbox 1640 709 1665 754; x_wconf 91' lang='lat' dir='ltr'><strong>et</strong></span> <span class='ocrx_word' id='word_1_428' title='bbox 1675 718 1728 755; x_wconf 92' lang='lat' dir='ltr'><strong>mo-</strong></span> 
     </span>
    </p>
   </div>
   <div class='ocr_carea' id='block_1_6' title="bbox 947 786 1737 973">
    <p class='ocr_par' dir='ltr' id='par_1_6' title="bbox 947 786 1737 973">
     <span class='ocr_line' id='line_1_59' title="bbox 947 786 1737 862; baseline 0.01 -26"><span class='ocrx_word' id='word_1_429' title='bbox 947 786 1062 841; x_wconf 88' lang='lat' dir='ltr'><strong>deratum</strong></span> <span class='ocrx_word' id='word_1_430' title='bbox 1077 794 1238 858; x_wconf 79' lang='lat' dir='ltr'><strong>magistratus</strong></span> <span class='ocrx_word' id='word_1_431' title='bbox 1258 797 1385 861; x_wconf 89' lang='lat' dir='ltr'><strong>babitum,</strong></span> <span class='ocrx_word' id='word_1_432' title='bbox 1401 812 1446 849; x_wconf 89' lang='lat' dir='ltr'><strong>nec</strong></span> <span class='ocrx_word' id='word_1_433' title='bbox 1465 799 1539 861; x_wconf 73' lang='lat' dir='ltr'><strong>regio</strong></span> <span class='ocrx_word' id='word_1_434' title='bbox 1557 796 1687 862; x_wconf 86' lang='lat' dir='ltr'><strong>potestatis</strong></span> <span class='ocrx_word' id='word_1_435' title='bbox 1699 795 1737 844; x_wconf 89' lang='lat' dir='ltr'><strong>in-</strong></span> 
     </span>
     <span class='ocr_line' id='line_1_60' title="bbox 947 879 1728 973; baseline -0.001 -36"><span class='ocrx_word' id='word_1_436' title='bbox 947 879 1025 945; x_wconf 69' lang='lat' dir='ltr'><strong>tigris</strong></span> <span class='ocrx_word' id='word_1_437' title='bbox 1037 898 1081 948; x_wconf 89' lang='lat' dir='ltr'><strong>per</strong></span> <span class='ocrx_word' id='word_1_438' title='bbox 1092 887 1159 973; x_wconf 79' lang='lat' dir='ltr'><strong>uices</strong></span> <span class='ocrx_word' id='word_1_439' title='bbox 1172 895 1277 953; x_wconf 87' lang='lat' dir='ltr'><strong>mutare,</strong></span> <span class='ocrx_word' id='word_1_440' title='bbox 1294 895 1324 941; x_wconf 93' lang='lat' dir='ltr'><strong>ut</strong></span> <span class='ocrx_word' id='word_1_441' title='bbox 1335 895 1392 943; x_wconf 89' lang='lat' dir='ltr'><strong>ante</strong></span> <span class='ocrx_word' id='word_1_442' title='bbox 1408 889 1541 951; x_wconf 84' lang='lat' dir='ltr'><strong>iaciebant,</strong></span> <span class='ocrx_word' id='word_1_443' title='bbox 1554 904 1643 953; x_wconf 73' lang='lat' dir='ltr'><strong>magno</strong></span> <span class='ocrx_word' id='word_1_444' title='bbox 1654 888 1728 937; x_wconf 80' lang='lat' dir='ltr'><strong>aninri</strong></span> 
     </span>
    </p>
   </div>
   <div class='ocr_carea' id='block_1_7' title="bbox 952 993 1749 1167">
    <p class='ocr_par' dir='ltr' id='par_1_7' title="bbox 952 993 1749 1167">
     <span class='ocr_line' id='line_1_61' title="bbox 952 993 1732 1060; baseline 0.013 -20"><span class='ocrx_word' id='word_1_445' title='bbox 952 997 1059 1042; x_wconf 86' lang='lat' dir='ltr'><strong>moerore</strong></span> <span class='ocrx_word' id='word_1_446' title='bbox 1072 1006 1102 1042; x_wconf 89' lang='lat' dir='ltr'><strong>ac</strong></span> <span class='ocrx_word' id='word_1_447' title='bbox 1125 993 1225 1045; x_wconf 72' lang='lat' dir='ltr'><strong>tristitia</strong></span> <span class='ocrx_word' id='word_1_448' title='bbox 1243 997 1373 1060; x_wconf 87' lang='lat' dir='ltr'><strong>correptus</strong></span> <span class='ocrx_word' id='word_1_449' title='bbox 1392 998 1440 1047; x_wconf 88' lang='lat' dir='ltr'><strong>esi.</strong></span> <span class='ocrx_word' id='word_1_450' title='bbox 1474 1000 1537 1048; x_wconf 84' lang='lat' dir='ltr'><strong>Eum</strong></span> <span class='ocrx_word' id='word_1_451' title='bbox 1551 998 1635 1049; x_wconf 85' lang='lat' dir='ltr'><strong>autem</strong></span> <span class='ocrx_word' id='word_1_452' title='bbox 1652 998 1732 1051; x_wconf 88' lang='lat' dir='ltr'><strong>terre·</strong></span> 
     </span>
     <span class='ocr_line' id='line_1_62' title="bbox 952 1095 1749 1167; baseline 0.015 -20"><span class='ocrx_word' id='word_1_453' title='bbox 952 1095 1013 1147; x_wconf 80' lang='lat' dir='ltr'><strong>bunt</strong></span> <span class='ocrx_word' id='word_1_454' title='bbox 1027 1098 1134 1163; x_wconf 77' lang='lat' dir='ltr'><strong>alligatae</strong></span> <span class='ocrx_word' id='word_1_455' title='bbox 1157 1102 1266 1154; x_wconf 77' lang='lat' dir='ltr'><strong>fascibus</strong></span> <span class='ocrx_word' id='word_1_456' title='bbox 1282 1103 1390 1162; x_wconf 78' lang='lat' dir='ltr'><strong>secures,</strong></span> <span class='ocrx_word' id='word_1_457' title='bbox 1403 1118 1467 1167; x_wconf 87' lang='lat' dir='ltr'><strong>quas</strong></span> <span class='ocrx_word' id='word_1_458' title='bbox 1484 1105 1617 1157; x_wconf 78' lang='lat' dir='ltr'><strong>duodecim</strong></span> <span class='ocrx_word' id='word_1_459' title='bbox 1632 1106 1749 1159; x_wconf 80' lang='lat' dir='ltr'><strong>lictores&#39;</strong></span> 
     </span>
    </p>
   </div>
   <div class='ocr_carea' id='block_1_8' title="bbox 951 1204 1732 1489">
    <p class='ocr_par' dir='ltr' id='par_1_8' title="bbox 951 1204 1732 1489">
     <span class='ocr_line' id='line_1_63' title="bbox 952 1204 1731 1273; baseline 0.018 -20"><span class='ocrx_word' id='word_1_460' title='bbox 952 1204 1086 1269; x_wconf 89' lang='lat' dir='ltr'><strong>uuicuique</strong></span> <span class='ocrx_word' id='word_1_461' title='bbox 1107 1220 1192 1259; x_wconf 90' lang='lat' dir='ltr'><strong>eorum</strong></span> <span class='ocrx_word' id='word_1_462' title='bbox 1219 1209 1395 1273; x_wconf 71' lang='lat' dir='ltr'><strong>praeferebant,</strong></span> <span class='ocrx_word' id='word_1_463' title='bbox 1417 1213 1563 1264; x_wconf 84' lang='lat' dir='ltr'><strong>verberibus</strong></span> <span class='ocrx_word' id='word_1_464' title='bbox 1582 1212 1681 1265; x_wconf 86' lang='lat' dir='ltr'><strong>turbam</strong></span> <span class='ocrx_word' id='word_1_465' title='bbox 1701 1230 1731 1267; x_wconf 82' lang='lat' dir='ltr'><strong>ex</strong></span> 
     </span>
     <span class='ocr_line' id='line_1_64' title="bbox 951 1309 1732 1385; baseline 0.015 -26"><span class='ocrx_word' id='word_1_466' title='bbox 951 1309 1000 1361; x_wconf 79' lang='lat' dir='ltr'><strong>riis</strong></span> <span class='ocrx_word' id='word_1_467' title='bbox 1026 1310 1218 1373; x_wconf 85' lang='lat' dir='ltr'><strong>submoventes,</strong></span> <span class='ocrx_word' id='word_1_468' title='bbox 1241 1315 1450 1377; x_wconf 75' lang='lat' dir='ltr'><strong>quemadmodum</strong></span> <span class='ocrx_word' id='word_1_469' title='bbox 1472 1317 1531 1369; x_wconf 91' lang='lat' dir='ltr'><strong>olim</strong></span> <span class='ocrx_word' id='word_1_470' title='bbox 1562 1319 1609 1370; x_wconf 91' lang='lat' dir='ltr'><strong>sub</strong></span> <span class='ocrx_word' id='word_1_471' title='bbox 1632 1320 1732 1385; x_wconf 74' lang='lat' dir='ltr'><strong>regibus</strong></span> 
     </span>
     <span class='ocr_line' id='line_1_65' title="bbox 953 1413 1731 1489; baseline 0.014 -25"><span class='ocrx_word' id='word_1_472' title='bbox 953 1413 1035 1467; x_wconf 84' lang='lat' dir='ltr'><strong>tiebat.</strong></span> <span class='ocrx_word' id='word_1_473' title='bbox 1069 1416 1116 1466; x_wconf 90' lang='lat' dir='ltr'><strong>llic</strong></span> <span class='ocrx_word' id='word_1_474' title='bbox 1129 1416 1195 1468; x_wconf 89' lang='lat' dir='ltr'><strong>enim</strong></span> <span class='ocrx_word' id='word_1_475' title='bbox 1207 1431 1263 1468; x_wconf 88' lang='lat' dir='ltr'><strong>mos</strong></span> <span class='ocrx_word' id='word_1_476' title='bbox 1277 1419 1407 1471; x_wconf 79' lang='lat' dir='ltr'><strong>confestim</strong></span> <span class='ocrx_word' id='word_1_477' title='bbox 1425 1424 1482 1486; x_wconf 90' lang='lat' dir='ltr'><strong>post</strong></span> <span class='ocrx_word' id='word_1_478' title='bbox 1499 1423 1592 1488; x_wconf 85' lang='lat' dir='ltr'><strong>ejectos</strong></span> <span class='ocrx_word' id='word_1_479' title='bbox 1603 1438 1673 1489; x_wconf 77' lang='lat' dir='ltr'><strong>reges</strong></span> <span class='ocrx_word' id='word_1_480' title='bbox 1686 1440 1731 1475; x_wconf 87' lang='lat' dir='ltr'><strong>an-</strong></span> 
     </span>
    </p>
   </div>
   <div class='ocr_carea' id='block_1_9' title="bbox 952 1522 1799 2436">
    <p class='ocr_par' dir='ltr' id='par_1_9' title="bbox 952 1522 1799 2436">
     <span class='ocr_line' id='line_1_66' title="bbox 952 1522 1733 1597; baseline 0.013 -24"><span class='ocrx_word' id='word_1_481' title='bbox 952 1522 1065 1587; x_wconf 83' lang='lat' dir='ltr'><strong>tiquatos</strong></span> <span class='ocrx_word' id='word_1_482' title='bbox 1076 1524 1156 1576; x_wconf 84' lang='lat' dir='ltr'><strong>iuerat</strong></span> <span class='ocrx_word' id='word_1_483' title='bbox 1171 1526 1252 1576; x_wconf 82' lang='lat' dir='ltr'><strong>aviro</strong></span> <span class='ocrx_word' id='word_1_484' title='bbox 1263 1527 1376 1592; x_wconf 87' lang='lat' dir='ltr'><strong>populari</strong></span> <span class='ocrx_word' id='word_1_485' title='bbox 1384 1531 1412 1581; x_wconf 86' lang='lat' dir='ltr'><strong>P.</strong></span> <span class='ocrx_word' id='word_1_486' title='bbox 1422 1529 1537 1593; x_wconf 84' lang='lat' dir='ltr'><strong>Valerio,</strong></span> <span class='ocrx_word' id='word_1_487' title='bbox 1551 1534 1596 1595; x_wconf 86' lang='lat' dir='ltr'><strong>qui</strong></span> <span class='ocrx_word' id='word_1_488' title='bbox 1610 1531 1635 1583; x_wconf 92' lang='lat' dir='ltr'><strong>in</strong></span> <span class='ocrx_word' id='word_1_489' title='bbox 1646 1547 1733 1597; x_wconf 88' lang='lat' dir='ltr'><strong>eorum</strong></span> 
     </span>
     <span class='ocr_line' id='line_1_67' title="bbox 952 1628 1732 1693; baseline 0.017 -18"><span class='ocrx_word' id='word_1_490' title='bbox 952 1628 1101 1690; x_wconf 89' lang='lat' dir='ltr'><strong>potestatam</strong></span> <span class='ocrx_word' id='word_1_491' title='bbox 1122 1634 1284 1681; x_wconf 75' lang='lat' dir='ltr'><strong>successerat.</strong></span> <span class='ocrx_word' id='word_1_492' title='bbox 1326 1633 1407 1693; x_wconf 83' lang='lat' dir='ltr'><strong>Quem</strong></span> <span class='ocrx_word' id='word_1_493' title='bbox 1421 1646 1508 1685; x_wconf 89' lang='lat' dir='ltr'><strong>omnes</strong></span> <span class='ocrx_word' id='word_1_494' title='bbox 1522 1636 1637 1687; x_wconf 89' lang='lat' dir='ltr'><strong>consules</strong></span> <span class='ocrx_word' id='word_1_495' title='bbox 1660 1635 1732 1687; x_wconf 87' lang='lat' dir='ltr'><strong>deiu-</strong></span> 
     </span>
     <span class='ocr_line' id='line_1_68' title="bbox 952 1731 1731 1805; baseline 0.018 -25"><span class='ocrx_word' id='word_1_496' title='bbox 952 1743 1013 1794; x_wconf 91' lang='lat' dir='ltr'><strong>ceps</strong></span> <span class='ocrx_word' id='word_1_497' title='bbox 1032 1731 1126 1793; x_wconf 85' lang='lat' dir='ltr'><strong>secuti,</strong></span> <span class='ocrx_word' id='word_1_498' title='bbox 1154 1736 1184 1783; x_wconf 93' lang='lat' dir='ltr'><strong>ut</strong></span> <span class='ocrx_word' id='word_1_499' title='bbox 1210 1734 1323 1798; x_wconf 69' lang='lat' dir='ltr'><strong>preclari</strong></span> <span class='ocrx_word' id='word_1_500' title='bbox 1349 1737 1454 1801; x_wconf 78' lang='lat' dir='ltr'><strong>exempli</strong></span> <span class='ocrx_word' id='word_1_501' title='bbox 1485 1743 1612 1791; x_wconf 87' lang='lat' dir='ltr'><strong>auctorem</strong></span> <span class='ocrx_word' id='word_1_502' title='bbox 1632 1741 1731 1805; x_wconf 88' lang='lat' dir='ltr'><strong>imitati,</strong></span> 
     </span>
     <span class='ocr_line' id='line_1_69' title="bbox 953 1837 1732 1914; baseline 0.019 -27"><span class='ocrx_word' id='word_1_503' title='bbox 953 1852 1054 1889; x_wconf 88' lang='lat' dir='ltr'><strong>secures</strong></span> <span class='ocrx_word' id='word_1_504' title='bbox 1067 1837 1182 1902; x_wconf 91' lang='lat' dir='ltr'><strong>tascibus,</strong></span> <span class='ocrx_word' id='word_1_505' title='bbox 1196 1841 1244 1891; x_wconf 79' lang='lat' dir='ltr'><strong>arisi</strong></span> <span class='ocrx_word' id='word_1_506' title='bbox 1261 1842 1287 1891; x_wconf 93' lang='lat' dir='ltr'><strong>in</strong></span> <span class='ocrx_word' id='word_1_507' title='bbox 1301 1842 1502 1908; x_wconf 80' lang='lat' dir='ltr'><strong>expeditionibus</strong></span> <span class='ocrx_word' id='word_1_508' title='bbox 1525 1847 1612 1899; x_wconf 84' lang='lat' dir='ltr'><strong>aliisve</strong></span> <span class='ocrx_word' id='word_1_509' title='bbox 1627 1850 1732 1914; x_wconf 87' lang='lat' dir='ltr'><strong>publicis</strong></span> 
     </span>
     <span class='ocr_line' id='line_1_70' title="bbox 952 1942 1799 2010; baseline 0.018 -18"><span class='ocrx_word' id='word_1_510' title='bbox 952 1942 1162 2006; x_wconf 86' lang='lat' dir='ltr'><strong>protectionibus,</strong></span> <span class='ocrx_word' id='word_1_511' title='bbox 1185 1945 1290 2009; x_wconf 83' lang='lat' dir='ltr'><strong>amplius</strong></span> <span class='ocrx_word' id='word_1_512' title='bbox 1310 1961 1359 1998; x_wconf 94' lang='lat' dir='ltr'><strong>non</strong></span> <span class='ocrx_word' id='word_1_513' title='bbox 1384 1948 1516 2001; x_wconf 84' lang='lat' dir='ltr'><strong>addebant.</strong></span> <span class='ocrx_word' id='word_1_514' title='bbox 1550 1952 1656 2010; x_wconf 80' lang='lat' dir='ltr'><strong>Quoties</strong></span> <span class='ocrx_word' id='word_1_515' title='bbox 1673 1968 1733 2005; x_wconf 84' lang='lat' dir='ltr'><strong>uero</strong></span> <span class='ocrx_word' id='word_1_516' title='bbox 1797 1994 1799 2007; x_wconf 74' lang='grc'>,</span> 
     </span>
     <span class='ocr_line' id='line_1_71' title="bbox 952 2048 1732 2116; baseline 0.013 -18"><span class='ocrx_word' id='word_1_517' title='bbox 952 2048 1043 2099; x_wconf 88' lang='lat' dir='ltr'><strong>bellum</strong></span> <span class='ocrx_word' id='word_1_518' title='bbox 1052 2053 1183 2101; x_wconf 80' lang='lat' dir='ltr'><strong>externum</strong></span> <span class='ocrx_word' id='word_1_519' title='bbox 1201 2052 1326 2116; x_wconf 79' lang='lat' dir='ltr'><strong>gerebant,</strong></span> <span class='ocrx_word' id='word_1_520' title='bbox 1351 2056 1448 2105; x_wconf 85' lang='lat' dir='ltr'><strong>autres</strong></span> <span class='ocrx_word' id='word_1_521' title='bbox 1469 2054 1627 2107; x_wconf 85' lang='lat' dir='ltr'><strong>subditorum</strong></span> <span class='ocrx_word' id='word_1_522' title='bbox 1641 2059 1732 2109; x_wconf 84' lang='lat' dir='ltr'><strong>inriso-</strong></span> 
     </span>
     <span class='ocr_line' id='line_1_72' title="bbox 952 2156 1732 2225; baseline 0.012 -18"><span class='ocrx_word' id='word_1_523' title='bbox 952 2156 1022 2217; x_wconf 81' lang='lat' dir='ltr'><strong>bant,</strong></span> <span class='ocrx_word' id='word_1_524' title='bbox 1032 2157 1092 2206; x_wconf 87' lang='lat' dir='ltr'><strong>tunc</strong></span> <span class='ocrx_word' id='word_1_525' title='bbox 1106 2157 1180 2208; x_wconf 90' lang='lat' dir='ltr'><strong>etiam</strong></span> <span class='ocrx_word' id='word_1_526' title='bbox 1193 2172 1294 2211; x_wconf 79' lang='lat' dir='ltr'><strong>secures</strong></span> <span class='ocrx_word' id='word_1_527' title='bbox 1303 2160 1336 2210; x_wconf 92' lang='lat' dir='ltr'><strong>ad</strong></span> <span class='ocrx_word' id='word_1_528' title='bbox 1356 2161 1437 2211; x_wconf 85' lang='lat' dir='ltr'><strong>lasoea</strong></span> <span class='ocrx_word' id='word_1_529' title='bbox 1449 2161 1609 2225; x_wconf 89' lang='lat' dir='ltr'><strong>adbibebant,</strong></span> <span class='ocrx_word' id='word_1_530' title='bbox 1622 2168 1652 2215; x_wconf 91' lang='lat' dir='ltr'><strong>ut</strong></span> <span class='ocrx_word' id='word_1_531' title='bbox 1667 2165 1732 2217; x_wconf 88' lang='lat' dir='ltr'><strong>illius</strong></span> 
     </span>
     <span class='ocr_line' id='line_1_73' title="bbox 952 2264 1732 2331; baseline 0.013 -18"><span class='ocrx_word' id='word_1_532' title='bbox 952 2264 1086 2329; x_wconf 82' lang='lat' dir='ltr'><strong>spectaculi</strong></span> <span class='ocrx_word' id='word_1_533' title='bbox 1095 2268 1184 2329; x_wconf 82' lang='lat' dir='ltr'><strong>terror,</strong></span> <span class='ocrx_word' id='word_1_534' title='bbox 1197 2268 1270 2331; x_wconf 85' lang='lat' dir='ltr'><strong>quasi</strong></span> <span class='ocrx_word' id='word_1_535' title='bbox 1279 2268 1342 2319; x_wconf 79' lang='lat' dir='ltr'><strong>solis</strong></span> <span class='ocrx_word' id='word_1_536' title='bbox 1353 2266 1474 2330; x_wconf 80' lang='lat' dir='ltr'><strong>hostibus,</strong></span> <span class='ocrx_word' id='word_1_537' title='bbox 1492 2272 1536 2320; x_wconf 91' lang='lat' dir='ltr'><strong>aut</strong></span> <span class='ocrx_word' id='word_1_538' title='bbox 1547 2270 1654 2322; x_wconf 89' lang='lat' dir='ltr'><strong>subditis</strong></span> <span class='ocrx_word' id='word_1_539' title='bbox 1664 2273 1732 2323; x_wconf 87' lang='lat' dir='ltr'><strong>incu-</strong></span> 
     </span>
     <span class='ocr_line' id='line_1_74' title="bbox 953 2370 1500 2436; baseline 0.007 -15"><span class='ocrx_word' id='word_1_540' title='bbox 953 2372 1056 2432; x_wconf 87' lang='lat' dir='ltr'><strong>teretur,</strong></span> <span class='ocrx_word' id='word_1_541' title='bbox 1064 2370 1162 2422; x_wconf 85' lang='lat' dir='ltr'><strong>civibus</strong></span> <span class='ocrx_word' id='word_1_542' title='bbox 1174 2371 1258 2421; x_wconf 78' lang='lat' dir='ltr'><strong>antuus</strong></span> <span class='ocrx_word' id='word_1_543' title='bbox 1269 2371 1351 2436; x_wconf 82' lang='lat' dir='ltr'><strong>gravis</strong></span> <span class='ocrx_word' id='word_1_544' title='bbox 1363 2370 1500 2425; x_wconf 83' lang='lat' dir='ltr'><strong>rideretur.</strong></span> 
     </span>
    </p>
   </div>
   <div class='ocr_carea' id='block_1_10' title="bbox 943 2592 1778 5327">
    <p class='ocr_par' dir='ltr' id='par_1_10' title="bbox 943 2592 1778 5327">
     <span class='ocr_line' id='line_1_75' title="bbox 982 2592 1778 2670; baseline 0.004 -15"><span class='ocrx_word' id='word_1_545' title='bbox 982 2608 1032 2655; x_wconf 84' lang='lat' dir='ltr'><strong>Lx.</strong></span> <span class='ocrx_word' id='word_1_546' title='bbox 1053 2606 1107 2655; x_wconf 82' lang='lat' dir='ltr'><strong>Hoc</strong></span> <span class='ocrx_word' id='word_1_547' title='bbox 1129 2603 1205 2669; x_wconf 77' lang='lat' dir='ltr'><strong>igitur</strong></span> <span class='ocrx_word' id='word_1_548' title='bbox 1219 2606 1360 2669; x_wconf 88' lang='lat' dir='ltr'><strong>conspecto,</strong></span> <span class='ocrx_word' id='word_1_549' title='bbox 1370 2605 1440 2670; x_wconf 88' lang='lat' dir='ltr'><strong>quod</strong></span> <span class='ocrx_word' id='word_1_550' title='bbox 1456 2606 1530 2668; x_wconf 76' lang='lat' dir='ltr'><strong>regia</strong></span> <span class='ocrx_word' id='word_1_551' title='bbox 1543 2608 1677 2670; x_wconf 84' lang='lat' dir='ltr'><strong>potestatis</strong></span> <span class='ocrx_word' id='word_1_552' title='bbox 1691 2608 1730 2658; x_wconf 89' lang='lat' dir='ltr'><strong>in·</strong></span> <span class='ocrx_word' id='word_1_553' title='bbox 1771 2592 1778 2599; x_wconf 62' lang='grc'><em>’</em></span> 
     </span>
     <span class='ocr_line' id='line_1_76' title="bbox 951 2692 1727 2759; baseline 0 -14"><span class='ocrx_word' id='word_1_554' title='bbox 951 2695 1020 2757; x_wconf 77' lang='lat' dir='ltr'><strong>sigue</strong></span> <span class='ocrx_word' id='word_1_555' title='bbox 1030 2692 1175 2758; x_wconf 82' lang='lat' dir='ltr'><strong>putabatur,</strong></span> <span class='ocrx_word' id='word_1_556' title='bbox 1186 2706 1273 2743; x_wconf 88' lang='lat' dir='ltr'><strong>omnes</strong></span> <span class='ocrx_word' id='word_1_557' title='bbox 1291 2695 1334 2757; x_wconf 87' lang='lat' dir='ltr'><strong>(nt</strong></span> <span class='ocrx_word' id='word_1_558' title='bbox 1344 2693 1410 2755; x_wconf 82' lang='lat' dir='ltr'><strong>dixi)</strong></span> <span class='ocrx_word' id='word_1_559' title='bbox 1431 2697 1515 2746; x_wconf 88' lang='lat' dir='ltr'><strong>melus</strong></span> <span class='ocrx_word' id='word_1_560' title='bbox 1528 2694 1614 2759; x_wconf 79' lang='lat' dir='ltr'><strong>ingens</strong></span> <span class='ocrx_word' id='word_1_561' title='bbox 1627 2695 1727 2756; x_wconf 81' lang='lat' dir='ltr'><strong>inuasit,</strong></span> 
     </span>
     <span class='ocr_line' id='line_1_77' title="bbox 949 2782 1728 2850; baseline 0.003 -16"><span class='ocrx_word' id='word_1_562' title='bbox 949 2785 1017 2848; x_wconf 80' lang='lat' dir='ltr'><strong>quod</strong></span> <span class='ocrx_word' id='word_1_563' title='bbox 1027 2783 1060 2833; x_wconf 91' lang='lat' dir='ltr'><strong>de</strong></span> <span class='ocrx_word' id='word_1_564' title='bbox 1075 2782 1190 2833; x_wconf 88' lang='lat' dir='ltr'><strong>libertate</strong></span> <span class='ocrx_word' id='word_1_565' title='bbox 1210 2796 1256 2834; x_wconf 86' lang='lat' dir='ltr'><strong>sua</strong></span> <span class='ocrx_word' id='word_1_566' title='bbox 1276 2786 1361 2837; x_wconf 81' lang='lat' dir='ltr'><strong>aetram</strong></span> <span class='ocrx_word' id='word_1_567' title='bbox 1372 2782 1555 2844; x_wconf 77' lang='lat' dir='ltr'><strong>existimarent,</strong></span> <span class='ocrx_word' id='word_1_568' title='bbox 1574 2788 1601 2834; x_wconf 89' lang='lat' dir='ltr'><strong>et</strong></span> <span class='ocrx_word' id='word_1_569' title='bbox 1614 2798 1660 2849; x_wconf 89' lang='lat' dir='ltr'><strong>pro</strong></span> <span class='ocrx_word' id='word_1_570' title='bbox 1671 2798 1728 2850; x_wconf 81' lang='lat' dir='ltr'><strong>rege</strong></span> 
     </span>
     <span class='ocr_line' id='line_1_78' title="bbox 949 2870 1728 2934; baseline 0.003 -12"><span class='ocrx_word' id='word_1_571' title='bbox 949 2886 999 2922; x_wconf 89' lang='lat' dir='ltr'><strong>nuo</strong></span> <span class='ocrx_word' id='word_1_572' title='bbox 1009 2871 1095 2922; x_wconf 88' lang='lat' dir='ltr'><strong>decem</strong></span> <span class='ocrx_word' id='word_1_573' title='bbox 1109 2884 1124 2921; x_wconf 91' lang='lat' dir='ltr'><strong>a</strong></span> <span class='ocrx_word' id='word_1_574' title='bbox 1136 2885 1164 2921; x_wconf 88' lang='lat' dir='ltr'><strong>sc</strong></span> <span class='ocrx_word' id='word_1_575' title='bbox 1170 2876 1276 2922; x_wconf 87' lang='lat' dir='ltr'><strong>creatos.</strong></span> <span class='ocrx_word' id='word_1_576' title='bbox 1309 2875 1393 2931; x_wconf 81' lang='lat' dir='ltr'><strong>Quum</strong></span> <span class='ocrx_word' id='word_1_577' title='bbox 1414 2871 1490 2934; x_wconf 75' lang='lat' dir='ltr'><strong>igitur</strong></span> <span class='ocrx_word' id='word_1_578' title='bbox 1508 2870 1643 2923; x_wconf 82' lang='lat' dir='ltr'><strong>decemuiri</strong></span> <span class='ocrx_word' id='word_1_579' title='bbox 1660 2873 1728 2924; x_wconf 93' lang='lat' dir='ltr'><strong>mul·</strong></span> 
     </span>
     <span class='ocr_line' id='line_1_79' title="bbox 948 2960 1729 3026; baseline 0 -13"><span class='ocrx_word' id='word_1_580' title='bbox 948 2960 1080 3013; x_wconf 85' lang='lat' dir='ltr'><strong>titudinem</strong></span> <span class='ocrx_word' id='word_1_581' title='bbox 1093 2962 1141 3010; x_wconf 94' lang='lat' dir='ltr'><strong>boc</strong></span> <span class='ocrx_word' id='word_1_582' title='bbox 1161 2960 1235 3010; x_wconf 90' lang='lat' dir='ltr'><strong>modo</strong></span> <span class='ocrx_word' id='word_1_583' title='bbox 1253 2960 1417 3023; x_wconf 88' lang='lat' dir='ltr'><strong>terruissent,</strong></span> <span class='ocrx_word' id='word_1_584' title='bbox 1431 2974 1538 3026; x_wconf 88' lang='lat' dir='ltr'><strong>eamque</strong></span> <span class='ocrx_word' id='word_1_585' title='bbox 1555 2962 1579 3012; x_wconf 89' lang='lat' dir='ltr'><strong>iu</strong></span> <span class='ocrx_word' id='word_1_586' title='bbox 1601 2965 1729 3026; x_wconf 91' lang='lat' dir='ltr'><strong>posterum</strong></span> 
     </span>
     <span class='ocr_line' id='line_1_80' title="bbox 948 3048 1728 3130; baseline 0.003 -30"><span class='ocrx_word' id='word_1_587' title='bbox 948 3053 1017 3130; x_wconf 80' lang='lat' dir='ltr'><strong>matu</strong></span> <span class='ocrx_word' id='word_1_588' title='bbox 1030 3061 1115 3113; x_wconf 73' lang='lat' dir='ltr'><strong>regere</strong></span> <span class='ocrx_word' id='word_1_589' title='bbox 1135 3048 1291 3110; x_wconf 80' lang='lat' dir='ltr'><strong>statuissent,</strong></span> <span class='ocrx_word' id='word_1_590' title='bbox 1305 3050 1395 3113; x_wconf 75' lang='lat' dir='ltr'><strong>singull</strong></span> <span class='ocrx_word' id='word_1_591' title='bbox 1416 3049 1575 3103; x_wconf 82' lang='lat' dir='ltr'><strong>sodalitatem</strong></span> <span class='ocrx_word' id='word_1_592' title='bbox 1596 3055 1728 3102; x_wconf 84' lang='lat' dir='ltr'><strong>contraxe-</strong></span> 
     </span>
     <span class='ocr_line' id='line_1_81' title="bbox 949 3138 1729 3203; baseline 0.004 -14"><span class='ocrx_word' id='word_1_593' title='bbox 949 3142 1048 3197; x_wconf 76' lang='lat' dir='ltr'><strong>runtet</strong></span> <span class='ocrx_word' id='word_1_594' title='bbox 1055 3138 1233 3189; x_wconf 88' lang='lat' dir='ltr'><strong>audacissimos</strong></span> <span class='ocrx_word' id='word_1_595' title='bbox 1242 3152 1362 3203; x_wconf 82' lang='lat' dir='ltr'><strong>quosque,</strong></span> <span class='ocrx_word' id='word_1_596' title='bbox 1374 3153 1404 3190; x_wconf 91' lang='lat' dir='ltr'><strong>ac</strong></span> <span class='ocrx_word' id='word_1_597' title='bbox 1411 3139 1458 3192; x_wconf 85' lang='lat' dir='ltr'><strong>sibi</strong></span> <span class='ocrx_word' id='word_1_598' title='bbox 1467 3139 1575 3191; x_wconf 79' lang='lat' dir='ltr'><strong>maxime</strong></span> <span class='ocrx_word' id='word_1_599' title='bbox 1584 3142 1729 3192; x_wconf 81' lang='lat' dir='ltr'><strong>convenien-</strong></span> 
     </span>
     <span class='ocr_line' id='line_1_82' title="bbox 948 3226 1729 3296; baseline 0.005 -19"><span class='ocrx_word' id='word_1_600' title='bbox 948 3231 988 3279; x_wconf 88' lang='lat' dir='ltr'><strong>tes</strong></span> <span class='ocrx_word' id='word_1_601' title='bbox 998 3227 1102 3291; x_wconf 84' lang='lat' dir='ltr'><strong>juvenes</strong></span> <span class='ocrx_word' id='word_1_602' title='bbox 1122 3226 1276 3289; x_wconf 77' lang='lat' dir='ltr'><strong>delegerunt.</strong></span> <span class='ocrx_word' id='word_1_603' title='bbox 1288 3227 1360 3285; x_wconf 86' lang='lat' dir='ltr'><strong>Quod</strong></span> <span class='ocrx_word' id='word_1_604' title='bbox 1373 3228 1448 3292; x_wconf 83' lang='lat' dir='ltr'><strong>igitur</strong></span> <span class='ocrx_word' id='word_1_605' title='bbox 1468 3230 1582 3294; x_wconf 87' lang='lat' dir='ltr'><strong>plerique</strong></span> <span class='ocrx_word' id='word_1_606' title='bbox 1602 3230 1688 3296; x_wconf 86' lang='lat' dir='ltr'><strong>inopes</strong></span> <span class='ocrx_word' id='word_1_607' title='bbox 1699 3245 1729 3281; x_wconf 89' lang='lat' dir='ltr'><strong>ac</strong></span> 
     </span>
     <span class='ocr_line' id='line_1_83' title="bbox 947 3313 1729 3381; baseline 0.001 -15"><span class='ocrx_word' id='word_1_608' title='bbox 947 3315 1040 3366; x_wconf 81' lang='lat' dir='ltr'><strong>iutluue</strong></span> <span class='ocrx_word' id='word_1_609' title='bbox 1051 3313 1200 3364; x_wconf 88' lang='lat' dir='ltr'><strong>conditionis</strong></span> <span class='ocrx_word' id='word_1_610' title='bbox 1213 3314 1331 3373; x_wconf 85' lang='lat' dir='ltr'><strong>lromiues,</strong></span> <span class='ocrx_word' id='word_1_611' title='bbox 1347 3313 1452 3378; x_wconf 86' lang='lat' dir='ltr'><strong>publicis</strong></span> <span class='ocrx_word' id='word_1_612' title='bbox 1470 3315 1607 3366; x_wconf 89' lang='lat' dir='ltr'><strong>commodis</strong></span> <span class='ocrx_word' id='word_1_613' title='bbox 1619 3317 1729 3381; x_wconf 80' lang='lat' dir='ltr'><strong>privatos</strong></span> 
     </span>
     <span class='ocr_line' id='line_1_84' title="bbox 947 3401 1727 3468; baseline 0.001 -15"><span class='ocrx_word' id='word_1_614' title='bbox 947 3407 1060 3468; x_wconf 83' lang='lat' dir='ltr'><strong>quaestus</strong></span> <span class='ocrx_word' id='word_1_615' title='bbox 1082 3401 1253 3465; x_wconf 72' lang='lat' dir='ltr'><strong>praeferentes,</strong></span> <span class='ocrx_word' id='word_1_616' title='bbox 1288 3401 1423 3464; x_wconf 77' lang='lat' dir='ltr'><strong>tyrannica</strong></span> <span class='ocrx_word' id='word_1_617' title='bbox 1453 3404 1585 3468; x_wconf 85' lang='lat' dir='ltr'><strong>potestatis</strong></span> <span class='ocrx_word' id='word_1_618' title='bbox 1616 3404 1727 3456; x_wconf 91' lang='lat' dir='ltr'><strong>adulato-</strong></span> 
     </span>
     <span class='ocr_line' id='line_1_85' title="bbox 947 3487 1728 3556; baseline 0.004 -17"><span class='ocrx_word' id='word_1_619' title='bbox 947 3502 988 3539; x_wconf 89' lang='lat' dir='ltr'><strong>res</strong></span> <span class='ocrx_word' id='word_1_620' title='bbox 998 3487 1156 3546; x_wconf 78' lang='lat' dir='ltr'><strong>exstiterint,</strong></span> <span class='ocrx_word' id='word_1_621' title='bbox 1175 3487 1224 3537; x_wconf 89' lang='lat' dir='ltr'><strong>buc</strong></span> <span class='ocrx_word' id='word_1_622' title='bbox 1244 3500 1290 3538; x_wconf 89' lang='lat' dir='ltr'><strong>nec</strong></span> <span class='ocrx_word' id='word_1_623' title='bbox 1307 3491 1399 3552; x_wconf 75' lang='lat' dir='ltr'><strong>preter</strong></span> <span class='ocrx_word' id='word_1_624' title='bbox 1415 3489 1567 3554; x_wconf 88' lang='lat' dir='ltr'><strong>opinionem,</strong></span> <span class='ocrx_word' id='word_1_625' title='bbox 1580 3504 1626 3541; x_wconf 88' lang='lat' dir='ltr'><strong>nec</strong></span> <span class='ocrx_word' id='word_1_626' title='bbox 1637 3498 1728 3556; x_wconf 83' lang='lat' dir='ltr'><strong>praeter</strong></span> 
     </span>
     <span class='ocr_line' id='line_1_86' title="bbox 947 3572 1725 3642; baseline 0.009 -21"><span class='ocrx_word' id='word_1_627' title='bbox 947 3587 1017 3637; x_wconf 83' lang='lat' dir='ltr'><strong>apem</strong></span> <span class='ocrx_word' id='word_1_628' title='bbox 1039 3572 1139 3635; x_wconf 84' lang='lat' dir='ltr'><strong>accidit;</strong></span> <span class='ocrx_word' id='word_1_629' title='bbox 1168 3572 1212 3623; x_wconf 88' lang='lat' dir='ltr'><strong>sed</strong></span> <span class='ocrx_word' id='word_1_630' title='bbox 1233 3574 1315 3638; x_wconf 87' lang='lat' dir='ltr'><strong>quod,</strong></span> <span class='ocrx_word' id='word_1_631' title='bbox 1345 3575 1420 3625; x_wconf 88' lang='lat' dir='ltr'><strong>etiam</strong></span> <span class='ocrx_word' id='word_1_632' title='bbox 1444 3589 1476 3627; x_wconf 81' lang='lat' dir='ltr'><strong>ex</strong></span> <span class='ocrx_word' id='word_1_633' title='bbox 1501 3578 1587 3629; x_wconf 92' lang='lat' dir='ltr'><strong>ordine</strong></span> <span class='ocrx_word' id='word_1_634' title='bbox 1608 3574 1725 3642; x_wconf 83' lang='lat' dir='ltr'><strong>patricio,</strong></span> 
     </span>
     <span class='ocr_line' id='line_1_87' title="bbox 946 3662 1727 3727; baseline 0.001 -12"><span class='ocrx_word' id='word_1_635' title='bbox 946 3664 1021 3715; x_wconf 89' lang='lat' dir='ltr'><strong>multi</strong></span> <span class='ocrx_word' id='word_1_636' title='bbox 1031 3663 1125 3713; x_wconf 85' lang='lat' dir='ltr'><strong>inventi</strong></span> <span class='ocrx_word' id='word_1_637' title='bbox 1137 3663 1236 3721; x_wconf 82' lang='lat' dir='ltr'><strong>luerim,</strong></span> <span class='ocrx_word' id='word_1_638' title='bbox 1252 3662 1304 3726; x_wconf 84' lang='lat' dir='ltr'><strong>qui,</strong></span> <span class='ocrx_word' id='word_1_639' title='bbox 1316 3675 1395 3726; x_wconf 89' lang='lat' dir='ltr'><strong>quum</strong></span> <span class='ocrx_word' id='word_1_640' title='bbox 1405 3663 1493 3727; x_wconf 91' lang='lat' dir='ltr'><strong>opibus</strong></span> <span class='ocrx_word' id='word_1_641' title='bbox 1502 3668 1527 3716; x_wconf 89' lang='lat' dir='ltr'><strong>et</strong></span> <span class='ocrx_word' id='word_1_642' title='bbox 1543 3665 1672 3717; x_wconf 90' lang='lat' dir='ltr'><strong>nobilitate</strong></span> <span class='ocrx_word' id='word_1_643' title='bbox 1681 3667 1727 3717; x_wconf 89' lang='lat' dir='ltr'><strong>ali-</strong></span> 
     </span>
     <span class='ocr_line' id='line_1_88' title="bbox 946 3749 1727 3817; baseline 0.006 -16"><span class='ocrx_word' id='word_1_644' title='bbox 946 3766 996 3817; x_wconf 86' lang='lat' dir='ltr'><strong>quo</strong></span> <span class='ocrx_word' id='word_1_645' title='bbox 1019 3750 1095 3802; x_wconf 91' lang='lat' dir='ltr'><strong>modo</strong></span> <span class='ocrx_word' id='word_1_646' title='bbox 1114 3751 1146 3801; x_wconf 90' lang='lat' dir='ltr'><strong>de</strong></span> <span class='ocrx_word' id='word_1_647' title='bbox 1163 3765 1190 3801; x_wconf 91' lang='lat' dir='ltr'><strong>se</strong></span> <span class='ocrx_word' id='word_1_648' title='bbox 1202 3749 1331 3814; x_wconf 78' lang='lat' dir='ltr'><strong>magnilica</strong></span> <span class='ocrx_word' id='word_1_649' title='bbox 1345 3752 1437 3801; x_wconf 89' lang='lat' dir='ltr'><strong>sentire</strong></span> <span class='ocrx_word' id='word_1_650' title='bbox 1452 3757 1565 3817; x_wconf 86' lang='lat' dir='ltr'><strong>possent,</strong></span> <span class='ocrx_word' id='word_1_651' title='bbox 1580 3758 1662 3805; x_wconf 87' lang='lat' dir='ltr'><strong>tamen</strong></span> <span class='ocrx_word' id='word_1_652' title='bbox 1678 3770 1727 3806; x_wconf 87' lang='lat' dir='ltr'><strong>uon</strong></span> 
     </span>
     <span class='ocr_line' id='line_1_89' title="bbox 947 3838 1727 3909; baseline 0 -16"><span class='ocrx_word' id='word_1_653' title='bbox 947 3841 1085 3893; x_wconf 84' lang='lat' dir='ltr'><strong>dubitarint</strong></span> <span class='ocrx_word' id='word_1_654' title='bbox 1099 3854 1148 3892; x_wconf 86' lang='lat' dir='ltr'><strong>una</strong></span> <span class='ocrx_word' id='word_1_655' title='bbox 1161 3854 1217 3890; x_wconf 91' lang='lat' dir='ltr'><strong>cum</strong></span> <span class='ocrx_word' id='word_1_656' title='bbox 1232 3838 1381 3891; x_wconf 86' lang='lat' dir='ltr'><strong>decemviris</strong></span> <span class='ocrx_word' id='word_1_657' title='bbox 1392 3841 1478 3904; x_wconf 75' lang='lat' dir='ltr'><strong>patria</strong></span> <span class='ocrx_word' id='word_1_658' title='bbox 1487 3840 1629 3892; x_wconf 89' lang='lat' dir='ltr'><strong>libertatem</strong></span> <span class='ocrx_word' id='word_1_659' title='bbox 1640 3844 1727 3909; x_wconf 84' lang='lat' dir='ltr'><strong>oppri-</strong></span> 
     </span>
     <span class='ocr_line' id='line_1_90' title="bbox 947 3927 1725 3993; baseline -0.001 -10"><span class='ocrx_word' id='word_1_660' title='bbox 947 3946 1022 3993; x_wconf 88' lang='lat' dir='ltr'><strong>mere,</strong></span> <span class='ocrx_word' id='word_1_661' title='bbox 1039 3931 1087 3982; x_wconf 89' lang='lat' dir='ltr'><strong>boc</strong></span> <span class='ocrx_word' id='word_1_662' title='bbox 1109 3927 1284 3980; x_wconf 91' lang='lat' dir='ltr'><strong>admirandum</strong></span> <span class='ocrx_word' id='word_1_663' title='bbox 1306 3927 1422 3978; x_wconf 90' lang='lat' dir='ltr'><strong>omnibus</strong></span> <span class='ocrx_word' id='word_1_664' title='bbox 1441 3928 1551 3990; x_wconf 82' lang='lat' dir='ltr'><strong>ridetur,</strong></span> <span class='ocrx_word' id='word_1_665' title='bbox 1571 3943 1628 3980; x_wconf 93' lang='lat' dir='ltr'><strong>cum</strong></span> <span class='ocrx_word' id='word_1_666' title='bbox 1640 3931 1676 3980; x_wconf 90' lang='lat' dir='ltr'><strong>illi</strong></span> <span class='ocrx_word' id='word_1_667' title='bbox 1688 3933 1725 3982; x_wconf 90' lang='lat' dir='ltr'><strong>in·</strong></span> 
     </span>
     <span class='ocr_line' id='line_1_91' title="bbox 946 4016 1725 4086; baseline -0.005 -13"><span class='ocrx_word' id='word_1_668' title='bbox 946 4022 1076 4086; x_wconf 79' lang='lat' dir='ltr'><strong>dulgentes</strong></span> <span class='ocrx_word' id='word_1_669' title='bbox 1094 4019 1209 4070; x_wconf 91' lang='lat' dir='ltr'><strong>omuibus</strong></span> <span class='ocrx_word' id='word_1_670' title='bbox 1229 4016 1419 4081; x_wconf 78' lang='lat' dir='ltr'><strong>uoluptatibus,</strong></span> <span class='ocrx_word' id='word_1_671' title='bbox 1433 4030 1490 4081; x_wconf 84' lang='lat' dir='ltr'><strong>quaa</strong></span> <span class='ocrx_word' id='word_1_672' title='bbox 1512 4016 1656 4069; x_wconf 89' lang='lat' dir='ltr'><strong>bominibus</strong></span> <span class='ocrx_word' id='word_1_673' title='bbox 1677 4019 1725 4069; x_wconf 93' lang='lat' dir='ltr'><strong>im·</strong></span> 
     </span>
     <span class='ocr_line' id='line_1_92' title="bbox 946 4106 1726 4177; baseline -0.005 -14"><span class='ocrx_word' id='word_1_674' title='bbox 946 4126 1033 4177; x_wconf 84' lang='lat' dir='ltr'><strong>perure</strong></span> <span class='ocrx_word' id='word_1_675' title='bbox 1048 4112 1137 4170; x_wconf 86' lang='lat' dir='ltr'><strong>solent,</strong></span> <span class='ocrx_word' id='word_1_676' title='bbox 1154 4122 1244 4173; x_wconf 81' lang='lat' dir='ltr'><strong>mogum</strong></span> <span class='ocrx_word' id='word_1_677' title='bbox 1264 4107 1363 4159; x_wconf 82' lang='lat' dir='ltr'><strong>licentia</strong></span> <span class='ocrx_word' id='word_1_678' title='bbox 1376 4110 1403 4157; x_wconf 91' lang='lat' dir='ltr'><strong>et</strong></span> <span class='ocrx_word' id='word_1_679' title='bbox 1420 4106 1475 4157; x_wconf 89' lang='lat' dir='ltr'><strong>sine</strong></span> <span class='ocrx_word' id='word_1_680' title='bbox 1490 4106 1540 4157; x_wconf 92' lang='lat' dir='ltr'><strong>ullo</strong></span> <span class='ocrx_word' id='word_1_681' title='bbox 1561 4110 1631 4158; x_wconf 91' lang='lat' dir='ltr'><strong>metu</strong></span> <span class='ocrx_word' id='word_1_682' title='bbox 1653 4121 1726 4159; x_wconf 89' lang='lat' dir='ltr'><strong>suum</strong></span> 
     </span>
     <span class='ocr_line' id='line_1_93' title="bbox 946 4197 1725 4265; baseline -0.003 -15"><span class='ocrx_word' id='word_1_683' title='bbox 946 4202 1077 4265; x_wconf 87' lang='lat' dir='ltr'><strong>imperium</strong></span> <span class='ocrx_word' id='word_1_684' title='bbox 1099 4201 1124 4251; x_wconf 93' lang='lat' dir='ltr'><strong>in</strong></span> <span class='ocrx_word' id='word_1_685' title='bbox 1143 4198 1323 4264; x_wconf 81' lang='lat' dir='ltr'><strong>rempublicam</strong></span> <span class='ocrx_word' id='word_1_686' title='bbox 1340 4197 1497 4256; x_wconf 83' lang='lat' dir='ltr'><strong>exercebant,</strong></span> <span class='ocrx_word' id='word_1_687' title='bbox 1515 4199 1629 4251; x_wconf 86' lang='lat' dir='ltr'><strong>senatum</strong></span> <span class='ocrx_word' id='word_1_688' title='bbox 1644 4211 1725 4262; x_wconf 88' lang='lat' dir='ltr'><strong>popu·</strong></span> 
     </span>
     <span class='ocr_line' id='line_1_94' title="bbox 946 4285 1725 4353; baseline -0.005 -14"><span class='ocrx_word' id='word_1_689' title='bbox 946 4289 1050 4353; x_wconf 87' lang='lat' dir='ltr'><strong>tumque</strong></span> <span class='ocrx_word' id='word_1_690' title='bbox 1059 4293 1196 4340; x_wconf 82' lang='lat' dir='ltr'><strong>Romanum</strong></span> <span class='ocrx_word' id='word_1_691' title='bbox 1213 4288 1310 4352; x_wconf 89' lang='lat' dir='ltr'><strong>penitus</strong></span> <span class='ocrx_word' id='word_1_692' title='bbox 1329 4289 1523 4345; x_wconf 82' lang='lat' dir='ltr'><strong>contemnentes,</strong></span> <span class='ocrx_word' id='word_1_693' title='bbox 1543 4287 1654 4335; x_wconf 88' lang='lat' dir='ltr'><strong>omnium</strong></span> <span class='ocrx_word' id='word_1_694' title='bbox 1677 4285 1725 4350; x_wconf 84' lang='lat' dir='ltr'><strong>ipsi</strong></span> 
     </span>
     <span class='ocr_line' id='line_1_95' title="bbox 947 4373 1725 4443; baseline -0.003 -16"><span class='ocrx_word' id='word_1_695' title='bbox 947 4377 1206 4443; x_wconf 77' lang='lat' dir='ltr'><strong>legumlatoresatque</strong></span> <span class='ocrx_word' id='word_1_696' title='bbox 1223 4375 1334 4441; x_wconf 85' lang='lat' dir='ltr'><strong>judices,</strong></span> <span class='ocrx_word' id='word_1_697' title='bbox 1349 4374 1443 4425; x_wconf 87' lang='lat' dir='ltr'><strong>multos</strong></span> <span class='ocrx_word' id='word_1_698' title='bbox 1454 4373 1547 4423; x_wconf 79' lang='lat' dir='ltr'><strong>ciuium</strong></span> <span class='ocrx_word' id='word_1_699' title='bbox 1569 4374 1725 4435; x_wconf 88' lang='lat' dir='ltr'><strong>occidentes,</strong></span> 
     </span>
     <span class='ocr_line' id='line_1_96' title="bbox 945 4461 1727 4529; baseline -0.004 -15"><span class='ocrx_word' id='word_1_700' title='bbox 945 4465 1039 4515; x_wconf 92' lang='lat' dir='ltr'><strong>multos</strong></span> <span class='ocrx_word' id='word_1_701' title='bbox 1067 4464 1138 4516; x_wconf 89' lang='lat' dir='ltr'><strong>bonis</strong></span> <span class='ocrx_word' id='word_1_702' title='bbox 1158 4465 1250 4529; x_wconf 82' lang='lat' dir='ltr'><strong>injuste</strong></span> <span class='ocrx_word' id='word_1_703' title='bbox 1272 4467 1399 4515; x_wconf 80' lang='lat' dir='ltr'><strong>eruentes.</strong></span> <span class='ocrx_word' id='word_1_704' title='bbox 1433 4464 1467 4512; x_wconf 89' lang='lat' dir='ltr'><strong>Ut</strong></span> <span class='ocrx_word' id='word_1_705' title='bbox 1484 4461 1676 4523; x_wconf 81' lang='lat' dir='ltr'><strong>auteminjusu</strong></span> <span class='ocrx_word' id='word_1_706' title='bbox 1697 4475 1727 4512; x_wconf 91' lang='lat' dir='ltr'><strong>ac</strong></span> 
     </span>
     <span class='ocr_line' id='line_1_97' title="bbox 943 4552 1725 4626; baseline 0.004 -26"><span class='ocrx_word' id='word_1_707' title='bbox 943 4552 1037 4603; x_wconf 88' lang='lat' dir='ltr'><strong>atrocia</strong></span> <span class='ocrx_word' id='word_1_708' title='bbox 1055 4567 1140 4605; x_wconf 90' lang='lat' dir='ltr'><strong>eorum</strong></span> <span class='ocrx_word' id='word_1_709' title='bbox 1162 4558 1269 4611; x_wconf 75' lang='lat' dir='ltr'><strong>facinora</strong></span> <span class='ocrx_word' id='word_1_710' title='bbox 1291 4562 1397 4626; x_wconf 90' lang='lat' dir='ltr'><strong>speciem</strong></span> <span class='ocrx_word' id='word_1_711' title='bbox 1418 4559 1521 4626; x_wconf 77' lang='lat' dir='ltr'><strong>iustitiae</strong></span> <span class='ocrx_word' id='word_1_712' title='bbox 1540 4556 1672 4614; x_wconf 88' lang='lat' dir='ltr'><strong>haberent,</strong></span> <span class='ocrx_word' id='word_1_713' title='bbox 1694 4553 1725 4603; x_wconf 91' lang='lat' dir='ltr'><strong>de</strong></span> 
     </span>
     <span class='ocr_line' id='line_1_98' title="bbox 944 4643 1724 4718; baseline 0.005 -26"><span class='ocrx_word' id='word_1_714' title='bbox 944 4643 1049 4705; x_wconf 77' lang='lat' dir='ltr'><strong>singulis</strong></span> <span class='ocrx_word' id='word_1_715' title='bbox 1067 4647 1163 4697; x_wconf 78' lang='lat' dir='ltr'><strong>caussis</strong></span> <span class='ocrx_word' id='word_1_716' title='bbox 1176 4651 1269 4714; x_wconf 85' lang='lat' dir='ltr'><strong>judicio</strong></span> <span class='ocrx_word' id='word_1_717' title='bbox 1286 4654 1421 4704; x_wconf 82' lang='lat' dir='ltr'><strong>mustituto</strong></span> <span class='ocrx_word' id='word_1_718' title='bbox 1440 4651 1633 4718; x_wconf 70' lang='lat' dir='ltr'><strong>cognoscebant3</strong></span> <span class='ocrx_word' id='word_1_719' title='bbox 1649 4662 1724 4697; x_wconf 87' lang='lat' dir='ltr'><strong>accu-</strong></span> 
     </span>
     <span class='ocr_line' id='line_1_99' title="bbox 946 4726 1724 4795; baseline -0.009 -12"><span class='ocrx_word' id='word_1_720' title='bbox 946 4737 1043 4784; x_wconf 87' lang='lat' dir='ltr'><strong>satores</strong></span> <span class='ocrx_word' id='word_1_721' title='bbox 1063 4745 1123 4782; x_wconf 82' lang='lat' dir='ltr'><strong>rero</strong></span> <span class='ocrx_word' id='word_1_722' title='bbox 1136 4731 1167 4781; x_wconf 90' lang='lat' dir='ltr'><strong>ab</strong></span> <span class='ocrx_word' id='word_1_723' title='bbox 1179 4732 1235 4791; x_wconf 88' lang='lat' dir='ltr'><strong>ltlrs,</strong></span> <span class='ocrx_word' id='word_1_724' title='bbox 1257 4731 1348 4795; x_wconf 88' lang='lat' dir='ltr'><strong>quieis</strong></span> <span class='ocrx_word' id='word_1_725' title='bbox 1370 4728 1527 4793; x_wconf 80' lang='lat' dir='ltr'><strong>tyrannidem</strong></span> <span class='ocrx_word' id='word_1_726' title='bbox 1547 4726 1724 4788; x_wconf 86' lang='lat' dir='ltr'><strong>adstruebant,</strong></span> 
     </span>
     <span class='ocr_line' id='line_1_100' title="bbox 946 4818 1725 4882; baseline -0.006 -12"><span class='ocrx_word' id='word_1_727' title='bbox 946 4820 1161 4881; x_wconf 78' lang='lat' dir='ltr'><strong>subornabanlur3</strong></span> <span class='ocrx_word' id='word_1_728' title='bbox 1188 4822 1214 4870; x_wconf 87' lang='lat' dir='ltr'><strong>et</strong></span> <span class='ocrx_word' id='word_1_729' title='bbox 1231 4818 1326 4882; x_wconf 72' lang='lat' dir='ltr'><strong>iudicia</strong></span> <span class='ocrx_word' id='word_1_730' title='bbox 1347 4818 1495 4871; x_wconf 88' lang='lat' dir='ltr'><strong>constabant</strong></span> <span class='ocrx_word' id='word_1_731' title='bbox 1517 4830 1548 4866; x_wconf 84' lang='grc' dir='ltr'><strong>σε</strong></span> <span class='ocrx_word' id='word_1_732' title='bbox 1570 4829 1656 4867; x_wconf 90' lang='lat' dir='ltr'><strong>eorum</strong></span> <span class='ocrx_word' id='word_1_733' title='bbox 1687 4829 1725 4865; x_wconf 87' lang='lat' dir='ltr'><strong>so·</strong></span> 
     </span>
     <span class='ocr_line' id='line_1_101' title="bbox 945 4904 1725 4972; baseline -0.006 -14"><span class='ocrx_word' id='word_1_734' title='bbox 945 4908 1059 4966; x_wconf 89' lang='lat' dir='ltr'><strong>datibus,</strong></span> <span class='ocrx_word' id='word_1_735' title='bbox 1078 4907 1124 4971; x_wconf 79' lang='lat' dir='ltr'><strong>qul</strong></span> <span class='ocrx_word' id='word_1_736' title='bbox 1142 4907 1191 4958; x_wconf 87' lang='lat' dir='ltr'><strong>sibi</strong></span> <span class='ocrx_word' id='word_1_737' title='bbox 1212 4906 1318 4957; x_wconf 82' lang='lat' dir='ltr'><strong>invicem</strong></span> <span class='ocrx_word' id='word_1_738' title='bbox 1344 4908 1452 4972; x_wconf 77' lang='lat' dir='ltr'><strong>gratiam</strong></span> <span class='ocrx_word' id='word_1_739' title='bbox 1474 4904 1632 4969; x_wconf 78' lang='lat' dir='ltr'><strong>referebant,</strong></span> <span class='ocrx_word' id='word_1_740' title='bbox 1655 4917 1725 4954; x_wconf 81' lang='lat' dir='ltr'><strong>caus-</strong></span> 
     </span>
     <span class='ocr_line' id='line_1_102' title="bbox 945 4992 1724 5059; baseline -0.008 -12"><span class='ocrx_word' id='word_1_741' title='bbox 945 5010 986 5047; x_wconf 86' lang='lat' dir='ltr'><strong>sas</strong></span> <span class='ocrx_word' id='word_1_742' title='bbox 1002 4994 1139 5059; x_wconf 77' lang='lat' dir='ltr'><strong>lurgientes.</strong></span> <span class='ocrx_word' id='word_1_743' title='bbox 1172 4993 1265 5045; x_wconf 88' lang='lat' dir='ltr'><strong>ltultas</strong></span> <span class='ocrx_word' id='word_1_744' title='bbox 1283 4997 1367 5045; x_wconf 90' lang='lat' dir='ltr'><strong>autem</strong></span> <span class='ocrx_word' id='word_1_745' title='bbox 1378 5007 1488 5057; x_wconf 87' lang='lat' dir='ltr'><strong>caussas,</strong></span> <span class='ocrx_word' id='word_1_746' title='bbox 1501 5007 1591 5057; x_wconf 84' lang='lat' dir='ltr'><strong>easque</strong></span> <span class='ocrx_word' id='word_1_747' title='bbox 1606 5006 1655 5043; x_wconf 90' lang='lat' dir='ltr'><strong>non</strong></span> <span class='ocrx_word' id='word_1_748' title='bbox 1675 4992 1724 5042; x_wconf 89' lang='lat' dir='ltr'><strong>mi·</strong></span> 
     </span>
     <span class='ocr_line' id='line_1_103' title="bbox 945 5080 1724 5144; baseline -0.005 -9"><span class='ocrx_word' id='word_1_749' title='bbox 945 5083 1005 5135; x_wconf 88' lang='lat' dir='ltr'><strong>nimi</strong></span> <span class='ocrx_word' id='word_1_750' title='bbox 1026 5083 1159 5141; x_wconf 78' lang='lat' dir='ltr'><strong>ambienti,</strong></span> <span class='ocrx_word' id='word_1_751' title='bbox 1185 5081 1322 5133; x_wconf 82' lang='lat' dir='ltr'><strong>decemviri</strong></span> <span class='ocrx_word' id='word_1_752' title='bbox 1346 5094 1392 5131; x_wconf 90' lang='lat' dir='ltr'><strong>auo</strong></span> <span class='ocrx_word' id='word_1_753' title='bbox 1422 5080 1546 5132; x_wconf 89' lang='lat' dir='ltr'><strong>arbitratu</strong></span> <span class='ocrx_word' id='word_1_754' title='bbox 1568 5080 1724 5144; x_wconf 69' lang='lat' dir='ltr'><strong>iudicabant,</strong></span> 
     </span>
     <span class='ocr_line' id='line_1_104' title="bbox 945 5169 1723 5241; baseline -0.012 -14"><span class='ocrx_word' id='word_1_755' title='bbox 945 5176 1029 5241; x_wconf 87' lang='lat' dir='ltr'><strong>itaque</strong></span> <span class='ocrx_word' id='word_1_756' title='bbox 1042 5173 1146 5238; x_wconf 70' lang='lat' dir='ltr'><strong>quitari</strong></span> <span class='ocrx_word' id='word_1_757' title='bbox 1162 5186 1208 5224; x_wconf 86' lang='lat' dir='ltr'><strong>auo</strong></span> <span class='ocrx_word' id='word_1_758' title='bbox 1222 5186 1270 5222; x_wconf 94' lang='lat' dir='ltr'><strong>non</strong></span> <span class='ocrx_word' id='word_1_759' title='bbox 1286 5169 1410 5231; x_wconf 90' lang='lat' dir='ltr'><strong>lidebant,</strong></span> <span class='ocrx_word' id='word_1_760' title='bbox 1430 5171 1581 5234; x_wconf 74' lang='lat' dir='ltr'><strong>cogebantur</strong></span> <span class='ocrx_word' id='word_1_761' title='bbox 1598 5184 1626 5221; x_wconf 89' lang='lat' dir='ltr'><strong>se</strong></span> <span class='ocrx_word' id='word_1_762' title='bbox 1637 5183 1723 5221; x_wconf 89' lang='lat' dir='ltr'><strong>eorum</strong></span> 
     </span>
     <span class='ocr_line' id='line_1_105' title="bbox 946 5256 1723 5327; baseline -0.009 -14"><span class='ocrx_word' id='word_1_763' title='bbox 946 5262 1067 5313; x_wconf 84' lang='lat' dir='ltr'><strong>sodalitiis</strong></span> <span class='ocrx_word' id='word_1_764' title='bbox 1083 5260 1230 5327; x_wconf 77' lang='lat' dir='ltr'><strong>adiungere,</strong></span> <span class='ocrx_word' id='word_1_765' title='bbox 1248 5260 1309 5324; x_wconf 86' lang='lat' dir='ltr'><strong>quia</strong></span> <span class='ocrx_word' id='word_1_766' title='bbox 1330 5259 1398 5309; x_wconf 90' lang='lat' dir='ltr'><strong>nulla</strong></span> <span class='ocrx_word' id='word_1_767' title='bbox 1416 5257 1466 5308; x_wconf 84' lang='lat' dir='ltr'><strong>alla</strong></span> <span class='ocrx_word' id='word_1_768' title='bbox 1487 5256 1583 5310; x_wconf 88' lang='lat' dir='ltr'><strong>ratione</strong></span> <span class='ocrx_word' id='word_1_769' title='bbox 1604 5272 1631 5309; x_wconf 84' lang='lat' dir='ltr'><strong>se</strong></span> <span class='ocrx_word' id='word_1_770' title='bbox 1649 5271 1723 5308; x_wconf 89' lang='lat' dir='ltr'><strong>suum</strong></span> 
     </span>
    </p>
   </div>
   <div class='ocr_carea' id='block_1_11' title="bbox 0 0 1994 5936">
    <p class='ocr_par' dir='ltr' id='par_1_11' title="bbox 0 0 1994 5936">
     <span class='ocr_line' id='line_1_106' title="bbox 0 0 1994 5936; baseline 0 4"><span class='ocrx_word' id='word_1_771' title='bbox 0 0 1994 5936; x_wconf 95' lang='lat' dir='ltr'><strong> </strong></span> 
     </span>
    </p>
   </div>
  </div>
 </body>
</html>
