4068 5924
274 434 328 492 titt

270 561 313 629 τδς
338 562 569 636 συνεπιθησόμενος
593 558 736 636 Ῥωμαίοις
760 561 786 616 ἐν
811 560 848 635 τῷ
874 558 967 633 ἀγῶνι·
994 554 1040 613 καὶ

269 656 352 708 ταῦτα
366 650 487 728 πράττων
509 672 539 707 τε
574 646 619 706 καὶ
633 645 810 720 διανοούμενος
833 642 951 708 ἅπαντας
964 642 1041 700 ίλάν·

270 743 341 799 θανε.
384 736 485 801 Τύλλος
501 737 522 793 δ’
550 732 639 804 ἐπειδὴ
658 731 873 809 παρεσκευάσατο
898 729 946 794 τήν
965 729 988 786 τ’
1004 730 1040 785 oi·

270 825 342 885 κείαν
355 823 402 883 καί
417 825 464 894 ria
481 822 653 900 συμμαχικὴν
677 818 804 894 δύναμιν,
821 817 911 896 ἐξῆγεν
925 815 968 874 isti
982 812 1041 882 τοθς

226 933 239 970 ο
270 915 425 991 πολεμίους,
449 909 494 969 καί
527 907 621 975 tradi<
653 907 696 965 τδν
721 905 824 977 Ἀνίητα
850 903 987 981 ποταμὸν,
1011 905 1041 960 ού

271 1000 375 1078 μακράν
389 1003 437 1068 τῆς
460 998 581 1069 Φιδήνης
601 992 901 1072 κατεστρατοπέδευσεν.
951 989 1041 1069 Εὓρὼν

271 1089 298 1147 δὲ
315 1086 366 1166 πρὸ
388 1090 436 1156 τῆς
457 1084 561 1150 πόλεως
582 1081 706 1164 στρατιάν
731 1078 921 1157 ἐκτεταγμένην
940 1077 1041 1149 πολλὴν

270 1180 353 1237 αὐτῶν
365 1199 393 1234 τε
410 1175 563 1246 Φιδηναίων
588 1173 633 1232 καί
651 1176 702 1231 τῶν
717 1168 925 1250 συμμαχούντων
949 1167 1042 1238 αὐτοῖς,

269 1265 367 1335 ἐκείνην
387 1262 433 1340 μὲν
452 1263 500 1334 τὴν
520 1261 622 1341 ἡμέραν
646 1259 758 1339 ἡσυχίαν
779 1257 858 1337 ἔσχε,
882 1260 915 1333 τῇ
940 1257 962 1312 δ’
985 1254 1043 1323 ἑξῆς

215 1374 239 1412 to
272 1351 436 1432 Φουφέττιόν
462 1374 492 1409 τε
518 1349 757 1428 μεταπεμψάμενος
783 1345 826 1403 τὸν
853 1341 976 1403 ’,θλόανδν
996 1340 1042 1399 καί

271 1444 323 1499 τῶν
342 1440 429 1498 ἄλλων
444 1439 524 1520 φίλων
539 1435 598 1502 τοθς
612 1432 844 1513 ἀναγκαιοτάτους,
854 1430 960 1490 ἐσκόπει
982 1429 1041 1504 μετ’

269 1528 371 1589 ἐκείνων
392 1528 450 1585 τίνα
461 1526 588 1605 χρηστέον
605 1523 670 1606 [ein]
687 1526 724 1601 τῷ
738 1520 846 1600 πολέμιρ
860 1519 965 1598 τρόπον.
990 1515 1043 1576 Καὶ

271 1616 361 1687 ἐπειδὴ
376 1625 457 1675 πᾶσιν
483 1611 553 1681 ἔδοξε
577 1615 667 1690 μάχην
693 1610 808 1668 τίθεσθαι
831 1604 976 1685 διαταχέων
997 1602 1043 1663 καί

271 1704 308 1781 μὴ
327 1702 425 1784 τρίύειν
441 1701 484 1762 τδν
499 1699 606 1780 χρόνον,
629 1696 721 1778 χώραν
742 1696 788 1755 καί
804 1694 876 1762 τάξιν
892 1696 923 1764 ἣν
936 1692 1044 1758 ἕκαστος

218 1819 240 1856 tn
271 1794 378 1869 ἔμελλεν
397 1790 460 1859 ἕξειν
484 1788 633 1869 προειπὼν,
656 1786 759 1866 ἡμέραν
780 1784 801 1844 θ’
821 1784 909 1854 ὁρίσας
930 1785 976 1852 τῆς
990 1779 1043 1857 μά-

273 1905 323 1960 χης
345 1880 392 1952 τὴν
405 1878 525 1950 κατόπιν,
544 1877 645 1936 διέλυσε
659 1875 703 1935 τὸν
718 1872 853 1950 σύλλογον.
877 1936 879 1941 ,
894 1869 927 1929 Ὁ
947 1870 970 1927 δ’
984 1868 1044 1927 Ἀλ·

274 1969 351 2035 ίανθς
377 1967 551 2048 Φουφέττιος·
572 1956 604 2036 ἦν
627 1962 679 2040 γάρ
707 1962 740 2034 δὴ
764 1961 801 2020 ἔτ’
816 1961 910 2030 ἄδηλος
923 1955 969 2015 καί
991 1961 1042 2015 τῶν

277 2060 370 2115 ἑαυτοῦ
385 2055 467 2136 φίλοιν
480 2055 585 2118 πολλοῖς
605 2048 748 2131 προδοσίαν
760 2045 962 2126 μηχανώμενος·
978 2066 1042 2119 σογ-

272 2144 387 2211 καλέσας
419 2141 478 2208 τοθς
505 2136 726 2220 ἐπιφανεστάτους
757 2135 889 2194 ’alesius
912 2127 1041 2210 λοχαγούς

217 2259 243 2298 ao
273 2233 320 2290 καί
344 2229 516 2308 ταξιάρχους,
542 2229 612 2303 λέγει
640 2225 705 2305 πρὸς
729 2221 824 2287 αὐτοὺς
840 2219 939 2279 τοιάδε·
956 2245 968 2267 r
985 2214 1044 2275 Ἄν-

178 2310 184 2322 ’
275 2347 289 2375 ε
303 2321 361 2398 δρες
373 2316 509 2396 ταξίαρχοι
534 2312 581 2373 κάλ
596 2312 720 2391 λοχαγοί,
736 2309 882 2388 πράγματα
896 2302 1000 2380 μέλλων
1021 2304 1046 2367 ἐς

276 2435 289 2461 ι
303 2410 371 2483 ὑμᾶς
395 2403 498 2484 μεγάλα
518 2400 564 2460 καὶ
592 2397 768 2478 depossitus
790 2393 922 2474 ἐκφέρειν,
946 2389 963 2447 θ
983 2388 1045 2455 τέως

276 2521 288 2547 ι
302 2494 446 2575 ἔκρυπτον,
469 2490 577 2549 ἱκετεύω
591 2486 615 2546 θ’
632 2492 699 2562 ὑμᾶς
720 2483 856 2561 ἀπόρρητα
870 2478 1045 2550 ποιήσασθαι,

276 2609 289 2637 n
305 2584 329 2642 εί
343 2580 380 2657 μή
394 2603 428 2655 με
448 2578 628 2659 διεργάσεσθε,
643 2572 688 2631 καὶ
709 2572 754 2630 ε’έιν
772 2568 833 2648 δόξῃ
848 2566 973 2627 συνοίσειν
988 2569 1046 2621 ἐπι-

217 2714 243 2752 ,,
276 2672 370 2742 οτελῆ
393 2668 521 2747 γενόμενα
544 2661 722 2723 συλλαόέσθαι
744 2681 789 2736 μοι
813 2659 909 2715 αὐτῶν.
951 2651 1046 2713 Πολλά

277 2785 288 2809 ι
306 2756 353 2834 μίν
371 2746 414 2816 οδν
429 2754 515 2833 λέγειν
535 2755 549 2810 δ
570 2749 660 2829 καιρὸς
676 2750 724 2808 οὐκ
737 2745 868 2824 ἐπιτρέπει
885 2740 984 2822 βραχὺς
997 2738 1048 2814 ὢν,

278 2871 292 2900 ε
307 2846 373 2905 αθτθ
393 2843 421 2903 δέ
438 2843 471 2902 τά
486 2839 672 2918 άναγκαιότατ’
700 2838 762 2917 ἐρῶ.
804 2833 877 2910 Ἐγὼ
897 2829 983 2889 πάντα
1004 2828 1047 2887 τθν

277 2961 290 2986 ε
308 2931 403 3008 μεταξθ
410 2932 501 3012 χρόνον
511 2928 537 2997 ἐξ
544 2918 574 2987 ού
584 2924 726 3001 Ῥωμαίοις
737 2921 920 3000 ὑπετάχθημεν
932 2917 979 2983 έως
989 2921 1048 2989 τῆς·

278 3024 335 3081 «δε
358 3025 404 3092 τῆς
427 3017 528 3097 ἡμέρας
543 3013 668 3093 αἰσχύνης
692 3011 785 3088 μεστὸν
809 3010 853 3067 καὶ
874 3007 964 3080 ὀδύνης
979 3005 1048 3085 ἔχων

275 3112 346 3170 ιιτὸν
372 3111 427 3189 βίον
441 3105 618 3179 διατετέλεκα,
635 3101 722 3160 καίτοι
743 3096 861 3175 τιμηθείς
882 3098 908 3174 γ’
930 3095 982 3154 tsi
1002 3099 1048 3154 τοῦ

277 3227 291 3254 ι
306 3196 433 3278 βασιλέως
451 3196 536 3252 αὐτῶν
558 3193 591 3269 τῇ
615 3184 785 3264 αὐτοκράτορι
806 3186 892 3263 άρχῇ,
908 3182 941 3255 ἢν
963 3179 1049 3261 τρίτον

192 3336 194 3341 .
275 3314 288 3341 ο.
303 3288 358 3354 ἔτος
376 3285 428 3357 ἤδη
451 3283 519 3340 τοῦτ’
535 3279 588 3357 ἔχω
611 3276 656 3335 καὶ
674 3276 697 3333 ei
719 3269 863 3352 βουλοίμην
901 3271 959 3348 έχρι
973 3291 1044 3327 παν-

270 3373 289 3426 'o
308 3372 355 3440 τδς1
374 3371 434 3440 ἔξω.
476 3366 556 3429 Ἀλλά
579 3364 686 3422 πάντων
706 3359 850 3438 ἡγούμενος
871 3293 936 3416 έίναι
961 3358 1049 3414 κακῶν

279 3488 291 3516 ι
309 3461 420 3541 ἔσχατον
445 3460 471 3516 ἐν
486 3459 531 3515 οὐκ
545 3456 681 3532 εθτυχοθσι
699 3453 753 3516 τοῖς
769 3454 863 3513 κοινοῖς
883 3444 960 3522 μόνος
973 3445 1048 3503 airu·

220 3588 245 3627 3,
279 3557 382 3630 ιχεῖν,
410 3543 596 3622 ἐνθυμούμενος
624 3540 647 3597 δ’
667 3538 706 3597 δτι
727 3538 801 3615 παρά
820 3534 907 3593 πάντα
933 3532 966 3593 τδι
982 3553 1050 3591 νενο-

282 3636 428 3715 αμισμένα
451 3632 513 3711 παρ’
534 3629 679 3708 ἀνθρώποις
692 3626 751 3685 ὅσια
773 3624 820 3697 τὴν
841 3620 983 3702 ἡγεμονίαν
1007 3623 1050 3679 ὑπ’

279 3727 392 3784 saiada
421 3720 604 3801 ἀφῃρέθημεν,
639 3714 768 3775 ἐσκόπουν
798 3713 867 3776 ὅπως
901 3709 932 3771 δν
969 3707 1049 3779 αὐτὴν

279 3807 544 3888 «ἀνακομισάμεθα,
574 3805 705 3882 μηδεμιᾶς
739 3797 903 3879 πειραθέντες
935 3797 1051 3874 μεγάλης

279 3907 458 3983 «συμφοράς’
474 3892 586 3960 πολλοὺς
606 3891 633 3951 δὲ
653 3889 697 3949 καὶ
715 3882 898 3951 παντοδαπούς
911 3881 1050 3962 λογισμούς

219 4015 245 4052 ιο
277 4016 292 4047 ε
307 3988 465 4066 λαμύάνων,
494 3983 555 4059 μίαν
582 3980 701 4060 εύρισκον
723 3975 781 4035 δδθν
807 3975 923 4050 άγουσαν
949 3971 993 4030 ἐπί
1017 3970 1050 4029 τά

280 4106 293 4131 ι
307 4079 454 4155 πράγματα
476 4072 575 4154 ῥᾴστην
603 4092 630 4127 τε
652 4067 697 4126 καί
720 4061 939 4136 ἀκινδυνοτάτην,
964 4061 989 4117 εί
1013 4083 1051 4126 τις

281 4192 294 4218 ο
312 4167 400 4230 adroic
432 4161 562 4231 ἀνασταίη
588 4158 701 4232 πολεμος
729 4155 759 4228 ἐη
784 4153 836 4210 τῶν
860 4146 1051 4226 πλησιοχώρων

281 4253 421 4310 «πολεων.
464 4251 510 4315 Εἰς
538 4246 588 4328 γὰρ
622 4249 713 4305 τοῦτον
746 4237 930 4315 ύπελάμύανον
961 4233 1052 4303 αθτοθς

280 4335 516 4412 «καθισταμένους
535 4334 686 4411 συμμάχων
704 4327 855 4399 δεήσεσθαι,
876 4322 921 4382 καί
941 4319 1051 4401 πρόιτων

220 4440 245 4477 ⁴¹>
280 4458 293 4485 ι
309 4429 333 4504 γ’
350 4431 437 4503 ἡμῶν.
480 4424 520 4483 Τὸ
539 4422 567 4480 δὲ
587 4421 655 4498 μετὰ
672 4417 742 4478 τοῦτ’
759 4418 788 4476 οὗ
816 4415 914 4484 πολλῆς
931 4407 1050 4483 ὑπελάμ-

279 4519 384 4578 εθανον
405 4514 465 4591 ὑμῖν
486 4512 594 4587 διδαχῆς
618 4506 740 4576 δεήσειν,
760 4502 801 4560 ότι
822 4498 929 4559 κάλλιόν
956 4520 984 4556 τε
1006 4494 1049 4553 καί

281 4634 293 4660 ι
309 4604 470 4678 δικαιότερον
488 4597 550 4676 περὶ
565 4600 612 4666 τῆς
624 4598 700 4671 ἡμῶν
725 4594 810 4651 αὐτῶν
826 4586 969 4665 ἐλευθερίας
984 4584 1052 4658 μᾶλ·

220 3164 246 3203 iiii

282 4718 297 4749 u
313 4696 376 4769 λον,
396 4689 412 4760 ἢ
429 4687 548 4769 περὶτῆς
571 4680 712 4759 Ῥωμαίων
726 4675 864 4755 ἡγεμονίας
893 4670 1051 4742 ποιήσασθαι
1107 4702 1119 4726 a

280 4809 293 4836 ι
308 4779 353 4839 τδν
365 4780 464 4856 ἀγῶνα.
506 4777 598 4834 Ταῦτα
610 4771 642 4842 δὴ
655 4765 796 4838 διανοηθεὶς
809 4762 973 4838 θπενόμευσα
983 4755 1051 4817 Ῥω·
1107 4808 1120 4833 a

220 4899 246 4935 ω
281 4866 394 4945 «μαίοις
405 4864 520 4941 πόλεμον
544 4862 573 4919 ἐκ
595 4863 647 4918 τῶν
668 4853 807 4925 ὑπηκόων,
823 4843 994 4911 Οὐθεντανοθς
1007 4842 1052 4901 καί

283 4986 294 5008 r
310 4954 469 5029 Φιδηναίους
487 4951 581 5017 πείσας
598 4948 642 5009 ἐπὶ
663 4947 695 5006 sd
715 4943 785 5001 ὅπλα
805 4947 918 5020 χωρεῖν,
933 4937 968 5000 ὣς
985 4933 1051 4993 συλ·

281 5072 292 5097 r
307 5046 454 5125 ληψόμενος
470 5044 555 5105 αὐτοῖς
569 5042 615 5096 τοῦ
630 5032 756 5109 πολέμου.
798 5028 853 5089 Καὶ
867 5025 947 5103 μέχρι
961 5018 1052 5080 τούτου

281 5160 293 5188 ι
307 5134 407 5205 λέληθα
417 5128 568 5206 Ῥωμαίους
590 5129 673 5184 ταῦτα
687 5119 812 5200 πράττων
836 5113 881 5172 καί
895 5106 1052 5187 ταμιευόμε·
1108 5122 1120 5147 u

281 5252 293 5275 a
308 5245 349 5290 νος
373 5221 482 5297 ἐμαυτῷ
494 5218 538 5276 τδν
552 5219 598 5286 τῆς
613 5208 750 5272 ἐπιθέσεως
772 5202 878 5281 καιρόν·
892 5202 919 5258 ἐν
940 5188 962 5277 ᾧ
989 5192 1052 5253 σκέ·

786 424 952 485 elusisti
971 424 1345 485 Hntlcnunassuusls

1096 584 1139 622 nes
1152 573 1178 622 et
1190 571 1353 621 mnsdiaeius
1364 571 1476 621 omnibus
1489 572 1669 622 erantoccnlta.
1701 572 1786 622 Tullus
1796 585 1867 631 vero,

1095 673 1226 735 postquam
1237 672 1383 722 domesticae
1395 674 1420 721 ct
1432 671 1561 721 auxiliares
1570 669 1651 734 copias
1663 669 1766 733 maurit,
1779 670 1869 722 eduxst

1095 778 1138 816 eas
1151 769 1236 818 contra
1255 766 1347 829 bootes,
1367 768 1393 816 et
1409 765 1511 816 traiecto
1532 766 1624 815 Aniene
1638 763 1714 814 llurio
1730 777 1806 829 prope
1823 766 1867 814 Fi-

1095 859 1171 912 denas
1180 865 1260 913 castra
1274 864 1362 926 posuit.
1396 865 1551 912 cumatilem
1563 865 1619 911 ante
1629 860 1714 911 urbem
1726 859 1870 911 ostendisset

1096 974 1210 1024 rriaguum
1222 960 1328 1011 bostium
1341 961 1474 1011 exereitum
1492 960 1649 1021 instructum,
1675 972 1732 1009 eum
1755 958 1869 1023 ipsorum

1096 1056 1248 1108 Fidenatium
1262 1059 1316 1107 turu
1327 1057 1466 1115 sociorum,
1480 1056 1522 1104 illo
1533 1053 1633 1118 quidem
1650 1054 1690 1105 die
1705 1056 1800 1119 quievit
1816 1073 1823 1104 ι
1838 1060 1867 1105 at

1097 1151 1221 1215 sequenti,
1234 1151 1353 1201 accendis
1373 1150 1478 1200 Fidletio
1489 1149 1581 1199 Albam
1598 1152 1625 1199 et
1643 1148 1731 1199 ceteris
1746 1147 1872 1212 pniuariis

1097 1249 1194 1309 amicis,
1210 1262 1266 1298 erim
1292 1247 1339 1297 illis
1361 1247 1517 1298 consultabat
1537 1258 1651 1310 quanam
1667 1243 1730 1294 ratio
1750 1243 1807 1294 belii
1823 1256 1868 1307 ge·

1097 1347 1166 1398 rendi
1179 1349 1246 1396 esset
1259 1345 1394 1408 sequenda.
1408 1346 1439 1394 Et
1457 1357 1514 1393 curn
1532 1354 1617 1393 ornares
1629 1340 1781 1390 censuissent
1793 1352 1870 1402 quam

1097 1443 1221 1494 celerrirne
1234 1439 1411 1505 mnilipendum
1431 1452 1477 1489 racc
1494 1440 1592 1502 tempus
1614 1436 1757 1495 terendum,
1774 1434 1829 1485 loco
1841 1439 1868 1485 et

1098 1540 1184 1591 ordine
1199 1553 1273 1604 qrrem
1292 1538 1461 1602 unusquisque
1478 1539 1544 1586 emet
1559 1533 1690 1584 habiturus
1705 1531 1830 1596 ‹lesignato
1843 1537 1870 1583 et

1099 1637 1210 1700 sequenti
1222 1635 1262 1685 die
1277 1635 1309 1683 ad
1327 1633 1441 1697 paralium
1466 1629 1602 1701 destinato,
1623 1626 1751 1677 manlium
1765 1625 1868 1677 dimisit.

1098 1733 1220 1783 Falletius
1238 1743 1296 1780 vero
1315 1727 1421 1778 Albanius
1441 1725 1564 1787 (nondum
1581 1724 1645 1774 eninr
1669 1721 1792 1786 plerisque
1815 1720 1870 1771 suis

1099 1826 1184 1878 amicis
1195 1823 1355 1890 proditionem
1370 1834 1445 1886 quarn
1462 1819 1610 1870 moliebatur
1627 1817 1792 1882 patefecerat)
1812 1828 1871 1865 con·

1100 1922 1194 1973 rocam
1213 1920 1344 1985 praecipuis
1359 1916 1507 1967 Albanorum
1521 1911 1703 1964 centurionibus
1716 1914 1742 1961 et
1757 1911 1869 1970 tribunis,

1098 2018 1152 2068 irasc
1176 2015 1206 2065 ad
1228 2028 1270 2064 eos
1295 2013 1367 2063 serm
1395 2010 1462 2060 tecit.
1486 2027 1499 2052 α
1527 2005 1628 2058 Tribuni
1651 2010 1677 2055 et
1701 2004 1870 2065 centuriones,

1098 2133 1111 2159 ε
1128 2126 1168 2163 ros
1188 2122 1288 2173 magnas
1310 2122 1339 2160 er
1360 2106 1493 2171 irnproriso
1514 2106 1583 2155 vobis
1606 2102 1656 2153 inm
1685 2101 1870 2163 declaraturus,

1098 2229 1111 2252 ι
1128 2221 1190 2271 quas
1210 2206 1329 2256 hactenus
1352 2202 1488 2261 oscultavi,
1508 2214 1553 2251 vos
1574 2199 1676 2264 supplex
1700 2211 1761 2257 oro,
1783 2201 1811 2247 ut
1826 2210 1872 2248 eas

1100 2328 1112 2351 ι
1129 2307 1229 2357 nisime
1242 2304 1343 2368 perdere
1365 2302 1439 2352 ruitis
1452 2302 1549 2351 edentia
1571 2299 1666 2363 tegatis,
1688 2301 1762 2360 atque
1783 2296 1804 2343 si
1828 2308 1872 2345 cas

1100 2424 1113 2450 ο
1130 2399 1162 2453 ad
1177 2402 1251 2452 linem
1267 2400 1400 2463 perductas
1422 2396 1492 2446 vobis
1514 2396 1656 2459 protuleras
1673 2392 1765 2456 putatis
1787 2403 1825 2441 me
1844 2391 1871 2439 in

1100 2521 1112 2544 a
1127 2499 1164 2549 eis
1184 2494 1326 2561 peragendis
1346 2491 1476 2543 adoretis.
1509 2491 1586 2540 llriita
1606 2491 1691 2538 autem
1705 2487 1809 2536 rerbaa
1830 2497 1871 2534 rue

1100 2615 1113 2639 «ι
1131 2595 1184 2646 ueri
1196 2592 1314 2657 temporis
1329 2589 1448 2654 augustiae
1463 2600 1511 2637 non
1526 2586 1666 2651 patiuntur,
1693 2583 1737 2634 sed
1747 2596 1803 2645 qnae
1815 2595 1870 2631 ma-

1101 2712 1114 2736 «
1130 2692 1196 2743 κὶνιο
1217 2692 1274 2739 sunt
1291 2685 1427 2738 trecennis
1440 2684 1510 2733 viabis
1529 2682 1618 2732 dicam.
1662 2683 1712 2743 ligo
1729 2692 1772 2744 per
1787 2683 1869 2730 totum

1104 2806 1117 2829 ι
1135 2783 1195 2835 iliad
1208 2785 1306 2846 tempus
1329 2793 1362 2831 ex
1375 2792 1426 2842 qno
1447 2777 1473 2827 in
1493 2780 1640 2841 potestatem
1658 2776 1821 2824 Rornanorum
1835 2787 1875 2823 re·

1103 2903 1115 2926 a
1133 2880 1200 2931 (laeti
1219 2890 1306 2929 snmus
1328 2874 1361 2926 ad
1382 2875 1447 2924 launo
1466 2886 1546 2936 usipus
1564 2871 1631 2920 dem
1654 2871 1772 2935 perpetuo
1796 2869 1873 2918 sitam

1104 2998 1118 3027 ι
1135 2975 1262 3029 dedecoris
1282 2977 1308 3024 et
1321 2971 1413 3023 doloris
1426 2969 1522 3034 plenam
1535 2967 1657 3031 transegi,
1675 2967 1731 3016 licet
1744 2965 1775 3015 ab
1786 2977 1872 3014 eorum

1103 3098 1115 3122 a
1133 3089 1190 3139 rege
1200 3073 1323 3124 dictatura
1335 3070 1383 3120 sim
1396 3068 1538 3128 honoratus,
1554 3078 1629 3127 quam
1649 3064 1750 3114 tertium
1761 3063 1810 3112 mm
1822 3073 1869 3110 an-

1105 3210 1117 3233 «
1132 3202 1193 3238 num
1205 3187 1278 3236 teneo
1291 3185 1331 3237 et,
1346 3181 1368 3231 si
1384 3180 1473 3238 velim,
1495 3178 1521 3227 in
1536 3180 1682 3241 perpetuum
1696 3173 1792 3224 tenebo.
1826 3173 1874 3222 Sed

1105 3315 1118 3339 a
1135 3289 1314 3358 quiaorunium
1334 3285 1455 3336 malornm
1475 3284 1523 3332 boe
1544 3294 1667 3331 sarnanum
1688 3278 1817 3341 ducebam,
1834 3289 1874 3326 mo

1111 3412 1123 3436 a
1139 3390 1219 3442 solnm
1232 3387 1259 3437 in
1271 3383 1368 3450 publica
1379 3373 1516 3431 calamitate
1528 3376 1622 3426 felicem
1635 3388 1690 3426 esse
1702 3392 1709 3423 ι
1719 3378 1744 3424 et
1752 3374 1809 3436 quia
1821 3385 1874 3421 me-

1105 3508 1118 3534 ι
1134 3499 1191 3538 eum
1207 3484 1259 3549 ipse
1273 3477 1417 3544 reputabam
1433 3487 1479 3524 nos
1499 3475 1589 3537 praeter
1605 3470 1687 3520 omnia
1700 3468 1874 3519 humanaiura

1105 3607 1117 3632 a
1135 3585 1255 3637 etcantra
1268 3581 1306 3631 ias
1321 3575 1423 3642 imperio
1441 3574 1471 3625 ab
1490 3572 1539 3623 illis
1558 3569 1676 3635 spoliatos
1687 3581 1750 3629 esso,
1765 3567 1874 3631 rapui-e

1106 3700 1118 3724 α
1136 3679 1199 3742 ciapi
1213 3690 1262 3740 qua
1279 3675 1373 3725 rabone
1385 3670 1514 3735 imperium
1532 3666 1585 3716 sine
1599 3664 1668 3729 gravi
1680 3662 1757 3713 dadis
1770 3662 1875 3713 alicuius

1109 3799 1122 3823 u
1140 3772 1248 3841 periculo
1260 3780 1388 3835 possemus
1403 3775 1555 3828 rcauperare.
1589 3762 1647 3813 Post
1662 3759 1753 3810 minitas
1764 3755 1837 3821 igitur
1848 3758 1876 3807 et

1106 3906 1119 3929 ι
1136 3862 1216 3934 nerim
1244 3875 1440 3931 ratiocinationes
1464 3885 1479 3921 a
1509 3883 1548 3921 me
1568 3867 1642 3918 initas
1669 3864 1776 3928 cornperi
1798 3875 1875 3913 unam

1105 4003 1118 4028 a
1135 3980 1213 4033 soum
1234 3977 1299 4027 rum
1317 3971 1456 4023 iaedbrnam
1473 3971 1498 4019 et
1516 3964 1583 4017 omni
1606 3962 1711 4028 periculo
1735 3963 1873 4009 racmtem.

1107 4108 1121 4135 ι
1136 4083 1261 4139 ecdicetsi
1279 4094 1310 4131 en
1329 4076 1440 4129 finitimis
1453 4070 1595 4147 civitatibus
1612 4067 1703 4119 bellurn
1722 4068 1807 4114 contm
1824 4065 1876 4113 llo·

1106 4214 1119 4239 ι
1135 4204 1222 4243 manos
1240 4187 1373 4239 exoriatur.
1408 4183 1436 4230 lu
1445 4179 1492 4229 hoc
1503 4177 1567 4228 enim
1577 4174 1641 4226 netto
1653 4172 1699 4222 illis
1711 4175 1736 4221 et
1751 4170 1877 4219 sociorum

1106 4312 1119 4337 a
1136 4289 1226 4341 auxilio
1246 4291 1270 4335 et
1284 4282 1406 4347 praecipue
1417 4279 1499 4326 runica
1518 4286 1593 4337 opera
1612 4283 1676 4335 opus
1696 4268 1747 4317 lore
1771 4267 1875 4317 arbitra·

1107 4410 1118 4433 ο
1137 4388 1188 4437 bar.
1221 4385 1337 4432 Celerum
1356 4373 1467 4426 existimo
1487 4383 1535 4420 nain
1556 4365 1687 4432 prolixiore
1701 4362 1810 4413 oratioue
1830 4375 1876 4410 ros

1105 4506 1119 4531 ι
1135 4482 1270 4540 docendos,
1288 4472 1412 4525 honestius
1431 4473 1457 4522 nt
1470 4467 1558 4518 iustius
1570 4477 1626 4515 esse
1646 4475 1691 4525 pro
1710 4464 1794 4509 nostra
1812 4460 1877 4521 ipso·

1106 4604 1118 4628 a
1135 4593 1192 4632 rum
1204 4577 1318 4628 libertate
1337 4582 1411 4634 quam
1431 4581 1475 4633 pro
1509 4567 1673 4615 Romanorum
1695 4554 1798 4620 imperio
1821 4566 1877 4603 oer-

1135 4684 1196 4731 tare.
1227 4678 1287 4725 linc
1311 4670 1391 4721 animo
1411 4665 1521 4730 cogitans
1544 4655 1700 4711 clandestinis
1725 4653 1787 4703 rucis
1811 4650 1876 4700 arti·

1136 4787 1182 4836 bns
1202 4778 1293 4830 bellurn
1307 4771 1459 4824 subditorum
1485 4767 1570 4815 contra
1592 4764 1714 4811 Romanos
1736 4753 1875 4805 suscitari:

1107 4907 1120 4931 a
1137 4896 1194 4933 narn
1207 4876 1316 4945 persuasi
1332 4866 1474 4922 Veientibus
1485 4868 1511 4915 et
1527 4858 1684 4912 Fidenatibus
1696 4857 1725 4905 ut
1745 4864 1813 4902 arma
1830 4862 1876 4900 ca·

1108 5014 1120 5037 a
1139 4991 1239 5059 pereat,
1261 4979 1384 5049 pollicitus
1414 4987 1455 5023 nie
1477 4969 1536 5034 ipsis
1562 4964 1617 5015 belli
1639 4960 1733 5010 socium
1755 4957 1877 5007 laturum.

1136 5102 1168 5151 llt
1179 5096 1308 5155 bucusque
1319 5086 1420 5136 conatus
1432 5077 1479 5128 inei
1489 5066 1751 5126 enumericensium,
1764 5059 1878 5123 miliique

1108 5187 1262 5243 «marari
1287 5185 1365 5249 ipsam
1387 5174 1503 5256 temporis
1527 5165 1745 5234 opportunitatem,
1771 5170 1879 5222 quados
