4034 5922
774 415 943 478 DlONYSii
965 417 1346 479 HAttcAnnASSEnsls

252 546 372 619 σημανῶ.
413 541 546 622 Δάρδανος
562 544 651 616 ἐπειδὴ
673 546 781 623 Χρύσην
797 546 845 619 τὴν
864 546 1020 617 Πάλλαντος

252 630 398 711 θυγατέρα,
416 631 442 700 ii
462 624 494 703 ἧς
513 635 537 690 οἰ
559 634 680 713 πρότεροι
694 636 785 702 παῖδες
800 636 912 712 ἐγένοντ’
929 641 1020 719 αύτῷ,

253 718 377 779 συνίπεσε
398 722 567 792 τελευτῆσαι,
591 722 711 783 Βατίειαν
734 728 817 802 γαμεῖ
835 725 881 796 τὴν
898 724 1020 806 Τεύκρου

253 808 399 889 θυγατίρα·
424 807 471 867 καί
492 811 591 886 γίνεται
613 814 675 877 παῖς
699 815 769 888 αὐτῷ
793 811 972 893 Ἐριχθόνιος,
995 814 1022 881 ὃς

212 921 226 957 s
254 899 377 957 ἀπάντων
390 895 532 975 ἀνθρώπων
543 896 775 971 εὐδαιμονέστατος
786 900 890 979 λέγεται
903 901 1022 979 γενέσθαι

254 990 300 1057 τῆς
313 1009 342 1045 τε
363 983 487 1065 πατρῴας
502 983 547 1042 καί
562 989 609 1055 τῆς
630 984 680 1044 ὑπὸ
697 990 734 1066 τῷ
753 989 933 1067 μητροπάτορι
952 1012 1024 1067 γενο·

253 1074 331 1152 μίνης
341 1072 538 1153 κληρονομήσας
550 1074 641 1152 ἀρχῆς.
684 1073 846 1154 Ἐριχθονίου
858 1077 939 1136 δὲκαὶ
951 1081 1024 1137 Καλ-

253 1164 341 1241 λιρόης
355 1167 402 1233 τῆς
423 1158 599 1239 Σκαμάνδρου
620 1161 722 1238 γίνεται
742 1161 833 1241 Τρὼς,
856 1166 901 1242 ἀρ’
927 1157 957 1223 οῦ
976 1165 1023 1237 τῆν

254 1247 402 1323 ἐπωνυμίαν
417 1248 446 1305 τὸ
463 1248 532 1315 ἔθνος
549 1247 615 1327 ἔχει.
658 1251 684 1309 Τ
687 1248 750 1329 posi<
765 1249 792 1308 δὲ
808 1252 853 1310 καί
867 1249 1023 1332 Ἀκαλλαρί·

201 1361 227 1399 ιο
254 1339 295 1402 δος
319 1342 365 1406 τῆς
388 1335 525 1413 Εὐμήδους
562 1335 720 1417 ’Λσσάρακος
741 1328 787 1409 ἦν·
814 1336 906 1396 τούτου
930 1339 956 1396 ἀί
978 1338 1022 1397 καί

253 1425 426 1504 Κλυτοδώρας
439 1427 486 1495 τῆς
496 1424 676 1499 Λαομέδοντος
691 1424 796 1491 Κάπυς·
814 1424 922 1493 Κάπυος
936 1426 963 1484 δί
978 1426 1023 1484 καί

252 1514 353 1592 νύμρης
373 1512 486 1579 Ναϊάδος
505 1510 679 1590 Ἱερομνήμης
703 1512 842 1592 Ἀγχίσης·
859 1513 980 1593 Ἀγχίσου
996 1513 1022 1573 δὲ

252 1600 297 1658 καί
310 1598 461 1681 ’Λρροδίτης
474 1598 589 1664 Λίνείας.
631 1598 680 1664 Ὡς
693 1597 739 1674 μὲν
752 1598 783 1669 δή
797 1599 842 1657 καί
855 1599 885 1658 τὸ
900 1601 1021 1681 Τρωϊκὸν

252 1694 323 1765 γένος
337 1686 490 1757 Ἑλληνικὸν
505 1688 618 1764 ἀρχῆθεν
638 1677 669 1756 ῆν
686 1686 830 1756 δεδήλωταί
844 1710 899 1762 μοι.

202 1794 226 1835 ιτ
296 1773 401 1835 LXlil.
428 1773 493 1853 Πιρί
514 1775 540 1831 δὲ
562 1779 613 1831 τῶν
637 1772 739 1852 χρόνων
758 1777 783 1831 ἐν
807 1764 843 1840 oi:
869 1775 974 1848 ἐκτίσθη
995 1774 1024 1834 τθ

253 1857 390 1921 Λαουίνιον
403 1861 477 1919 ἄλλοι
489 1860 536 1936 μίν
549 1860 635 1926 άλλως
650 1858 783 1936 λέγουσιν·
798 1862 856 1935 ἐμοὶ
873 1861 962 1936 μέντοι
977 1864 1022 1921 δο-

253 1955 341 2008 κοῦσιν
354 1950 378 2008 οἰ
391 1950 502 2028 δευτέρῳ
515 1946 582 2025 μετὰ
597 1948 645 2020 τὴν
658 1947 743 2016 ἔξοδον
756 1948 804 2018 τὴν
815 1951 845 2007 ἐκ
858 1951 956 2028 Τροίας
971 1949 1023 2008 ἔτει

253 2040 371 2120 ρι’ροντες
388 2036 469 2108 αὐτὴν
482 2035 568 2095 εἰκότα
594 2037 693 2113 μᾶλλον
706 2036 801 2113 λέγειν.
823 2034 904 2096 ’ἰλιον
916 2040 962 2114 μὲν
973 2038 1024 2116 γάρ

252 2125 310 2196 ἥλω
321 2126 491 2191 τελευτῶντος
504 2123 555 2197 ήδη
572 2129 616 2183 τοῦ
627 2122 730 2203 θίρους,
744 2123 920 2183 ἑπτακαίδεκα
932 2124 1022 2205 πρότε-

201 2234 227 2271 οο
253 2235 296 2293 ρον
310 2212 419 2292 ήμίρσις
435 2217 484 2284 τῆς
493 2216 593 2293 θερινῆς
606 2216 720 2291 τροπῆς,
737 2212 815 2291 ὀγδόη
827 2212 957 2290 φθίνοντος
970 2236 1025 2290 μη-

252 2301 294 2369 νὸς
307 2303 513 2379 θαργηλιῶνος,
527 2303 561 2369 ὣς
578 2298 707 2373 Ἀθηναῖοι
720 2299 777 2367 τοὺς
796 2299 905 2380 χρόνους
919 2301 1020 2379 ἄγουσι.

254 2389 380 2467 Περιτταί
394 2390 416 2446 δ’
431 2380 498 2460 ἦσαν
510 2388 589 2448 αίτθν
605 2387 721 2446 ίνιαυτδν
730 2387 741 2466 [
750 2390 864 2466 ἐκεῖνον]
881 2390 1026 2468 ἐκπληροῦ-

253 2476 428 2554 eneretricis
439 2475 539 2557 τροπὴν
552 2475 646 2536 εἰκοσιν
659 2474 766 2554 ἡμάραι.
791 2476 837 2536 Ἔν
851 2478 883 2546 δὴ
895 2486 951 2544 ταῖς
959 2477 1024 2535 ἑπτά

254 2564 299 2623 καί
318 2562 447 2642 τριάκονθ’
467 2562 577 2641 ήμίραις
588 2571 644 2630 ταῖς
664 2564 716 2621 ἀπὸ
732 2568 779 2631 τῆς
793 2564 914 2629 ἁλώσεως
929 2566 1023 2641 διαγε-

200 2678 227 2715 ει
255 2648 374 2726 νομέναις
387 2650 420 2707 τά
441 2674 470 2709 τε
485 2651 545 2729 πιρί
567 2649 615 2721 τήν
636 2650 712 2708 πόλιν
734 2649 823 2725 οἴομαι
842 2649 1023 2721 διοικήσασθαι

253 2739 313 2807 τοὺς
321 2737 440 2817 ’Λχαιοθς
451 2738 497 2796 καί
508 2738 553 2804 τάς
565 2736 706 2818 πρεσόείας
718 2736 883 2805 ἐπιδέξασθαι
893 2737 941 2803 τάς
950 2737 1024 2816 παρδι

253 2831 304 2885 τῶν
319 2823 507 2906 ἀφεστηκότων
519 2825 565 2884 καί
581 2823 615 2882 τά
626 2824 701 2901 ὅρκια
715 2824 875 2894 ποιήσασθαι
889 2825 954 2902 πρὸς
974 2826 1022 2881 σύ-

252 2915 309 2982 τούς
318 2938 325 2951 ·
334 2916 372 2993 τῷ
383 2913 405 2971 δ’
417 2914 475 2985 ίξῆς
484 2912 552 2984 iren,
566 2912 662 2993 πρώτῳ
675 2912 702 2973 δὲ
714 2911 780 2989 μετὰ
791 2911 838 2983 τὴν
850 2911 960 2984 ἅλωσιν,
973 2912 1024 2972 ὑπὸ

253 3002 301 3073 τὴν
315 3000 498 3080 μετοπωρινὴν
511 3000 650 3078 ἰσημερίαν
665 3000 774 3079 ἄραντες
787 3002 811 3060 ci
824 3002 915 3077 Τρῶες
933 3003 963 3059 ἐκ
976 3003 1024 3068 τῆς

200 3118 226 3155 ,n
253 3093 299 3166 γῆς
316 3093 485 3168 περαιοῦνται
500 3088 542 3145 τὸν
556 3086 772 3161 Ἑλλήσποντον,
786 3088 832 3146 καί
850 3088 1024 3166 καταχθέντες

254 3181 289 3243 εἰς
310 3176 358 3247 τήν
373 3174 501 3257 Θράκην,
522 3178 600 3234 αὐτοῦ
624 3174 787 3254 διατρίύουσι
806 3176 852 3243 τὴν
873 3175 1024 3254 χειμερινήν

253 3263 334 3344 ῶραν,
346 3261 483 3341 δεχόμενοί
494 3286 522 3321 τε
534 3261 592 3329 τοὺς
605 3262 781 3330 ἐπισυνιόντας
791 3264 820 3322 ἐκ
830 3268 878 3336 τῆς
889 3267 970 3343 φυγῆς
980 3264 1025 3321 καὶ

253 3350 511 3428 παρασκευαζόμενοι
524 3349 558 3408 τὰ
573 3351 607 3415 εἰς
621 3348 665 3409 τδν
681 3349 826 3412 ἀπόπλουν.
869 3351 921 3413 Ἐκ
937 3351 964 3410 δί
978 3355 1025 3418 τῆς

253 3437 364 3517 Θρᾴκης
378 3436 535 3505 ἀναστάντες
547 3437 621 3518 ἔαρος
636 3440 783 3518 ἀρχομένου
797 3441 900 3498 τελοῦσι
912 3440 956 3498 τὸν
973 3462 1024 3516 με·

200 3553 227 3591 σε
253 3524 316 3593 ταξίι
333 3528 415 3583 πλοῦν
429 3526 492 3604 άχρι
514 3526 651 3592 Σικελίας·
666 3529 719 3584 ἐκεῖ
735 3525 757 3583 δ’
772 3526 956 3604 ὁρμισαμένοις
974 3527 1022 3582 αὖ·

254 3623 307 3681 τοῖς
316 3614 346 3672 τὸ
358 3611 414 3679 ἔτος
428 3617 504 3672 τοῦτο
517 3616 636 3694 τελευτᾷ,
647 3615 691 3671 καὶ
707 3610 867 3693 διατρίῦουσι
880 3614 924 3671 τὸν
940 3612 1025 3672 δεύτε-

256 3727 297 3784 ρον
323 3708 441 3783 χειμῶνα
464 3702 510 3769 τθις
530 3703 619 3770 πόλεις
633 3703 816 3771 συνοικίζοντες
835 3713 886 3769 τοῖς
901 3702 1025 3780 ’ἰίλύμοις

254 3794 280 3849 ἰν
291 3791 411 3870 Σικελίᾳ,
455 3788 575 3863 πλοΐμων
591 3788 619 3847 δὲ
631 3786 777 3865 γενομένων
791 3791 898 3869 άραντες
913 3791 966 3849 ἀπὸ
978 3796 1025 3861 τῆς

254 3881 333 3953 νήσου
348 3883 447 3959 περῶσι
458 3879 487 3938 τὸ
501 3877 664 3960 Τυρρηνικὸν
679 3878 792 3956 πίλαγος
803 3923 812 3954 ,
825 3880 870 3936 καί
884 3881 1023 3937 τελευτῶν-

198 3990 227 4030 eo
253 3991 293 4034 τες
307 3970 342 4034 εἰς
357 3966 491 4046 Λωρεντόν
507 3968 675 4047 ἀφικνοῦνται
691 3965 734 4024 τὸν
749 3964 920 4046 ’Λῦοριγίνων
934 3968 1024 4046 αἰγια·

257 4054 301 4112 tin
317 4053 447 4130 μεσούσης
463 4056 574 4134 θερείας.
618 4052 750 4119 Λαύόντες
764 4050 791 4111 δὲ
804 4052 834 4111 τὸ
850 4054 946 4133 χωρίον
959 4054 1024 4112 οἰκί-

252 4146 341 4209 ζουσιν
355 4144 381 4200 ἰν
394 4143 465 4222 αύτῷ
477 4141 632 4217 Λαουίνιον,
645 4142 689 4201 τὸν
703 4141 821 4221 δεύτερον
834 4141 888 4200 ἀπὸ
900 4145 946 4212 τῆς
957 4141 1025 4200 ἀλῶ·

254 4251 318 4295 σειος
332 4229 547 4307 ἐκπληρώσαντες
561 4231 685 4289 ἐνιαυτόν.
728 4230 782 4288 Καὶ
796 4229 855 4310 περί
867 4229 914 4305 μὲν
925 4231 1024 4289 τούτων

181 4352 187 4367 ·
251 4319 286 4385 ῶς
299 4314 352 4396 ίχω
365 4314 439 4387 δόξης
448 4317 593 4388 δεδήλωταί
607 4342 663 4394 μοι.

200 4409 231 4467 ιε’
291 4404 393 4466 LXIV.
406 4403 512 4469 Αἰνείας
531 4404 557 4462 δί
574 4406 772 4470 κατασκευάσας
789 4406 866 4485 ἱεροῖς
876 4429 903 4465 τε
917 4407 961 4465 καί
972 4407 1024 4473 τοῖς

252 4494 338 4559 σίλλοις
352 4493 459 4565 κόσμοις
473 4491 648 4571 ἀποχρώντως
660 4494 707 4564 τὴν
721 4494 797 4553 πόλιν
805 4540 814 4569 ,
829 4485 866 4553 ιῦν
878 4494 912 4553 τδι
924 4494 1025 4553 πλεῖστ’

252 4581 291 4638 ἔτι
314 4582 359 4639 καὶ
386 4582 421 4645 εἰς
443 4579 489 4651 ἰμί
513 4570 560 4653 ήν,
587 4584 624 4660 τῷ
644 4582 690 4655 μίν
712 4582 769 4654 ἑξῆς
791 4585 916 4662 ἐνιαυτῷ,
944 4585 1024 4662 τρίτῳ

252 4668 274 4724 δ’
295 4668 347 4725 ἀπὸ
363 4671 409 4739 τῆς
429 4666 533 4739 ἐξόδου,
557 4667 657 4746 Τρώιον
685 4669 838 4730 ἀύασίλευσε
871 4669 971 4744 μόνων·
987 4672 1024 4748 τῷ

252 4753 279 4813 δὲ
300 4754 415 4835 τετάρτῳ
436 4753 638 4826 τελευτήσαντος
658 4757 770 4816 Λατίνου
789 4759 835 4817 καί
856 4756 905 4828 τήν
927 4756 1024 4816 ἐκείνου

199 4864 227 4903 sn
252 4841 387 4920 βασιλείαν
405 4843 628 4923 παραλαμῦάνει,
642 4846 689 4913 τῆς
702 4867 730 4901 τε
755 4847 862 4916 κηδείας
883 4844 1024 4916 οἰκειότητι

250 4936 296 5002 τῆς
321 4932 384 5009 πρὸς
404 4931 499 5007 αὖτὀν,
524 4931 665 5010 ἐπικλήρου
691 4934 736 5000 τῆς
761 4932 867 4999 Λαύνας
885 4933 1025 5009 γενομίνης

251 5016 318 5093 μετὰ
331 5017 375 5075 τδν
390 5017 505 5078 Λατίνου
520 5020 648 5091 θάνατον,
664 5018 709 5077 καί
722 5024 768 5078 τοῦ
783 5020 846 5097 πρὸς
867 5019 926 5087 τοὺς
943 5021 1024 5079 ἄστυ·

250 5101 366 5181 γείτονας
385 5106 501 5178 πολέμου
521 5110 567 5178 τῆς
590 5105 748 5186 στρατηγίας
769 5106 854 5168 ἕνεκα.
895 5107 1023 5180 ’Λπίστηι

1076 559 1205 610 Dardanus
1224 562 1281 623 post
1298 559 1392 609 obitum
1413 560 1519 622 Chryses
1536 560 1652 611 Pallantis
1670 560 1740 621 titire,
1754 572 1787 611 en
1803 575 1852 625 que

1075 664 1168 727 primos
1190 663 1279 714 liberos
1300 667 1461 725 susceperat,
1476 661 1572 713 Batiam
1585 663 1675 714 'leucri
1691 664 1765 714 titium
1782 664 1852 715 duxit

1076 782 1178 819 uxorem
1191 787 1197 817 ι
1209 769 1280 833 eique
1289 781 1322 818 ex
1331 771 1384 818 isto
1398 770 1471 817 natus
1485 752 1524 816 est
1537 766 1601 816 ilius
1613 765 1852 831 Erichthonius,qui

1077 872 1185 920 omnium
1199 869 1338 920 modalium
1354 867 1565 919 fortunatissimus
1584 868 1660 918 inisse
1675 867 1763 932 iertur,
1785 870 1853 934 quod

1076 976 1102 1024 et
1113 973 1189 1038 putris
1203 978 1228 1023 et
1239 974 1279 1024 eri
1289 972 1394 1023 materni
1404 970 1570 1036 principatum
1581 970 1730 1022 hereditario
1739 971 1793 1023 iure
1805 973 1851 1024 he·

1078 1079 1168 1132 buerit.
1201 1084 1238 1131 Ex
1266 1078 1424 1130 enchmonio
1445 1081 1473 1128 et
1495 1076 1619 1128 callirhoe
1641 1076 1784 1127 Scamandri
1803 1076 1853 1127 nite

1077 1188 1150 1235 natus
1172 1189 1211 1235 est
1224 1186 1298 1244 Tros,
1311 1197 1326 1233 ε
1338 1163 1388 1247 quo
1401 1196 1461 1247 gens
1479 1194 1570 1233 nomen
1590 1180 1681 1240 nehem
1699 1194 1728 1231 er
1747 1183 1811 1231 Troe
1828 1186 1853 1231 et

1079 1287 1212 1339 Acetleride
1233 1289 1349 1339 Eumedis
1365 1287 1414 1338 titia
1427 1294 1561 1337 Assaracus
1577 1289 1615 1337 est
1633 1289 1793 1352 procreetus3
1822 1301 1852 1338 en

1077 1394 1124 1445 hoc
1139 1400 1165 1445 et
1176 1394 1306 1458 clytodore
1323 1393 1494 1444 Laomedontis
1510 1392 1559 1442 hiis
1581 1391 1678 1456 ῦοργος
1695 1404 1726 1443 ex
1742 1393 1808 1457 Capy
1829 1397 1854 1444 et

1077 1500 1184 1565 nympha
1199 1501 1277 1552 ttaide
1295 1501 1466 1552 Hieromneme
1491 1499 1626 1562 Anchisem
1651 1511 1683 1551 ex
1703 1498 1808 1551 Anchise
1828 1503 1853 1551 et

1078 1602 1173 1652 Venere
1189 1603 1285 1651 AEnens.
1318 1600 1447 1651 Troianum
1469 1599 1544 1664 igitur
1554 1602 1653 1664 gentem
1664 1613 1679 1649 ε
1691 1598 1784 1652 Grecis
1798 1612 1852 1651 esse
1927 1588 1934 1600 ⁴

1076 1701 1204 1752 oriundam
1215 1701 1388 1751 demonstravi.

1110 1810 1194 1859 txttt.
1209 1807 1257 1857 Sed
1273 1807 1305 1857 de
1325 1810 1435 1869 tempore
1454 1820 1504 1871 quo
1517 1806 1644 1859 Lavinium
1658 1809 1696 1857 est
1710 1806 1851 1866 conditum,

1078 1906 1211 1970 scriptores
1226 1904 1291 1955 inter
1309 1918 1337 1955 se
1356 1918 1404 1953 non
1427 1904 1592 1956 consentiunt.
1626 1907 1706 1967 Atque
1719 1903 1780 1954 mihi
1798 1904 1852 1968 qui·

1077 1999 1134 2051 dem
1146 2000 1178 2061 ei,
1193 2001 1237 2065 qui
1252 1999 1349 2049 duobus
1359 1999 1430 2049 annis
1442 2003 1499 2063 post
1512 1998 1649 2050 discessum
1666 2012 1697 2049 ex
1712 1999 1787 2049 Troia
1800 2013 1853 2049 con·

1077 2094 1158 2144 ditum
1180 2093 1276 2156 ierunt,
1301 2091 1417 2143 videntur
1441 2093 1473 2143 ud
1500 2092 1630 2143 veritatem
1656 2095 1758 2159 propius
1783 2106 1851 2144 ecce·

1077 2192 1144 2243 dore.
1177 2191 1249 2243 tiium
1260 2189 1325 2242 enirn
1335 2192 1435 2254 ceptum
1447 2191 1533 2239 aestute
1544 2188 1594 2238 ium
1605 2196 1720 2255 vergente
1732 2205 1786 2241 κνιι
1801 2191 1852 2242 dic·

1078 2283 1124 2334 bus
1142 2288 1199 2334 ente
1219 2283 1351 2333 solstitium
1365 2282 1493 2345 crstinum,
1515 2282 1556 2333 die
1572 2297 1616 2333 νιιι
1638 2285 1731 2336 mensis
1742 2286 1851 2350 Therge·

1078 2382 1150 2432 tionis
1175 2380 1327 2443 deficientis,
1353 2380 1560 2445 quemadmodum
1596 2381 1758 2433 Athenienses
1786 2388 1851 2435 tem·

1077 2494 1137 2546 pora
1155 2482 1307 2545 computent.
1340 2477 1387 2529 Sed
1413 2481 1471 2543 post
1497 2477 1632 2528 solstitium
1655 2482 1799 2542 supererunt
1818 2494 1853 2530 xx

1077 2578 1145 2638 dies,
1156 2577 1199 2641 qud
1212 2590 1303 2626 ennom
1314 2576 1384 2628 thum
1396 2574 1560 2639 complebunt.
1592 2576 1681 2638 ltaque
1692 2575 1757 2626 intre
1768 2589 1852 2626 xxxvii

1077 2669 1145 2729 dies,
1166 2670 1208 2733 qut
1235 2668 1306 2718 urhis
1324 2667 1526 2730 expugnationem
1552 2668 1610 2717 sunt
1628 2667 1723 2725 secuti,
1739 2666 1853 2717 existimo

1078 2763 1181 2813 Grecos
1193 2773 1233 2811 res
1245 2760 1352 2810 urhunes
1367 2758 1550 2823 composuisse,
1562 2761 1589 2807 et
1598 2757 1692 2820 legatos
1703 2756 1735 2807 ab
1746 2757 1795 2807 ittis
1810 2758 1853 2819 qud

1078 2856 1230 2902 recesserant
1248 2851 1385 2915 recepisse,
1403 2849 1532 2912 tmdusme
1552 2861 1609 2899 cum
1632 2836 1668 2898 eis
1684 2849 1781 2899 iecisse.
1813 2852 1856 2899 se·

1078 2944 1162 3008 quenti
1171 2945 1255 2995 autem
1265 2957 1345 3003 anno,
1360 2943 1403 3007 qui
1415 2942 1509 3007 primns
1520 2947 1574 2993 erut
1583 2942 1615 2992 eh
1632 2942 1693 2992 urhe
1706 2946 1792 3007 cepte,
1806 2943 1853 2992 sub

1077 3036 1225 3099 equinoctio
1238 3034 1374 3085 autumnali
1390 3034 1487 3085 Troiani
1501 3049 1515 3083 u
1531 3038 1597 3083 terra
1618 3034 1742 3084 solventes
1758 3035 1854 3084 ilettcs·

1077 3132 1181 3191 pontum
1195 3127 1345 3177 traiecerunt
1366 3146 1373 3176 ι
1390 3128 1416 3176 ct
1432 3127 1459 3175 in
1482 3125 1612 3175 Threciam
1629 3125 1704 3176 detuli
1729 3126 1764 3176 ihi
1776 3130 1853 3176 totam

1077 3219 1183 3272 hiemem
1206 3218 1339 3281 degerunt,
1360 3218 1509 3281 excipientes
1531 3231 1573 3267 cos
1589 3216 1632 3282 qui
1652 3218 1752 3280 ertuge
1772 3217 1854 3269 adhuc

1078 3310 1268 3371 conveniebant,
1280 3313 1306 3359 ct
1316 3324 1354 3359 res
1364 3310 1395 3359 ud
1407 3309 1588 3372 navigationem
1600 3309 1752 3359 necessarias
1761 3322 1848 3373 peren·

1077 3406 1124 3454 tes.
1158 3405 1220 3453 curn
1234 3404 1317 3453 autem
1333 3414 1364 3452 ex
1380 3400 1484 3451 Threcia
1497 3401 1563 3452 veris
1579 3400 1649 3451 initio
1665 3399 1851 3462 discessissent,

1078 3508 1145 3545 mare
1159 3494 1312 3545 hiteriectum
1321 3492 1347 3544 ln
1361 3493 1467 3543 Siciliam
1479 3507 1558 3557 usque
1565 3492 1723 3544 traiecerunt.
1757 3495 1853 3543 Etcum

1078 3585 1277 3650 eouppulissent,
1287 3585 1321 3635 ibi
1333 3598 1411 3648 usque
1423 3584 1454 3634 ed
1464 3585 1537 3636 tinem
1547 3584 1621 3634 huius
1634 3586 1691 3634 antii
1700 3589 1851 3646 manserunt,

1078 3683 1103 3730 ct
1120 3679 1223 3729 atteram
1242 3678 1348 3728 hiemem
1364 3680 1550 3740 transegerunt,
1566 3676 1663 3740 Elymus
1677 3678 1701 3725 iu
1715 3677 1816 3727 urhibus
1827 3676 1854 3726 in

1077 3770 1160 3823 Sicilie
1176 3769 1310 3820 condendis
1324 3769 1444 3820 iuvantes.
1477 3767 1596 3830 ductique
1610 3767 1764 3817 commodem
1782 3765 1852 3817 neri·

1077 3862 1150 3926 pandi
1164 3862 1322 3922 tecuttstcm,
1333 3862 1364 3911 eh
1380 3860 1461 3911 insutu
1477 3860 1601 3911 solventes
1612 3873 1681 3910 mere
1696 3859 1852 3921 Tyrrhenum

1078 3956 1210 4016 traiciunt,
1226 3955 1374 4019 tandemque
1391 3957 1542 4005 Laurentum
1556 3953 1588 4003 ad
1602 3952 1760 4015 Aboriginum
1780 3950 1852 4002 littus

1077 4051 1164 4098 estete
1175 4047 1256 4098 media
1269 4047 1423 4111 perveniunt.
1457 4049 1522 4096 Com
1536 4049 1619 4095 autern
1637 4057 1722 4106 ugrum
1739 4042 1852 4106 accepis·

1078 4142 1146 4200 sent,
1161 4152 1225 4190 anno
1243 4138 1351 4189 emendo
1367 4140 1423 4200 post
1444 4136 1517 4186 titum
1530 4136 1630 4198 captum
1650 4132 1762 4193 exrrleto,
1781 4133 1851 4183 Lari·

1077 4233 1146 4281 nium
1155 4232 1180 4281 in
1191 4244 1221 4281 eo
1233 4231 1401 4281 condiderunt.
1435 4230 1514 4292 Atque
1522 4227 1671 4292 opinionem,
1680 4239 1755 4289 quem
1766 4238 1812 4289 ego
1821 4224 1867 4305 de⁸

1078 4325 1152 4374 relius
1162 4323 1218 4373 istis
1227 4323 1323 4384 huheo,
1337 4322 1397 4372 satis
1409 4320 1540 4371 declaravi.

1107 4418 1191 4467 thv.
1213 4417 1328 4465 Getemm
1350 4417 1454 4475 AEnees,
1479 4416 1609 4477 postquem
1632 4410 1731 4476 templis
1748 4415 1775 4462 et
1797 4410 1852 4461 aliis

1077 4504 1226 4555 ornamentis
1241 4503 1357 4568 oppidum
1372 4503 1432 4553 setis
1454 4501 1587 4562 instruxit,
1606 4515 1714 4564 quorum
1735 4500 1851 4564 pleraque

1076 4593 1116 4644 rel
1135 4591 1167 4642 ed
1186 4605 1265 4641 mecm
1279 4604 1359 4654 usque
1372 4593 1471 4641 estatem
1491 4589 1624 4650 domnum,
1648 4602 1712 4640 enno
1725 4586 1850 4651 mouenti,

1077 4682 1119 4746 qui
1141 4684 1198 4747 post
1213 4680 1290 4744 ipsius
1303 4680 1441 4731 ιλίσοεοοιιιιι
1461 4681 1550 4730 tertius
1569 4683 1637 4740 erat,
1660 4680 1720 4730 sotis
1738 4679 1849 4729 Troianis

1077 4769 1219 4834 imperarit3
1239 4771 1327 4832 quarto
1347 4771 1430 4819 autem
1451 4782 1515 4818 enno
1531 4767 1648 4818 defuncto
1672 4768 1775 4829 Latino,
1797 4767 1851 4817 elus

1077 4858 1152 4907 etiem
1164 4871 1237 4921 regno
1256 4856 1349 4920 potitus
1363 4859 1416 4915 est,
1431 4860 1485 4906 tum
1494 4860 1594 4921 propter
1614 4855 1740 4907 attinitetis
1762 4867 1847 4906 neces·

1077 4946 1208 4997 situdinem
1225 4958 1282 4995 cum
1304 4945 1374 5009 ipsc,
1393 4949 1448 5008 post
1472 4944 1548 4994 Letird
1563 4949 1666 4994 mortem
1685 4942 1800 4995 universe
1817 4942 1850 4992 ad

1075 5033 1202 5084 Lavinium
1221 5032 1357 5084 hereditate
1380 5032 1552 5096 perveniente,
1576 5035 1628 5081 tum
1651 5031 1726 5082 etiem
1746 5035 1775 5082 ui
1795 5031 1849 5080 ιΙιιιι

1077 5125 1142 5172 esset
1155 5122 1179 5173 iu
1194 5121 1259 5172 hetto
1271 5124 1357 5171 contra
1369 5120 1473 5184 populos
1489 5119 1604 5169 finitimos
1617 5118 1731 5183 gerendo.
1763 5116 1849 5168 Rutuli

251 5214 301 5251 σαν
325 5189 375 5269 rip
398 5180 471 5258 αὖθις
495 5191 546 5250 unt
565 5198 610 5252 τοῦ
632 5192 748 5255 Λατίνου
777 5192 915 5272 Ῥότολοι,
931 5193 1051 5275 leion-i
1077 5210 1180 5261 enims
1209 5209 1295 5260 hiduo
1319 5221 1407 5259 rursus
1438 5208 1593 5269 deiecerant,
1614 5206 1691 5257 ductu
1718 5204 1847 5258 cuiusdam
