4088 5936
249 592 404 663 ἀπόκτισις,
426 588 565 667 ἀπέχουσα
586 589 633 657 τῆς
655 580 766 658 Ῥιίιμης
789 576 911 643 σταδίους
936 573 1029 633 ίκατδν

250 684 294 742 ἐπί
321 685 368 752 τῆς
394 680 430 744 είς
464 674 627 755 Πραίνεστον
656 670 785 752 φερούσης
816 666 876 726 utos
910 662 1028 739 κειμένη.

251 769 365 834 Γαύίους
380 764 462 835 αὐτὴν
474 765 598 824 ἐκάλουν·
610 764 655 819 νῦν
672 758 720 836 μέν
734 755 820 817 ούκέτι
841 752 1030 830 συνοικουμένη

251 865 335 927 πᾶσα,
348 853 418 925 πλὴν
433 852 483 911 ὅσα
496 851 564 932 μέρη
583 846 774 909 πανδοκεύεται
788 844 859 905 κατδι
872 841 922 914 τὴν
933 841 1028 911 δίοδον,

211 973 223 1009 a
250 946 309 1005 τότε
320 942 347 1002 δὲ
364 943 579 1021 πολυάνθρωπος,
592 940 615 997 εί
640 936 686 997 καί
700 960 741 1003 τις
760 935 829 1007 άλλη
850 932 897 992 καί
916 929 1029 1008 μεγάλη.

251 1030 425 1112 Τεκμήραιτο
447 1031 471 1089 δ’
498 1029 530 1087 ἀν
547 1052 587 1094 τις
615 1028 697 1093 αὐτῆς
723 1025 754 1084 τὸ
783 1024 890 1099 μέγεθος
914 1018 961 1078 καί
983 1016 1031 1087 τὴν

253 1120 359 1191 ἀξίωσιν
376 1121 479 1200 ἐρείπια
495 1119 654 1193 θεασάμενος
674 1117 762 1173 οἰκιῶν
775 1112 899 1188 πολλαχῇ
919 1107 965 1167 καί
979 1103 1031 1163 τεί-

253 1235 316 1291 χους
329 1210 443 1280 κύκλον,
457 1208 496 1268 ἔτι
510 1207 561 1287 γδιρ
571 1207 681 1275 ἕστηκεν
689 1206 768 1261 αὐτοῦ
778 1201 811 1259 τδι
822 1200 944 1259 πλεῖστα.
989 1196 1033 1261 Εἰς

254 1301 351 1372 ταύτην
367 1297 544 1378 συνερρύησαν
558 1292 735 1370 Πωμεντίνων
754 1314 782 1349 τε
804 1292 855 1347 τῶν
870 1290 901 1346 ἐκ
914 1284 1033 1355 Συέσσης

203 1414 226 1451 ro
254 1390 433 1472 διαφυγόντων
448 1385 533 1459 τινὲς,
560 1383 604 1442 ὅτε
624 1382 672 1451 τὴν
687 1379 764 1439 πολιν
781 1379 866 1436 αὐτῶν
888 1373 1033 1454 Ταρκύνιος

254 1478 425 1549 κατελάόετο,
450 1474 495 1536 καί
519 1476 572 1531 τῶν
600 1475 629 1531 ἐκ
645 1468 753 1545 Ῥώμης
779 1468 900 1546 φυγάδων
926 1461 1055 1543 συχνοί·-

254 1562 325 1628 ούτοι
340 1566 456 1643 δεόμενοι
468 1563 514 1621 καί
528 1564 700 1642 λιπαροῦντες
713 1560 865 1634 τιμωρῆσαι
884 1552 958 1634 σφίσι
976 1549 1036 1616 τούς

256 1657 382 1724 Γαύίους,
395 1654 440 1713 καί
457 1650 557 1715 ’πολλδις
570 1642 775 1726 ύπισχνούμενοι
790 1641 886 1722 δωρεάς
899 1644 922 1701 εἰ
938 1639 1035 1699 κατέλ-

255 1750 321 1804 θοιεν
336 1741 379 1800 ἐπὶ
392 1741 426 1798 τδι
441 1738 567 1819 σφέτερα,
582 1736 631 1808 τήν
648 1757 676 1791 τε
692 1732 835 1791 κατάλυσιν
849 1738 895 1791 τοῦ
909 1727 1037 1807 τυράννου

204 1853 228 1891 ιε
257 1832 371 1902 δυνατὴν
389 1824 579 1907 ἀποφαίνοντες
594 1822 641 1883 καί
654 1820 758 1903 ρφιδίαν,
771 1825 806 1887 ὡς
829 1818 875 1878 καί
891 1822 941 1878 τῶν
963 1819 1037 1897 έντῇ

257 1925 331 1981 πόλει
353 1912 572 1997 συλληψομένων,
584 1911 691 1971 ἔπεισαν
702 1907 794 1975 αύτούς
804 1904 1038 1986 συμπροθυμηθέν-

257 2034 310 2069 των
324 2010 368 2067 nai
397 2002 590 2066 Οὐολούσκων·
617 1998 828 2079 ἔπρεσόεύσαντο
848 1996 899 2074 γάρ
922 1997 1038 2054 κάκεῖνοι

259 2098 376 2171 δεόμενοι
390 2090 558 2171 συμμαχίας·
570 2088 616 2147 τόν
627 2086 698 2146 κατδι
709 2092 754 2146 τοῦ
765 2085 914 2164 Ταρκυνίου
922 2083 1038 2160 πόλεμον

259 2183 411 2246 ἀναλαόεῐν.
448 2182 585 2257 Ἐγένοντο
599 2176 632 2249 δὴ
647 2177 714 2253 μετδι
724 2181 809 2234 ταῦτα
820 2177 944 2252 μεγάλοις
958 2195 1038 2252 στρα-

205 2305 233 2345 20
259 2276 387 2351 τεύμασιν
414 2274 450 2338 εἷς
472 2270 521 2342 τὴν
542 2266 665 2340 ἀλλήλων
685 2269 734 2342 γῆν
749 2262 867 2324 είσύολαὶ
884 2262 929 2322 καί
953 2284 1040 2320 κατα·

261 2362 355 2443 δρομαί
374 2361 459 2440 μάχαι
479 2382 517 2433 τε,
538 2356 602 2438 ὅπερ
618 2354 696 2429 είκδς,
712 2354 770 2414 τοτὲ
789 2352 837 2431 μὲν
856 2352 952 2430 ὀλίγοις
976 2351 1040 2430 πρὸς

260 2453 376 2531 ὀλίγους,
399 2446 457 2509 τοτέ
472 2448 500 2506 δὲ
518 2455 584 2506 πᾶσι
606 2445 670 2524 πρὸς
684 2444 795 2516 πάντας,
811 2446 837 2503 ἐν
858 2434 899 2510 αἶς
913 2442 1040 2509 πολλάκις

261 2541 309 2614 μὲν
330 2541 355 2597 cl
377 2536 472 2597 Γάύιοι
485 2534 545 2602 τούς
556 2535 706 2611 Ῥωμαίους
722 2533 883 2614 τρεψάμενοι
905 2532 950 2592 καί
970 2534 1039 2591 πολ-

260 2627 319 2694 aab<
353 2626 565 2696 καταύαλόντες,
595 2625 678 2692 ἀδεῶς
707 2621 756 2695 τὴν
782 2624 874 2703 χώραν
902 2621 1040 2699 ἐπόρθουν·

207 2737 234 2777 τε
261 2714 390 2781 πολλάκις
416 2712 443 2772 δὲ
468 2716 492 2772 ot
516 2711 648 2790 Ῥωμαῖοι
667 2710 727 2779 τοὺς
749 2709 861 2777 Γαύίους
887 2709 967 2789 μέχρι
987 2710 1040 2766 τῶν

261 2807 355 2884 τειχῶν
369 2801 558 2880 ὡσάμενοικαλ
573 2800 794 2866 κατακλείσαντες
804 2802 840 2867 εἷς
850 2798 982 2871 τλνπόλιν
995 2798 1040 2856 ἀν·
1054 2834 1056 2837 .

261 2892 379 2973 δράποδα
394 2892 439 2947 καί
453 2891 526 2949 λείαν
542 2891 628 2948 αὐτῶν
648 2888 751 2959 πολλὴν
770 2890 919 2965 ἀπήγαγον.

302 2988 377 3048 LlV.
403 2988 525 3064 Συνεχῶς
540 2984 567 3043 δὲ
582 2983 680 3044 τούτων
706 2987 848 3062 γινομένων
863 2983 1042 3062 ἠναγκάζοντο

262 3076 406 3157 ἀμφότεροι
437 3079 484 3146 τῆς
511 3073 602 3153 χώρας
630 3072 670 3133 δυ’
698 3067 731 3147 ἧν
762 3074 862 3152 ἐρυμνὰ
886 3074 1043 3153 τειχίζοντες

208 3178 235 3217 ⁸⁰
261 3162 375 3249 φρουρίω
386 3165 412 3221 έν
424 3165 510 3230 αὐτοῖς
520 3164 689 3232 καθιστάναι,
699 3164 852 3243 καταφυγῆς
860 3163 913 3219 τῶν
922 3163 1044 3239 γεωργῶν

263 3258 356 3328 ἕνεκα,
380 3253 437 3311 ὅθεν
463 3252 613 3336 ὁρμώμενοι
640 3250 721 3308 τότε
748 3248 880 3331 λῃστήρια
902 3249 948 3307 καὶ
971 3248 996 3307 εί
1017 3271 1044 3306 τι

263 3340 434 3402 ἀποσπασθὲν
445 3342 523 3401 itum
540 3340 618 3419 μέρος
642 3340 731 3418 ὀλίγον
746 3339 800 3398 ἀπὸ
814 3340 911 3397 πολλοῦ
931 3342 1044 3415 στρατοῦ

263 3430 310 3490 καί
332 3420 364 3488 οἷ’
386 3430 454 3496 εἶκδς
480 3433 507 3488 ἐν
534 3437 678 3508 προνομαῖς
700 3428 861 3487 ἀσύντακτον
890 3426 933 3486 δεδι
961 3449 1044 3484 κατα·

263 3519 398 3601 φρόνησιν,
411 3519 543 3585 κατιόντες
553 3517 642 3600 ἀθρόοι
653 3515 812 3598 διέφθειρον·
822 3518 930 3576 καὶτῶν
942 3514 1044 3576 πόλεων

210 3642 237 3683 25
264 3608 304 3669 ὅτ’
318 3598 350 3680 ἦν
366 3606 486 3687 ἐπίμαχα
510 3604 555 3665 καλ
581 3604 657 3688 ῥᾴδια
681 3607 813 3688 ληφθῆναι
836 3605 880 3664 ὀιδι
907 3605 1045 3683 κλιμάκων

265 3695 439 3773 ἐξοικοδομεῖν
462 3719 491 3755 τε
515 3693 562 3754 καί
596 3694 803 3776 ἀποταφρεύειν,
834 3693 978 3761 δεδοικότες
998 3693 1046 3763 τδς

266 3786 407 3866 αἰφνιδίους
424 3783 546 3855 ἀλλήλων
562 3781 678 3861 ἀφόδους.
723 3785 832 3844 Μᾶλλον
843 3785 866 3843 δ’
877 3781 1048 3864 δΤαρκύνιος

267 3875 328 3956 περὶ
347 3872 424 3933 ταῦτ’
441 3872 543 3954 ἐνεργός
556 3862 602 3947 ἦν,
614 3871 660 3932 καὶ
683 3877 730 3944 τῆς
744 3874 844 3940 πυλεως
859 3871 892 3931 τά
906 3873 972 3953 πρδς
988 3870 1047 3938 τοὺς

267 3963 380 4029 Γαέίους
406 3961 538 4041 βλέποντα
565 3967 610 4020 τοῦ
639 3960 779 4041 περιὸολου
808 3959 853 4021 διδι
876 3960 1047 4041 πολυχειρίας

214 4083 241 4123 40
268 4050 437 4129 ἐξωχυροῦτο,
452 4050 551 4130 τάφρον
564 4047 722 4128 ὀρυξάμενος
739 4050 880 4128 εύρυτέραν
899 4050 944 4108 καὶ
962 4057 1049 4130 τεῖχος

269 4139 402 4214 ἀνεγείρας
412 4138 571 4218 ὑψηλότερον
585 4139 630 4197 καὶ
640 4137 748 4218 πύργοις
757 4136 891 4197 tralatis
907 4138 938 4199 τὸ
951 4139 1049 4220 χωρίον

268 4224 450 4304 πυκνοτέροις·
462 4227 534 4285 κατὰ
548 4232 625 4286 τοῦτο
639 4227 690 4306 γδρ
701 4226 785 4287 ἐδόκει
799 4228 915 4305 μάλιστα
926 4227 956 4287 τὸ
971 4228 1050 4310 μέρος

270 4313 378 4387 ἡπόλις
400 4313 525 4396 άνόχυρυς
546 4306 623 4390 εἶναι,
643 4318 730 4375 πάντα
744 4317 789 4375 τὸν
808 4316 888 4376 ἄλλον
908 4317 1049 4399 περίύολον

270 4400 390 4485 ἀσφαλὴς
413 4405 532 4470 ἐπιεικῶς
552 4398 618 4463 ούσα
636 4406 682 4463 καὶ
703 4405 888 4486 δυσπρόσιτος.
931 4403 1050 4486 Ἔμελλε

216 4515 242 4554 ιο
271 4492 344 4566 δὲ,δ
367 4492 465 4559 πάσαις
480 4493 548 4572 φιλεῖ
568 4492 723 4570 συμέαίνειν
743 4495 801 4562 ταῖς
822 4496 929 4555 πολεσιν
949 4498 976 4555 ἐν
996 4505 1050 4564 τοῖς

270 4591 379 4663 μακροῖς
389 4579 526 4657 πολέμοις,
537 4582 681 4662 δῃουμένης
694 4584 737 4644 διδι
748 4584 796 4653 τδις
805 4585 920 4663 συνεχεῖς
933 4589 985 4645 τῶν
997 4607 1050 4644 πο·

270 4671 371 4749 lapion
387 4670 507 4737 είσύολδς
527 4675 573 4742 τῆς
594 4677 642 4750 γῆς
661 4673 706 4731 καί
730 4671 826 4749 μηκέτι
851 4673 911 4735 τοδε
935 4673 1051 4754 καρπούς

272 4759 445 4841 ἐκφερούσης,
465 4762 560 4827 σπάνις
588 4758 694 4834 ἀπάσης
716 4767 814 4843 τροφῆς
837 4763 862 4821 ἐν
891 4761 1051 4844 ἀμφοτέραις

273 4851 379 4908 ἔσεσθαι
392 4848 438 4908 καί
454 4847 524 4920 δεινὴ
539 4848 657 4931 περὶτοῦ
670 4849 811 4928 μέλλοντος
826 4851 943 4928 ἀθυμία·
959 4850 1051 4912 κάκιον

219 4952 246 4993 ευ
274 4935 301 4993 δέ
328 4934 389 5002 τούς
413 4936 565 5014 Ῥωμαίους
594 4936 729 5010 δτίεζενῆ
755 4941 814 5008 τοὺς
837 4938 951 5010 Γαύίους
967 4944 984 5012 ἡ
999 4943 1051 5001 τῶν

275 5024 425 5099 ἀναγκαίων
440 5024 540 5099 ένδεια,
559 5025 604 5087 καί
620 5030 645 5088 οἱ
662 5027 817 5089 πενέστατοι
834 5030 921 5089 αύτῶν
935 5030 1052 5108 μάλιστα

275 5111 417 5184 κάμνοντες
432 5114 571 5192 ὁμολογίας
583 5114 664 5197 ᾤοντο
679 5119 732 5176 δεῖν
746 5120 907 5190 ποιήσασθαι
919 5120 984 5199 πρὸς
996 5119 1055 5188 τούς

277 5197 389 5266 Γαύίους
409 5201 454 5260 καί
474 5203 519 5263 τὸν
542 5204 658 5280 πολεμον
678 5206 718 5283 ἐφ’
733 5196 769 5273 οἷς
793 5206 825 5267 ἀν
847 5208 942 5266 ἐκεῖνοι
961 5210 1054 5268 θέλωσι

276 5287 460 5349 διαλύσασθαι.

770 439 937 504 olcuisli
964 430 1347 500 fluctuantunssuu'sls

1084 592 1140 645 quaa
1153 577 1184 627 ab
1195 576 1258 626 urbe
1273 576 1375 625 centum
1387 571 1469 623 stadia
1478 569 1565 622 aberat
1575 570 1603 620 in
1617 568 1659 621 ria
1670 581 1721 633 qua
1740 567 1866 617 Praeneste

1084 671 1142 724 itur.
1177 670 1269 724 Gabios
1282 670 1346 721 hanc
1359 667 1496 719 uocabant:
1511 679 1577 716 nunc
1589 663 1690 728 quidem
1702 676 1750 713 non
1760 663 1867 727 amplius

1086 765 1138 815 tota
1157 762 1282 821 incolitur,
1296 759 1341 811 sed
1365 772 1402 810 eea
1422 759 1519 808 lantum
1534 760 1619 822 partes
1638 768 1696 818 quar
1719 756 1745 803 in
1768 755 1867 817 publico

1084 857 1174 908 itinero
1187 851 1326 905 diversoria
1341 850 1435 901 babern
1454 871 1460 898 ι
1479 850 1539 899 tunc
1553 860 1612 897 vero
1637 846 1755 911 frequens
1773 849 1827 896 erat
1840 847 1867 897 et

1086 950 1107 1000 si
1127 946 1349 1016 quantiamagna.
1383 946 1420 995 De
1437 942 1584 994 eiusautem
1597 942 1765 1006 magnitudine
1776 943 1867 991 etam·

1086 1040 1207 1107 plitudine
1219 1039 1388 1090 coniecturam
1408 1037 1487 1086 lacere
1499 1036 1589 1100 poterit
1604 1034 1662 1099 ¹qui
1678 1034 1754 1084 uariis
1766 1048 1790 1083 m
1807 1034 1869 1083 locis

1087 1133 1250 1185 aediticicrum
1275 1130 1359 1181 ruinas
1383 1133 1410 1179 et
1430 1141 1559 1179 murorum
1583 1127 1703 1179 ambitum
1721 1126 1838 1192 spectarit
1861 1139 1869 1171 ι

1087 1228 1194 1287 mariana
1202 1228 1267 1279 enim
1280 1242 1366 1279 eorum
1381 1243 1439 1295 pars
1449 1227 1530 1278 adhuc
1546 1227 1604 1277 stat.
1637 1226 1694 1274 lluo
1705 1221 1806 1287 quidam
1817 1222 1869 1271 Ρο-

1088 1323 1206 1383 menlini,
1233 1336 1266 1373 ex
1312 1325 1402 1375 Suessa
1437 1324 1609 1389 profugerant,
1631 1334 1689 1370 cum
1723 1318 1870 1381 Tarquinius

1089 1422 1176 1473 urbem
1187 1421 1348 1472 demoliretur
1362 1422 1389 1470 et
1400 1423 1491 1484 praetcr
1511 1429 1554 1467 ecs
1568 1413 1643 1465 multi
1656 1416 1761 1463 Romaiu
1771 1411 1872 1462 exsules

1091 1517 1267 1567 confluxerant.
1301 1515 1431 1566 Plorantes
1461 1516 1488 1563 et
1522 1511 1674 1561 obtestantes
1707 1507 1816 1559 Gabinos
1843 1508 1872 1556 ut

1090 1608 1192 1662 iniurias
1206 1624 1265 1661 suos
1274 1609 1461 1667 ulciscerentur,
1475 1609 1501 1656 et
1512 1603 1590 1656 multa
1600 1604 1664 1654 dona
1681 1603 1869 1668 promittentes,
1897 1666 1901 1673 ι

1092 1705 1112 1755 si
1127 1703 1235 1767 ipsorum
1246 1715 1320 1768 opera
1329 1701 1354 1752 in
1369 1699 1473 1765 patriam
1488 1698 1626 1760 rediissent,
1640 1700 1667 1747 et
1675 1695 1871 1747 demonstrantes

1092 1796 1218 1861 Tarquinii
1235 1794 1390 1859 tyrannidem
1408 1794 1479 1845 tacite
1492 1794 1572 1844 everti
1587 1804 1676 1857 posse,
1690 1790 1759 1855 quod
1770 1793 1873 1841 Romani

1093 1903 1191 1955 quoque
1215 1892 1279 1955 ipsos
1291 1888 1401 1941 adiutori
1413 1891 1506 1949 ossont,
1517 1887 1617 1937 tandem
1628 1884 1677 1937 illis
1706 1898 1757 1936 rem
1770 1897 1872 1949 persua·

1093 1987 1197 2043 serunt,
1212 1982 1308 2033 Volscis
1324 1996 1423 2046 quoque
1441 1981 1533 2046 paratis
1545 1978 1752 2039 (miserautenim
1765 1977 1799 2027 illi
1813 1991 1874 2041 quo-

1094 2092 1142 2143 qus
1154 2077 1246 2139 legatos
1255 2079 1298 2143 qui
1313 2077 1458 2130 mulctatam
1468 2077 1578 2142 ipsorum
1591 2076 1727 2140 peterent),
1739 2073 1771 2123 ad
1781 2073 1874 2124 bellum

1094 2175 1178 2224 contra
1192 2172 1354 2235 Tarquinium
1364 2169 1557 2234 suscipiendum.
1591 2172 1680 2219 Postea
1692 2168 1786 2232 magnis
1799 2180 1873 2219 exer·

1093 2263 1185 2313 ritibus
1205 2261 1304 2326 utrique
1323 2262 1351 2312 in
1365 2275 1454 2327 εςτυιο
1478 2261 1589 2312 hostium
1609 2261 1722 2311 incursus
1744 2261 1874 2321 iecerunt,

1093 2369 1201 2420 eumque
1213 2358 1353 2417 vastarum,
1368 2359 1394 2405 ot
1416 2356 1460 2419 (ut
1471 2353 1583 2405 accidere
1600 2353 1680 2415 solet)
1695 2353 1769 2404 modo
1788 2354 1876 2418 οιῖςυιι

1093 2449 1199 2500 militum
1214 2460 1303 2510 namu,
1318 2448 1391 2498 morlo
1406 2446 1527 2498 univorsis
1549 2447 1627 2512 copiis
1641 2446 1729 2511 proelia
1743 2448 1875 2498 commise-

1094 2547 1173 2593 runt:
1188 2541 1213 2591 in
1228 2541 1319 2606 quibus
1329 2555 1395 2606 sepe
1414 2541 1510 2602 Gabini,
1526 2540 1641 2592 Romanis
1656 2540 1689 2591 ael
1706 2542 1776 2593 urbis
1791 2555 1877 2593 muros

1094 2645 1172 2695 usque
1189 2631 1252 2682 lusis
1274 2644 1304 2682 ac
1319 2631 1409 2696 togatis
1423 2634 1449 2681 et
1464 2629 1550 2681 multis
1570 2630 1663 2697 captis,
1679 2629 1777 2695 impure
1789 2644 1877 2695 agrum

1095 2720 1204 2786 populati
1218 2724 1276 2772 sunt
1289 2740 1294 2771 :
1307 2733 1376 2785 saepe
1398 2719 1472 2771 ctiam
1487 2719 1600 2783 Romani,
1621 2717 1725 2770 Gabinis
1742 2719 1878 2786 profligatis

1096 2814 1123 2861 et
1135 2811 1160 2861 in
1178 2809 1265 2860 urbem
1283 2809 1426 2875 compulsis,
1446 2810 1567 2875 mancipia
1584 2812 1610 2859 et
1624 2808 1752 2872 ingentem
1767 2809 1879 2875 prodam

1098 2900 1239 2962 abegerunt.

1128 2999 1191 3047 biv.
1206 2997 1269 3045 cum
1281 3000 1364 3047 aulem
1379 2996 1432 3047 brec
1443 2996 1542 3047 assidue
1559 2994 1660 3051 tierent.
1680 2995 1783 3059 utrique
1798 2996 1880 3046 coacti

1098 3085 1219 3136 suntloce
1235 3083 1260 3134 in
1282 3098 1327 3135 suo
1341 3089 1501 3149 agronatura
1514 3085 1608 3135 munita
1621 3098 1707 3134 muros
1725 3085 1840 3148 cingere,
1854 3086 1881 3135 et

1099 3170 1241 3236 praesidimn
1252 3171 1276 3221 iu
1286 3171 1334 3222 illis
1341 3171 1474 3235 collocare,
1487 3177 1514 3223 ut
1526 3162 1754 3238 essentaqrestlbus
1765 3174 1878 3239 refugia:

1098 3259 1241 3312 undescota
1263 3262 1400 3325 eruptione,
1417 3264 1444 3311 et
1461 3260 1605 3324 praedones,
1630 3262 1652 3312 si
1674 3274 1749 3327 quam
1766 3263 1880 3328 exiguam

1098 3354 1194 3415 partem
1208 3348 1328 3414 areliquo
1341 3351 1451 3413 orprcitu
1470 3349 1583 3400 avulsam
1594 3350 1825 3402 animadvertissent
1837 3355 1881 3414 et,

1099 3438 1165 3503 quod
1190 3439 1215 3491 iu
1240 3437 1440 3503 pabulationibus
1462 3438 1528 3489 solet
1541 3438 1666 3500 accidere,
1690 3441 1756 3490 nullo
1783 3443 1882 3491 serrato

1100 3527 1186 3578 ordine
1206 3530 1335 3591 vagantem
1348 3527 1380 3577 ob
1394 3527 1505 3579 bostium
1527 3529 1754 3594 contemptionem,
1774 3531 1882 3582 conserti
1935 3518 1944 3531 ⁹

1100 3614 1277 3666 descendentes
1298 3616 1472 3667 trucidabant:
1488 3618 1514 3667 et
1530 3616 1629 3667 urbium
1650 3622 1744 3682 parles,
1766 3631 1824 3682 quo
1839 3632 1882 3684 op-

1102 3705 1205 3768 pugnari
1220 3707 1247 3755 et
1270 3704 1343 3754 scalis
1358 3703 1465 3755 admotis
1486 3704 1557 3755 lacile
1574 3704 1640 3768 capti
1663 3707 1791 3769 poterant,
1804 3705 1883 3756 muria

1102 3794 1128 3843 et
1156 3795 1220 3843 tussa
1241 3793 1339 3843 munire
1367 3792 1538 3856 acuebantur,
1570 3793 1638 3856 quod
1661 3792 1708 3843 sibi
1738 3795 1884 3846 metuebant

1102 3881 1370 3944 utriquearepentinis
1387 3880 1577 3932 incursionibus.
1610 3882 1758 3945 Tarquinius
1779 3896 1838 3932 vero
1858 3884 1884 3934 in

1103 3968 1151 4019 boc
1172 3982 1245 4033 opere
1269 3970 1347 4033 magis
1367 3973 1502 4034 occupatus
1526 3967 1584 4030 luit,
1601 3972 1626 4020 et
1645 3984 1700 4020 eam
1731 3970 1883 4022 urbanorum

1103 4071 1229 4109 murorum
1245 4062 1350 4124 partem,
1362 4072 1419 4121 quaa
1433 4059 1526 4108 Gabios
1535 4063 1631 4123 spectat
1645 4059 1737 4124 ingenti
1752 4073 1885 4124 operarum

1103 4161 1206 4199 narmero
1230 4150 1392 4210 communiit,
1418 4153 1444 4199 et
1462 4148 1633 4200 circumducta
1653 4150 1740 4201 latiore
1760 4152 1842 4212 tussa,
1858 4156 1884 4203 ct

1104 4237 1183 4288 muris
1205 4237 1280 4288 altius
1293 4238 1400 4299 erectis,
1420 4241 1445 4287 et
1467 4237 1676 4302 frequentioribus
1696 4239 1809 4290 turribus
1840 4254 1885 4305 per

1105 4325 1202 4376 modica
1217 4324 1349 4377 intervalla
1358 4325 1469 4378 additis:
1491 4326 1539 4377 bac
1559 4326 1624 4378 enim
1637 4328 1793 4392 potissimum
1815 4332 1886 4394 parto

1105 4415 1164 4466 urbs
1185 4416 1283 4467 intirma
1300 4417 1440 4478 ridebatur,
1453 4423 1479 4469 at
1498 4418 1524 4468 in
1543 4420 1777 4483 robquomurorum
1790 4420 1887 4472 ambitu

1105 4505 1233 4556 satistuto
1251 4509 1277 4555 et
1293 4520 1394 4556 accemu
1410 4505 1527 4557 diflicilia.
1561 4509 1661 4570 ltaque,
1685 4508 1754 4573 qood
1771 4509 1887 4562 omnibus

1105 4591 1249 4643 civitatibus
1269 4591 1381 4643 accidere
1395 4594 1458 4644 solet
1473 4595 1498 4643 in
1518 4593 1590 4644 bellis
1603 4592 1742 4658 diuturnis,
1760 4596 1793 4647 ob
1806 4597 1887 4648 conti·

1106 4693 1168 4731 nuas
1195 4678 1308 4730 bostium
1329 4679 1485 4732 incursiones
1516 4684 1613 4733 vastato
1628 4694 1688 4746 agro
1720 4695 1765 4733 nec
1792 4683 1889 4735 tructus

1106 4768 1213 4835 amplius
1229 4769 1335 4833 terente,
1351 4772 1455 4836 uterque
1470 4770 1576 4835 populus
1589 4770 1699 4821 omnium
1713 4771 1889 4824 alimentorum

1106 4858 1209 4923 penuria
1233 4857 1403 4919 laboraturus,
1418 4865 1444 4910 et
1461 4858 1494 4910 de
1512 4860 1596 4910 turtum
1607 4859 1766 4911 rebemculer
1779 4860 1890 4912 solicitus

1109 4947 1207 4999 iuturus
1224 4952 1278 4999 erat
1297 4966 1304 4998 ι
1320 4947 1421 5013 gravius
1443 4954 1525 5000 lamen
1545 4952 1698 5000 commeatus
1718 4949 1819 5014 penuria
1841 4952 1890 5000 llo·

1109 5053 1195 5090 manos
1211 5053 1285 5103 quam
1302 5040 1411 5091 Gabinos
1424 5040 1565 5106 premebot;
1584 5045 1609 5091 et
1626 5042 1779 5105 pauperrimi
1795 5042 1890 5107 quique

1110 5126 1156 5178 bae
1165 5129 1273 5180 maximo
1288 5130 1368 5194 pressi
1383 5144 1470 5195 pacem
1482 5144 1540 5182 oum
1559 5129 1661 5180 Gabinis
1677 5129 1815 5181 taciendam
1833 5144 1890 5182 ceu·

1111 5219 1213 5281 sebam,
1226 5223 1251 5270 et
1261 5220 1352 5272 bellum
1363 5221 1553 5286 quibuscunque
1564 5221 1600 5272 illi
1609 5221 1699 5273 vellent
1710 5221 1892 5275 conditionibus

1115 5306 1256 5360 laciendum.
