4052 5926
248 442 311 503 aso
753 433 936 499 brunusu
957 434 1338 497 uuarcaunussuusrs
1381 421 1383 424 ‘

288 573 367 637 LVl.
380 599 393 627 ι
405 570 478 634 Ἀλλ’
489 568 529 629 ὅτι
544 568 593 646 plu
603 570 642 629 δεῖ
651 569 852 630 καταλύσασθαι
863 568 913 642 τὴν
923 568 1040 642 στάσιν,

252 692 266 717 ι
283 662 352 725 είποι
367 660 405 728 εἰς
423 658 466 732 δν,
479 662 528 739 οὐχ
537 650 615 732 ἦττον
633 663 709 733 ἡμεῖς
723 658 890 737 ἐγνώκαμεν,
900 658 947 719 καί
959 660 1039 719 ncl-=

254 781 268 806 a
283 750 332 824 λὴν
344 747 539 829 παρεσχήμεθα
557 746 717 827 προθυμίαν,
736 749 792 815 πῶς
814 748 841 808 δὲ
856 747 889 808 διν
910 749 1029 810 καταλυ-

254 868 267 895 ι
283 838 398 918 σσίμεθα
412 836 495 909 αθτλν
500 841 597 910 ,τοῦτο
610 840 694 917 πειρῶ
708 836 804 915 λέγειν.
821 836 904 918 Ὁρᾷς
912 837 964 918 γάρ
979 836 1028 910 ὅση

209 954 223 993 ς
253 957 266 984 ε
282 929 345 1010 περὶ
355 926 400 989 τδν
411 925 495 1004 δῆμόν
509 929 580 986 ἐστιν
590 925 727 1000 αύθάδιια,
743 925 771 993 δε
781 925 840 987 οὔτι
850 924 950 1005 πέμπει
964 926 1030 1007 πρὸς

252 1039 267 1075 ε
282 1021 355 1095 ipa<
370 1013 588 1095 mulctabimus
610 1014 688 1083 αθτδς
711 1016 823 1088 ἀδικῶν,
835 1013 896 1075 σύτε
916 1020 969 1081 τοῖς
985 1016 1029 1097 ῖρ’

254 1134 267 1160 ι
283 1108 361 1185 ἡμῶν
380 1104 568 1164 ἀποσταλεῖσιν
583 1104 754 1183 ἀποκρίνεται
771 1101 908 1171 πολιτικάς
920 1102 965 1163 καῖ
984 1127 1030 1186 ιρι-

254 1221 268 1249 «
284 1191 454 1273 λανθρεύπους
492 1189 661 1272 άποκρίσεις,
696 1191 755 1253 ἀλλ’
783 1192 945 1274 ὑπερηφανεῖ
983 1191 1029 1250 καί

254 1309 267 1336 ι
283 1283 388 1342 άπειλεῐ
413 1275 459 1340 καί
480 1280 585 1341 εἰκάσαι
598 1278 685 1362 ῥᾴδιον
701 1283 747 1341 οῦκ
771 1279 840 1340 taen
860 1277 917 1338 ὅτι
936 1278 1029 1356 βούλι·

197 1403 224 1444 10
250 1399 264 1427 ε
278 1395 335 1433 ται.
387 1368 459 1446 Πρὸς
478 1368 506 1428 δί
529 1372 616 1428 ταῦτα
643 1368 669 1429 τί
685 1372 810 1450 παραινῶ
838 1373 884 1428 νῦν
905 1368 1029 1448 πράττειν

255 1488 268 1515 ι
284 1457 416 1520 ἀκούσατέ
431 1480 493 1534 μου.
527 1455 600 1535 Ἐγὼ
618 1457 662 1517 τδν
676 1457 760 1535 δῆμον
775 1456 830 1518 οὔτ’
846 1455 1031 1525 ἀδιαλλάκτως

253 1546 373 1625 «οἴομαι
387 1545 452 1626 πρὸς
472 1549 545 1622 ἡμᾶς
555 1543 625 1625 ἔχειν
637 1541 696 1603 ούτε
714 1543 819 1622 δράσειν
834 1568 861 1604 τι
870 1533 907 1602 ὧν
918 1544 1030 1619 άπειλεῖ,

253 1660 270 1695 α
284 1636 489 1716 τεκμαιρόμενος
509 1632 551 1692 ὅτι
571 1637 619 1692 οὺκ
633 1628 702 1692 ἐστιν
720 1633 799 1710 ὅμοια
811 1640 865 1699 τοῖς
878 1631 965 1710 λόγοις
980 1633 1031 1691 αθ·

193 1740 196 1747 ’
255 1752 268 1779 ι
286 1728 332 1782 τοῦ
352 1723 387 1782 τά
406 1726 486 1803 ἔργα·
500 1719 568 1781 πολὺ
588 1720 615 1780 δέ
631 1722 732 1799 μᾶλλον
745 1726 822 1800 ἡμῶν
838 1718 1031 1780 ἐσπουδακέναι

199 1844 225 1884 ,ς
255 1839 267 1867 ι
285 1810 346 1892 περὶ
360 1811 407 1879 τάς
426 1810 558 1877 διαλύσεις
578 1808 680 1885 οίομαι.
729 1809 824 1888 Ἡμεῖς
842 1809 890 1886 μάν
913 1807 965 1888 γάρ
985 1808 1032 1868 καί

255 1928 268 1954 ι
285 1900 400 1981 πατρίδα
416 1897 463 1969 τὴν
476 1897 642 1978 τιμιωτάτην
652 1903 824 1976 κατοικοῦμεν
843 1896 889 1958 καί
904 1895 975 1975 βίους
985 1895 1031 1956 καί

256 2016 269 2044 ι
285 1989 371 2058 οἰκους
391 1987 438 2048 καί
461 1986 551 2066 γονίας
569 1987 615 2047 καὶ
629 1987 718 2049 πάντα
734 1989 769 2048 τά
782 1985 909 2047 πλείστου
929 1983 989 2054 άξια
1003 1990 1030 2047 ἐν

254 2101 269 2135 ε
285 2082 344 2146 ταῖς
356 2076 433 2146 ἰδίαις
454 2076 581 2145 ἐξουσίαις
598 2075 709 2157 ἔχομεν·
727 2077 778 2136 6δέ
796 2076 889 2143 άπολις
909 2076 954 2135 καὶ
973 2074 1030 2135 α’νέ-

256 2195 269 2222 ι
286 2167 356 2235 στιάς
371 2169 420 2239 ἐτι,
441 2164 488 2226 καί
506 2169 560 2227 τῶν
573 2165 791 2244 ἀναγκαιοτάτων
801 2165 920 2246 στέρεται
935 2161 1031 2239 σωμά·

199 2282 227 2323 20
256 2285 269 2311 ι
285 2281 348 2330 των,
368 2255 425 2334 βίου
436 2278 466 2314 τε
484 2259 531 2314 τοῦ
542 2254 715 2337 καθ’ἡμέραν
729 2255 777 2314 οὐκ
796 2252 912 2333 εὐπορεῖ.
954 2251 1032 2319 Τίνος

256 2372 269 2400 ι
287 2337 331 2404 οὖν
341 2348 419 2424 χάριν
440 2344 487 2411 τάς
502 2341 661 2425 προκλήσιις
677 2344 706 2402 ού
728 2342 834 2422 δέχεται
843 2340 890 2409 τὰς
901 2339 1032 2420 ἡμετέρας

257 2461 270 2487 ι
287 2434 394 2510 δδῆμος
410 2434 582 2505 κακοπαθῶν,
603 2430 717 2498 αἰτόςτε
727 2430 800 2491 οὐδέν
813 2426 1032 2509 ἐπιπρεαύεύεται

256 2550 268 2575 o
285 2521 350 2602 πρὸς
370 2525 459 2598 ῆμῦςς
476 2517 516 2580 ὅτι
534 2518 565 2592 νὴ
584 2520 636 2581 Δία
668 2519 736 2601 Ὶάχρι
751 2521 827 2580 τοῦδε
840 2516 926 2596 λόγων
941 2513 1032 2576 άκούει

255 2641 269 2667 α
285 2610 359 2692 παρά
373 2614 421 2683 τῆς
443 2612 554 2689 βουλῆς,
578 2600 707 2689 ἰργονδί
730 2606 802 2667 οῦδίν
829 2611 879 2687 δρᾷ
897 2605 1031 2685 γινάμινον

245 2728 269 2755 ¹a
286 2700 313 2769 ἐξ
328 2702 415 2759 αὐτῶν
436 2698 498 2759 ούτε
517 2697 699 2779 φιλάνθρωπον
719 2695 779 2755 οὔτε
800 2695 916 2776 μέτριον,
931 2694 1032 2767 ἐξηπα-

257 2787 381 2860 «τῆσθαί
397 2810 427 2846 τε
445 2785 529 2847 οἴεται
551 2786 678 2854 πολλάκις
699 2787 740 2865 ὐφ’
761 2787 837 2861 ἡμῶν
852 2780 1032 2862 ὑπισχνουμέ-

258 2899 339 2935 ινων
358 2874 430 2959 [μίν]
454 2874 495 2934 uici
517 2898 576 2934 τινα
600 2874 725 2955 πρένοιαν
743 2874 824 2933 αὐτοῦ
848 2873 1031 2949 ποιήσασθαι,

257 2994 270 3018 ι
287 2962 370 3043 μηδέν
389 2964 417 3024 δέ
440 2961 648 3044 προνοουμένων.
693 2961 843 3040 Πρεσύείας
866 2962 894 3022 δέ
916 2960 1031 3038 πέμπειν

258 3082 271 3109 ι
289 3055 338 3133 οὐχ
351 3051 476 3129 ὑπομένει
497 3052 541 3111 διά
555 3050 615 3119 τούς
626 3049 717 3110 ἐνθάδε
738 3058 893 3131 κατηγορεῖν
910 3050 1032 3118 εἰωθότας

258 3170 271 3194 ιι
288 3145 378 3215 αἰτοῦ,
399 3140 521 3207 δεδοικώς
543 3137 631 3217 τιμή
653 3161 721 3207 τινος
736 3129 772 3198 ὧν
797 3136 865 3208 άξιοῖ
887 3138 1029 3218 διαμάρτῃ·

259 3256 271 3283 ι
288 3228 360 3311 τάχα
380 3229 403 3288 δ’
421 3227 453 3287 άν
472 3252 499 3288 τι
517 3227 563 3287 καὶ
584 3226 734 3307 φιλοτιμίας
754 3226 867 3299 ἀνοήτου
880 3224 941 3304 πιρῖ
955 3224 1033 3284 αὐτὸν

259 3343 272 3370 ι
289 3315 331 3388 εἴη
349 3317 442 3385 πάθος.
462 3314 518 3379 liat
540 3316 612 3375 οθδέν
626 3340 657 3396 γε
679 3315 847 3392 θαυμαστόν,
870 3313 929 3373 ἐπεὶ
943 3314 990 3373 καί
1005 3314 1031 3372 ἐν

255 3431 267 3458 ι
284 3407 349 3482 ἡμῖν
363 3408 450 3473 αὐτοῖς
471 3404 521 3465 εἰσί
534 3427 617 3478 τινες,
633 3396 670 3469 οῖς
689 3404 719 3462 τὸ
734 3402 822 3481 δύσερι
835 3406 913 3462 τοῦτο
934 3401 980 3461 καῖ
991 3425 1034 3484 ρι-

257 3519 271 3548 s
285 3492 403 3554 λάνεικον
421 3496 530 3567 ἐνοικεῖ,
544 3494 592 3552 οἰκ
608 3491 695 3561 άξιοῦν
708 3495 839 3564 ἡττᾶσθαι
853 3497 899 3550 τοῦ
918 3488 1034 3550 άντιπά-

200 3607 226 3647 σε
257 3583 351 3658 «λον,
374 3581 436 3640 ἄλλ’
453 3583 483 3640 ῖκ
499 3581 596 3648 παντὸς
615 3577 657 3638 tel
672 3582 766 3651 ζητοῦν
780 3586 909 3657 περιεῖναι
922 3577 1032 3659 τρόπον,

258 3696 270 3724 ι
286 3669 332 3732 καί
342 3669 382 3750 μὴ
396 3670 524 3752 πρότερον
535 3668 692 3752 χαρίζεσθαί
707 3693 733 3728 τι
747 3668 765 3741 ἢ
784 3667 876 3728 λαθεῖν
890 3668 921 3728 τὸ
937 3668 1034 3747 μέλλον

255 3787 268 3811 s
282 3751 312 3821 τύ
337 3758 450 3840 πάσχειν
472 3757 633 3840 ὑποχείριον.
675 3755 862 3834 Ἐννοούμενος
882 3754 915 3830 δὴ
940 3763 1034 3831 ταῦτα,

257 3876 270 3900 o
286 3849 376 3928 οἰυμαι
393 3850 446 3909 δεῖν
462 3847 605 3930 πρισύείαν
622 3848 804 3918 ἀποσταλῆναι
826 3846 890 3925 πρὸς
913 3845 972 3913 τοὺς
985 3847 1035 3919 δη·

254 3965 267 3991 ν
284 3937 407 4015 μοτικοῖνς
424 3939 521 3999 ἐκτῶν
547 3936 665 4014 μάλιστα
692 3932 900 4012 πιστευομένων·
921 3930 981 4000 τοὺς
1006 3933 1034 3992 δὲ

200 4055 228 4095 tu
259 4026 554 4104 «ἀποσταλησομένους
576 4023 672 4104 ἄνδρας
693 4022 886 4102 αὐτοκράτορας
902 4013 969 4080 εἰναι
982 4046 1035 4081 πα-

260 4139 272 4165 ι
290 4117 382 4193 ραινῶ,
396 4114 598 4192 διαλυσομένους
614 4115 701 4178 αὐτοῖς
718 4112 767 4184 τὴν
783 4113 875 4170 στάσιν
890 4111 931 4191 ἐφ’
945 4099 982 4178 οἷς
1003 4111 1034 4169 ἂν

257 4227 270 4255 ι
285 4199 359 4260 αύτοί
373 4202 504 4274 δικαιῶσι,
519 4201 566 4261 καί
584 4195 669 4278 μηδὲν
697 4198 782 4281 ἔτιτῇ
798 4200 880 4279 βουλῇ
895 4221 1033 4280 προσανα-

260 4317 274 4344 a
291 4288 426 4371 ρέροντας.
470 4293 504 4351 Εἰ
524 4290 575 4369 γάρ
590 4290 704 4350 εἰσονται
718 4297 794 4350 τοῦτο
812 4288 925 4369 [cinoth
947 4290 970 4349 οῖ
989 4293 1034 4348 νῦν

260 4377 458 4460 «ὑπεροπτικοὶ
479 4380 611 4447 δοκοῦντες
634 4369 701 4438 εἰναι
720 4378 766 4437 καῖ
788 4381 885 4458 βαρεῖς,
908 4376 1035 4454 μαθόντες

184 4534 187 4538 ,
201 4505 227 4545 ta
258 4499 271 4525 a
287 4469 328 4531 ὅτι
340 4470 444 4542 άληθῶς
456 4466 614 4538 σπουδάζετε
625 4468 686 4549 περὶ
699 4467 748 4540 τὴν
762 4467 886 4546 θμάνοιαν
899 4465 983 4546 [καὶ]
999 4469 1035 4536 εἰς

259 4587 272 4615 ι
289 4556 484 4640 ἐπιεικεστέρας
495 4558 702 4634 συγκαθήσουσιν
713 4556 836 4637 αἱρέσεις,
849 4556 923 4615 οῡδίν
936 4552 1036 4623 άξιοῦν-

259 4674 271 4701 ι
287 4670 338 4715 τες
356 4647 416 4708 ούτε
431 4649 484 4706 τῶν
496 4647 612 4727 αἰσχρῶν
622 4643 682 4704 ούτι
697 4650 748 4706 τῶν
764 4643 908 4703 ἀδυνάτων.
931 4641 972 4702 Τδ
982 4642 1035 4723 γάρ

257 4735 459 4816 «ἠρεθισμένον
475 4735 557 4809 άπαν,
575 4733 661 4801 άλλως
675 4757 704 4793 τι
726 4730 775 4797 κᾶν
785 4729 910 4811 Ιταπεινδν
929 4718 957 4806 ᾖ,
971 4727 1036 4808 πρὸς
1091 4749 1104 4776 ι

1089 4837 1103 4863 ι
1116 4828 1206 4868 versus
1225 4813 1345 4879 superbos
1365 4807 1519 4875 exasperari,
1545 4804 1572 4854 et
1589 4795 1664 4848 mltos
1684 4796 1711 4844 et
1735 4789 1826 4842 taclles
1847 4800 1877 4839 εε

1091 4918 1103 4942 ‘¹
1116 4897 1227 4975 tmere
1239 4895 1285 4961 iia,
1297 4907 1313 4943 a
1326 4891 1419 4957 quibus
1433 4887 1539 4940 comiter
1555 4877 1706 4934 tractantur.
1720 4892 1735 4920 ν

259 4847 272 4876 υ
291 4821 340 4898 μέν
355 4823 414 4893 τοὺς
427 4825 659 4906 ύπερηρανοῦντας
674 4819 855 4900 ἀγριαίνεσθαι
869 4816 948 4898 φιλεῖ,
966 4813 1031 4896 πρδς

202 4948 228 4989 ς,
259 4934 272 4961 ι
289 4908 317 4968 δῖ
331 4909 389 4978 τοὺς
403 4910 593 4990 θεραπεύοντας
613 4913 785 4990 ἡμεροῦσθαι.
803 4934 815 4959 ν

249 5032 253 5038 -
296 4995 382 5060 Lvll.
394 4999 488 5059 Ταῦτα
506 4996 622 5064 εἰπόντος
635 5000 682 5056 τοῦ
703 4993 849 5072 Μενηνίου,
867 4996 943 5074 θροῦς
954 4989 1036 5059 πολύς

1100 582 1177 631 14ΙΝΙ.
1197 600 1210 623 ι
1225 577 1289 639 sed,
1302 577 1392 629 dixerit
1405 578 1476 642 qun,
1489 591 1535 629 uos
1550 590 1653 645 quoqne
1664 546 1812 629 seditionem
1823 590 1867 629 se·

1110 666 1218 718 dandam
1237 679 1378 727 censemus,
1399 665 1496 730 hocque
1518 666 1588 717 nobis
1604 678 1655 716 non
1681 665 1765 716 miuus
1783 678 1867 731 quana

1084 776 1097 801 ι
1114 756 1161 830 ttbt
1176 755 1269 821 placet,
1281 757 1308 806 et
1320 754 1352 805 ad
1372 754 1436 805 banc
1447 768 1500 805 rem
1510 754 1618 806 manime
1633 768 1721 807 sumus
1732 755 1866 821 pmpeusi;

1084 863 1097 888 ι
1111 842 1157 895 sed
1167 841 1293 908 quomodo
1307 841 1469 905 sedandasit,
1480 843 1528 895 boc
1544 844 1615 895 nobis
1629 844 1762 896 ostendes!
1776 848 1860 909 potes.

1085 952 1098 978 α
1110 932 1188 985 Vides
1209 934 1275 985 enirn
1305 934 1398 1000 quanta
1419 934 1452 985 sit
1472 933 1498 985 in
1520 934 1593 999 plebe
1618 934 1769 1000 arrogantia,
1790 949 1864 998 quae,

1084 1041 1097 1066 ι
1111 1023 1226 1088 συνειπεῖν
1241 1022 1296 1087 ipsa
1309 1022 1425 1073 iniuriam
1448 1021 1521 1072 uobis
1546 1021 1648 1086 iecerit,
1671 1027 1756 1074 tamen
1778 1022 1865 1074 nullos

1084 1126 1098 1152 κ
1112 1107 1205 1170 legatos
1217 1107 1250 1159 de
1266 1121 1327 1172 pace
1342 1108 1374 1159 ad
1386 1122 1434 1159 uos
1448 1108 1538 1167 mitat,
1560 1122 1641 1173 neque
1661 1110 1755 1161 nostris
1776 1109 1872 1175 legatis

1085 1216 1098 1240 ι
1112 1195 1192 1247 ullum
1208 1194 1281 1247 civile
1299 1209 1330 1246 ac
1348 1195 1487 1249 humanum
1500 1211 1647 1262 responsum
1665 1198 1722 1261 dat,
1740 1198 1786 1250 sed
1800 1199 1868 1251 tastu

1087 1304 1099 1328 ιι
1113 1287 1194 1335 tumet
1205 1287 1232 1336 et
1244 1283 1382 1347 minitatur,
1397 1298 1443 1336 nec
1457 1284 1519 1351 quid
1536 1286 1583 1337 sibi
1602 1286 1663 1338 uelit
1682 1273 1755 1339 laclia
1776 1288 1868 1353 conjici

1085 1391 1098 1417 ι
1112 1372 1202 1436 ροεεεε.
1235 1370 1302 1429 Quid
1327 1371 1402 1435 igitrn
1420 1372 1447 1424 iu
1468 1373 1509 1424 bis
1538 1373 1614 1425 rebus
1631 1374 1703 1425 vobis
1724 1375 1866 1427 iaciendum

1086 1472 1099 1497 ε
1115 1466 1243 1514 mmm,
1256 1453 1350 1505 audite.
1363 1454 1484 1519 Equidem
1499 1467 1580 1519 neque
1595 1455 1693 1521 plebem
1704 1456 1769 1507 adeo
1782 1456 1871 1511 iaton-‚

1086 1557 1099 1582 ι
1114 1551 1168 1589 sam
1177 1537 1249 1588 uobis
1259 1536 1386 1600 existimo,
1403 1541 1432 1591 ut
1444 1539 1597 1590 reconciliari
1608 1540 1683 1600 nolit,
1699 1554 1780 1604 neque
1792 1544 1866 1606 quid·

1086 1639 1099 1664 ι
1114 1620 1180 1684 pam
1199 1631 1285 1670 eorum
1304 1634 1361 1684 qun
1380 1622 1488 1675 minatur
1504 1623 1625 1675 lemurum
1645 1625 1723 1688 puto;
1747 1625 1796 1676 boc
1808 1624 1865 1678 inde

1086 1722 1100 1746 ε
1115 1700 1261 1765 wiliielmi,
1273 1702 1331 1765 quia
1339 1704 1396 1755 eius
1404 1705 1553 1775 bctadictis
1564 1719 1612 1758 nou
1627 1706 1779 1772 respondent
1790 1728 1797 1757 ε
1810 1707 1867 1773 qui·

1086 1802 1100 1829 ι
1113 1782 1181 1834 nimo
1203 1796 1257 1834 eam
1276 1785 1344 1849 pacis
1365 1786 1445 1839 multo
1470 1802 1546 1854 quam
1561 1803 1613 1855 nos
1631 1789 1796 1857 ‚cupidiorem
1812 1803 1868 1842 esse

1086 1905 1098 1929 ι
1116 1886 1230 1938 arbitror.
1262 1886 1312 1935 llos
1331 1883 1397 1936 enim
1419 1879 1526 1947 patriam
1542 1873 1706 1941 almissimam
1720 1873 1867 1934 innuimus,

1089 1985 1103 2009 ι
1116 1973 1143 2019 et
1156 1984 1196 2022 res
1210 1969 1347 2021 adulatum
1363 1965 1529 2026 necessarias,
1543 1964 1570 2013 et
1581 1959 1671 2010 domos
1678 1995 1688 2022 ,
1702 1960 1728 2010 et
1743 1960 1867 2024 parentes,

1091 2069 1104 2094 ι
1120 2054 1146 2103 σε
1160 2053 1241 2103 omnia
1255 2066 1313 2119 quae
1329 2051 1361 2102 ab
1374 2047 1517 2101 bominibus
1530 2042 1631 2111 plurimi
1651 2041 1716 2092 liunt
1738 2042 1763 2092 in
1784 2047 1869 2093 nostra

1089 2151 1102 2176 «ι
1117 2136 1238 2197 potestate
1254 2133 1396 2185 habemuse
1416 2135 1444 2181 at
1461 2128 1503 2179 illa
1515 2128 1555 2178 est
1571 2124 1692 2186 εκευττῖν,
1704 2125 1730 2173 et
1740 2122 1793 2173 sine
1807 2122 1868 2173 lari·

1091 2233 1103 2258 ι
1121 2214 1181 2279 bus,
1193 2217 1219 2266 et
1230 2216 1282 2267 suls
1298 2213 1446 2285 secmariis
1464 2209 1565 2270 orbata,
1582 2208 1702 2273 victuque
1722 2205 1873 2271 quotidiano

1092 2316 1104 2341 ν
1118 2311 1168 2349 non
1184 2299 1317 2350 admodum
1329 2297 1448 2349 abundat.
1480 2291 1555 2353 Quod
1568 2291 1658 2355 siquis
1668 2303 1699 2340 en
1710 2303 1751 2340 mc
1760 2295 1868 2354 quaerat,

1094 2403 1107 2429 ι
1124 2397 1170 2435 cnr
1180 2384 1265 2449 igitur,
1280 2382 1394 2448 συειτιτεο
1413 2380 1506 2431 misera
1519 2374 1672 2428 conditiones
1689 2372 1722 2425 ad
1732 2387 1797 2437 quas
1811 2387 1873 2426 eam

1093 2486 1106 2512 ε
1120 2467 1255 2519 invitamus
1264 2481 1315 2517 non
1328 2464 1435 2530 amipli?
1448 2476 1494 2514 cur
1503 2460 1600 2512 nullam
1609 2458 1755 2523 legationem
1769 2456 1803 2509 ad
1820 2471 1870 2509 nos

1093 2549 1257 2601 ambutant
1269 2549 1426 2614 respondeo:
1442 2545 1517 2612 quia,
1530 2540 1811 2609 perloucm,adbanc
1827 2554 1873 2592 us-

1092 2653 1105 2678 «
1121 2646 1171 2698 que
1181 2633 1249 2685 diem
1259 2634 1335 2685 verba
1344 2636 1440 2685 tantum
1457 2645 1473 2682 a
1484 2630 1572 2681 senatu
1583 2626 1664 2688 audit,
1675 2629 1702 2677 et
1712 2626 1775 2676 nibil
1785 2639 1872 2677 eorum

1093 2736 1105 2761 ι
1121 2729 1180 2782 gae
1193 2717 1329 2780 dicuntur,
1350 2716 1391 2768 vel
1403 2717 1512 2767 bumana
1523 2711 1564 2764 sel
1579 2711 1708 2762 moderata
1721 2710 1775 2762 iteri
1786 2710 1870 2771 ridet;

1093 2817 1106 2842 ι
1119 2801 1146 2850 et
1159 2799 1285 2851 ετῖεεῖιυεε
1298 2812 1327 2851 se
1341 2799 1433 2863 sapius
1444 2797 1493 2847 iam
1511 2793 1642 2857 deceptam
1659 2790 1738 2843 tuisse
1757 2791 1870 2853 anobis,

1094 2897 1107 2922 a
1122 2880 1165 2943 qni
1183 2893 1282 2946 semper
1298 2880 1465 2948 promittimus
1480 2877 1590 2940 aliquam
1613 2887 1659 2924 nus
1679 2873 1736 2923 eius
1750 2872 1871 2922 rationem

1092 2988 1103 3013 ·
1123 2968 1266 3030 habituros,
1280 2969 1306 3017 et
1320 2967 1404 3017 tamen
1416 2961 1477 3013 nibil
1497 2961 1656 3026 prestamus.
1692 2958 1797 3021 Legatos
1810 2969 1873 3007 vero

1094 3068 1107 3094 ι
1122 3049 1222 3101 mittere
1231 3060 1281 3098 non
1292 3045 1362 3106 νιιῖε,
1374 3042 1408 3094 ob
1418 3055 1477 3093 suos
1494 3040 1667 3098 accusatores,
1683 3038 1729 3102 qui
1746 3037 1786 3087 bic
1798 3040 1870 3099 suut,

1090 3147 1103 3172 ι
1124 3141 1155 3179 ne
1174 3141 1259 3179 rerum
1278 3139 1294 3174 a
1313 3138 1342 3176 sa
1357 3121 1539 3189 postulatarum
1557 3116 1667 3182 aliquam
1681 3116 1807 3181 repulsam
1824 3133 1872 3183 pa-

1093 3235 1105 3259 «
1122 3215 1208 3265 tiator.
1241 3213 1357 3262 Fortasse
1368 3207 1446 3260 etiarn
1456 3204 1539 3269 aliquo
1552 3202 1638 3252 stultu
1653 3199 1796 3252 ambitionis
1810 3203 1873 3253 vitio

1093 3316 1106 3341 ι
1122 3296 1225 3347 ῖσενυτεε.
1243 3297 1328 3357 Neque
1339 3305 1399 3343 sero
1413 3290 1460 3340 hoc
1471 3289 1563 3339 mirum
1584 3302 1590 3333 :
1609 3283 1730 3347 siquidem
1745 3284 1810 3333 inter
1823 3299 1873 3337 uos

1093 3398 1105 3423 ι
1121 3378 1188 3443 ipsos
1197 3374 1306 3427 nonnulli
1320 3375 1391 3435 suut,
1402 3382 1510 3434 quorum
1522 3366 1612 3418 animia
1623 3366 1677 3416 lraec
1691 3365 1776 3429 gravia
1790 3364 1873 3429 litigia

1093 3483 1106 3507 ι
1121 3468 1147 3515 et
1168 3459 1353 3513 contentionum
1378 3454 1462 3508 studia
1479 3451 1555 3502 insita
1575 3451 1647 3511 suut,
1669 3450 1760 3513 quique
1780 3448 1875 3499 nolunt

1093 3545 1167 3610 «pau
1184 3557 1211 3595 se
1225 3542 1256 3594 ab
1268 3537 1416 3592 adversariis
1428 3536 1454 3586 in
1468 3531 1593 3598 republica
1606 3529 1733 3595 superari,
1747 3529 1790 3581 sed
1804 3543 1873 3593 qna·

1092 3628 1160 3679 avis
1187 3625 1282 3677 ratione
1306 3633 1403 3686 semper
1425 3616 1567 3681 superiores
1586 3626 1642 3664 esse
1665 3615 1803 3672 conantur,
1826 3624 1875 3662 nec

1094 3729 1107 3754 ι
1120 3709 1191 3775 prius
1202 3704 1349 3758 beneficium
1360 3701 1442 3766 largiri
1452 3700 1553 3757 volunt,
1568 3709 1644 3760 quam
1658 3707 1703 3746 eos
1716 3694 1760 3758 qui
1773 3693 1798 3743 id
1812 3699 1873 3745 sunt

1093 3820 1106 3844 ι
1120 3795 1248 3863 accepturi
1262 3796 1287 3845 in
1298 3806 1369 3843 suum
1381 3791 1531 3855 potestatem
1542 3783 1690 3847 redegerint.
1725 3784 1786 3833 limo
1797 3780 1876 3845 igitur

1093 3903 1106 3927 ι
1122 3882 1241 3947 cantans.
1258 3890 1347 3929 censeo
1372 3876 1467 3938 legatos
1490 3869 1523 3921 ad
1545 3868 1644 3935 piebem
1665 3865 1815 3926 mittendos,
1841 3879 1871 3915 cx

1092 3987 1105 4012 a
1120 3966 1151 4016 iis
1162 3963 1254 4028 quibus
1267 3962 1310 4013 illa
1321 3959 1455 4011 maximam
1468 3955 1503 4007 slt
1513 3951 1630 4005 habitura
1644 3949 1730 4000 fidem.
1747 3949 1797 4000 lllis
1813 3963 1877 4000 reru

1092 4049 1159 4113 aqui
1175 4047 1314 4104 minentur,
1335 4044 1437 4095 liberam
1460 4042 1535 4103 atque
1559 4034 1700 4088 absolutam
1723 4036 1875 4098 potestatem

1091 4153 1104 4178 ι
1117 4130 1224 4184 dandam
1236 4127 1373 4189 seditionis,
1387 4124 1503 4177 amandas
1511 4116 1692 4172 conditionibus
1706 4128 1770 4178 quas
1781 4114 1876 4165 iudica·

1090 4236 1103 4261 ι
1117 4216 1169 4267 rint
1178 4226 1280 4278 equas,
1304 4211 1339 4262 ita
1352 4214 1381 4260 ut
1393 4206 1455 4258 nihil
1468 4202 1575 4268 amplius
1586 4200 1619 4250 ad
1628 4201 1742 4250 senatum
1757 4198 1874 4248 referant.

1090 4318 1102 4343 a
1116 4297 1219 4350 sienim
1246 4295 1269 4346 ei
1297 4294 1341 4358 qui
1370 4304 1436 4343 nunc
1468 4283 1568 4351 superbi
1591 4285 1617 4333 et
1635 4293 1726 4345 graves
1748 4279 1874 4339 uidentur,

1089 4400 1103 4426 κ
1117 4385 1165 4433 boc
1187 4379 1333 4430 nesciverint
1359 4379 1386 4428 et
1409 4371 1570 4436 cognoscent,
1600 4377 1645 4415 ros
1666 4376 1754 4415 revera
1772 4376 1876 4414 concor-

1090 4489 1103 4514 «
1117 4470 1165 4520 dim
1190 4469 1306 4526 studere,
1329 4464 1362 4516 ad
1380 4461 1504 4526 nociores
1529 4451 1682 4505 conditiones
1707 4446 1874 4509 descendent,

1090 4556 1144 4605 «et
1154 4551 1216 4603 nihi
1233 4550 1301 4616 quod
1315 4552 1389 4615 turpe
1408 4545 1457 4609 sit,
1479 4545 1524 4594 aut
1534 4536 1602 4603 quod
1618 4533 1673 4585 lieri
1693 4534 1767 4598 qoem
1779 4531 1876 4595 postu-

1092 4636 1213 4688 slabuut.
1249 4639 1341 4686 ornnes
1363 4630 1429 4685 enirn
1451 4628 1496 4694 qui
1509 4618 1613 4676 'irritati
1635 4619 1707 4678 sunt.
1731 4614 1878 4680 Ρεθεεῐῒὶεεὶ

1118 4726 1214 4779 semsi
1234 4723 1284 4777 sint
1297 4722 1390 4775 intime
1406 4712 1555 4771 conditionis
1575 4706 1706 4769 homines,
1728 4704 1811 4755 solent
1826 4701 1876 4754 ad-

1121 4993 1197 5043 Lvli.
1214 4990 1267 5040 Hac
1280 4987 1391 5039 oratione
1412 4999 1428 5036 a
1447 4980 1562 5034 Menenio
1583 4978 1689 5041 habita,
1704 4986 1820 5027 murmur
1832 4972 1877 5023 in-

258 5079 515 5166 ἐνῖπεσετῇβουλῇ,
531 5086 577 5146 καί
599 5085 734 5145 διελάλουν
758 5084 864 5145 ἔκαστοι
882 5081 952 5143 κατά
966 5104 1035 5157 συμ·
1089 5084 1187 5148 gensin
1203 5085 1291 5133 senatu
1303 5082 1342 5131 est
1360 5080 1444 5130 ortum
1465 5075 1492 5126 et
1507 5076 1591 5139 patres
1613 5067 1701 5135 singuli
1715 5066 1878 5119 σσεεικιαεῖαι

259 5167 363 5250 μορίας,
379 5174 403 5231 οἱ
419 5174 466 5249 μίν
479 5174 582 5242 οἰκείως
603 5172 762 5251 διακείμενοι
780 5172 844 5250 πρὸς
867 5169 927 5239 τοὺς
950 5172 1032 5247 δημο-
1090 5171 1316 5236 colloquebantur:
1333 5170 1407 5234 atque
1420 5165 1456 5217 illi
1467 5164 1510 5229 qui
1523 5161 1589 5228 plebi
1607 5157 1727 5212 iacebant
1738 5168 1796 5208 sese
1804 5153 1876 5205 inui-

256 5255 345 5326 τικείις
366 5262 580 5358 παρακαλοῦντες
605 5261 735 5336 ἀλλήλους
755 5270 845 5320 πᾶσαν
870 5258 1035 5341 εἰσφέρεσθαι
1090 5274 1144 5314 cem
1166 5257 1363 5313 adhortabantur
1382 5255 1415 5308 ad
1427 5266 1528 5306 omnem
1544 5262 1618 5303 suam
1636 5258 1740 5314 operam
1756 5242 1879 5295 alacriter
