<?xml version="1.0" encoding="UTF-8"?>
<!DOCTYPE html PUBLIC "-//W3C//DTD XHTML 1.0 Transitional//EN"
    "http://www.w3.org/TR/xhtml1/DTD/xhtml1-transitional.dtd">
<html xmlns="http://www.w3.org/1999/xhtml" xml:lang="en" lang="en">
 <head>
  <title>
</title>
<meta http-equiv="Content-Type" content="text/html;charset=utf-8" />
  <meta name='ocr-system' content='tesseract 3.04.00' />
  <meta name='ocr-capabilities' content='ocr_page ocr_carea ocr_par ocr_line ocrx_word'/>
</head>
<body>
  <div class='ocr_page' id='page_1' title='image "./dionysiihalicar01prougoog/dionysiihalicar01prougoog_0125.png"; bbox 0 0 4068 5924; ppageno 0'>
   <div class='ocr_carea' id='block_1_1' title="bbox 263 421 320 480">
    <p class='ocr_par' dir='ltr' id='par_1_1' title="bbox 263 421 320 480">
     <span class='ocr_line' id='line_1_1' title="bbox 263 421 320 480; baseline 0 -1"><span class='ocrx_word' id='word_1_1' title='bbox 263 421 320 480; x_wconf 77' lang='lat' dir='ltr'><strong>riu</strong></span> 
     </span>
    </p>
   </div>
   <div class='ocr_carea' id='block_1_2' title="bbox 166 547 1038 5287">
    <p class='ocr_par' dir='ltr' id='par_1_2' title="bbox 166 547 1038 5287">
     <span class='ocr_line' id='line_1_2' title="bbox 258 547 1034 629; baseline 0.004 -24"><span class='ocrx_word' id='word_1_2' title='bbox 258 547 351 629; x_wconf 85' lang='grc' dir='ltr'>λόγον,</span> <span class='ocrx_word' id='word_1_3' title='bbox 367 549 523 628; x_wconf 71' lang='grc' dir='ltr'><strong>Ιίλουλόμενον</strong></span> <span class='ocrx_word' id='word_1_4' title='bbox 543 550 620 608; x_wconf 73' lang='grc' dir='ltr'>αὖτὀν</span> <span class='ocrx_word' id='word_1_5' title='bbox 638 548 816 618; x_wconf 78' lang='grc' dir='ltr'>ἐπιδείξασθαι</span> <span class='ocrx_word' id='word_1_6' title='bbox 837 550 890 616; x_wconf 87' lang='grc' dir='ltr'>τοῖς</span> <span class='ocrx_word' id='word_1_7' title='bbox 904 552 1034 608; x_wconf 80' lang='grc' dir='ltr'>ἀπιστοῦ-</span> 
     </span>
     <span class='ocr_line' id='line_1_3' title="bbox 260 635 1036 718; baseline -0.001 -22"><span class='ocrx_word' id='word_1_8' title='bbox 260 661 301 696; x_wconf 92' lang='grc' dir='ltr'><strong>σιν</strong></span> <span class='ocrx_word' id='word_1_9' title='bbox 316 637 421 717; x_wconf 79' lang='grc' dir='ltr'>ἐναργές</span> <span class='ocrx_word' id='word_1_10' title='bbox 442 662 467 695; x_wconf 94' lang='grc' dir='ltr'><strong>τι</strong></span> <span class='ocrx_word' id='word_1_11' title='bbox 488 639 597 715; x_wconf 73' lang='grc' dir='ltr'>μήνυμα</span> <span class='ocrx_word' id='word_1_12' title='bbox 619 641 665 709; x_wconf 81' lang='grc' dir='ltr'><strong>τῆς</strong></span> <span class='ocrx_word' id='word_1_13' title='bbox 686 638 751 718; x_wconf 80' lang='grc' dir='ltr'>πρὸς</span> <span class='ocrx_word' id='word_1_14' title='bbox 775 638 822 710; x_wconf 82' lang='grc' dir='ltr'><strong>τὴν</strong></span> <span class='ocrx_word' id='word_1_15' title='bbox 846 635 949 714; x_wconf 85' lang='grc' dir='ltr'>δαίμον’</span> <span class='ocrx_word' id='word_1_16' title='bbox 972 642 1036 714; x_wconf 85' lang='grc' dir='ltr'>όμι·</span> 
     </span>
     <span class='ocr_line' id='line_1_4' title="bbox 259 723 1037 804; baseline 0.001 -22"><span class='ocrx_word' id='word_1_17' title='bbox 259 723 328 798; x_wconf 89' lang='grc' dir='ltr'>λίας,</span> <span class='ocrx_word' id='word_1_18' title='bbox 343 725 387 783; x_wconf 88' lang='grc' dir='ltr'><strong>καὶ</strong></span> <span class='ocrx_word' id='word_1_19' title='bbox 403 725 558 804; x_wconf 79' lang='grc' dir='ltr'>διδαχθέντα</span> <span class='ocrx_word' id='word_1_20' title='bbox 573 727 619 783; x_wconf 79' lang='grc' dir='ltr'>ὑπ’</span> <span class='ocrx_word' id='word_1_21' title='bbox 633 727 715 797; x_wconf 77' lang='grc' dir='ltr'>αὐτῆς</span> <span class='ocrx_word' id='word_1_22' title='bbox 728 730 840 795; x_wconf 74' lang='grc' dir='ltr'>ποιῆσαι</span> <span class='ocrx_word' id='word_1_23' title='bbox 860 727 938 785; x_wconf 87' lang='grc' dir='ltr'>τάδε·</span> <span class='ocrx_word' id='word_1_24' title='bbox 952 723 1037 784; x_wconf 85' lang='grc' dir='ltr'>καλέ·</span> 
     </span>
     <span class='ocr_line' id='line_1_5' title="bbox 166 811 1036 891; baseline -0.001 -20"><span class='ocrx_word' id='word_1_25' title='bbox 166 871 169 876; x_wconf 87' lang='grc'>,</span> <span class='ocrx_word' id='word_1_26' title='bbox 261 834 346 871; x_wconf 83' lang='grc' dir='ltr'>σαντα</span> <span class='ocrx_word' id='word_1_27' title='bbox 359 812 502 889; x_wconf 86' lang='grc' dir='ltr'>Ῥωμαίων</span> <span class='ocrx_word' id='word_1_28' title='bbox 518 811 631 878; x_wconf 78' lang='grc' dir='ltr'>πολλοὺς</span> <span class='ocrx_word' id='word_1_29' title='bbox 645 814 692 872; x_wconf 85' lang='grc' dir='ltr'><strong>καὶ</strong></span> <span class='ocrx_word' id='word_1_30' title='bbox 706 814 818 891; x_wconf 76' lang='grc' dir='ltr'>ἀγαθοὺς</span> <span class='ocrx_word' id='word_1_31' title='bbox 831 816 867 879; x_wconf 86' lang='grc' dir='ltr'><strong>είς</strong></span> <span class='ocrx_word' id='word_1_32' title='bbox 881 814 930 885; x_wconf 72' lang='grc' dir='ltr'><strong>τὴν</strong></span> <span class='ocrx_word' id='word_1_33' title='bbox 940 812 1036 885; x_wconf 88' lang='grc' dir='ltr'>οίκίαν,</span> 
     </span>
     <span class='ocr_line' id='line_1_6' title="bbox 216 894 1035 983; baseline 0.001 -24"><span class='ocrx_word' id='word_1_34' title='bbox 216 921 233 959; x_wconf 79' lang='lat' dir='ltr'><strong>n</strong></span> <span class='ocrx_word' id='word_1_35' title='bbox 260 894 324 983; x_wconf 70' lang='grc' dir='ltr'><strong>ένῇ</strong></span> <span class='ocrx_word' id='word_1_36' title='bbox 349 899 518 974; x_wconf 75' lang='grc' dir='ltr'>διαιτώμενος</span> <span class='ocrx_word' id='word_1_37' title='bbox 543 900 701 979; x_wconf 81' lang='grc' dir='ltr'>ἐτύγχανεν,</span> <span class='ocrx_word' id='word_1_38' title='bbox 729 900 819 961; x_wconf 81' lang='grc' dir='ltr'>ἔπειτα</span> <span class='ocrx_word' id='word_1_39' title='bbox 843 900 962 971; x_wconf 79' lang='grc' dir='ltr'>ῖείξαντα</span> <span class='ocrx_word' id='word_1_40' title='bbox 981 903 1035 969; x_wconf 85' lang='grc' dir='ltr'>τοῖς</span> 
     </span>
     <span class='ocr_line' id='line_1_7' title="bbox 260 988 1037 1072; baseline 0.001 -25"><span class='ocrx_word' id='word_1_41' title='bbox 260 991 362 1049; x_wconf 78' lang='grc' dir='ltr'>ἐλθοῦσι</span> <span class='ocrx_word' id='word_1_42' title='bbox 380 989 415 1048; x_wconf 77' lang='grc' dir='ltr'><strong>τὰ</strong></span> <span class='ocrx_word' id='word_1_43' title='bbox 428 988 500 1056; x_wconf 80' lang='grc' dir='ltr'>ἔνδον</span> <span class='ocrx_word' id='word_1_44' title='bbox 522 993 556 1069; x_wconf 86' lang='grc' dir='ltr'><strong>τῇ</strong></span> <span class='ocrx_word' id='word_1_45' title='bbox 571 991 598 1047; x_wconf 85' lang='grc' dir='ltr'><strong>τ’</strong></span> <span class='ocrx_word' id='word_1_46' title='bbox 614 988 682 1068; x_wconf 85' lang='grc' dir='ltr'>ἀλλῃ</span> <span class='ocrx_word' id='word_1_47' title='bbox 705 994 857 1069; x_wconf 76' lang='grc' dir='ltr'>κατασκευῇ</span> <span class='ocrx_word' id='word_1_48' title='bbox 876 988 982 1072; x_wconf 89' lang='grc' dir='ltr'>φαύλως</span> <span class='ocrx_word' id='word_1_49' title='bbox 996 1014 1037 1048; x_wconf 83' lang='grc' dir='ltr'><strong>κε·</strong></span> 
     </span>
     <span class='ocr_line' id='line_1_8' title="bbox 263 1075 1036 1157; baseline -0.001 -22"><span class='ocrx_word' id='word_1_50' title='bbox 263 1076 451 1157; x_wconf 84' lang='grc' dir='ltr'>χορηγημίνα,</span> <span class='ocrx_word' id='word_1_51' title='bbox 477 1076 523 1136; x_wconf 86' lang='grc' dir='ltr'><strong>καί</strong></span> <span class='ocrx_word' id='word_1_52' title='bbox 543 1075 575 1147; x_wconf 79' lang='grc' dir='ltr'><strong>δὴ</strong></span> <span class='ocrx_word' id='word_1_53' title='bbox 595 1076 707 1136; x_wconf 76' lang='grc' dir='ltr'>καὶτῶν</span> <span class='ocrx_word' id='word_1_54' title='bbox 732 1081 768 1145; x_wconf 83' lang='grc' dir='ltr'><strong>εἶς</strong></span> <span class='ocrx_word' id='word_1_55' title='bbox 790 1079 905 1138; x_wconf 79' lang='grc' dir='ltr'>ἑστίασιν</span> <span class='ocrx_word' id='word_1_56' title='bbox 926 1078 1036 1157; x_wconf 79' lang='grc' dir='ltr'>ὀχλικὴν</span> 
     </span>
     <span class='ocr_line' id='line_1_9' title="bbox 261 1164 1036 1244; baseline -0.004 -20"><span class='ocrx_word' id='word_1_57' title='bbox 261 1165 415 1234; x_wconf 73' lang='grc' dir='ltr'>ἐπιτηδείων</span> <span class='ocrx_word' id='word_1_58' title='bbox 431 1165 529 1244; x_wconf 78' lang='grc' dir='ltr'>ἄπορα,</span> <span class='ocrx_word' id='word_1_59' title='bbox 541 1164 602 1224; x_wconf 91' lang='grc' dir='ltr'>τότε</span> <span class='ocrx_word' id='word_1_60' title='bbox 617 1164 664 1243; x_wconf 77' lang='grc' dir='ltr'><strong>μὲν</strong></span> <span class='ocrx_word' id='word_1_61' title='bbox 680 1165 897 1226; x_wconf 77' lang='grc' dir='ltr'>ἀπαλλάττεσθαι</span> <span class='ocrx_word' id='word_1_62' title='bbox 911 1164 1036 1236; x_wconf 88' lang='grc' dir='ltr'>κελεύειν,</span> 
     </span>
     <span class='ocr_line' id='line_1_10' title="bbox 260 1250 1037 1330; baseline -0.001 -20"><span class='ocrx_word' id='word_1_63' title='bbox 260 1253 295 1318; x_wconf 85' lang='grc' dir='ltr'><strong>είς</strong></span> <span class='ocrx_word' id='word_1_64' title='bbox 309 1253 422 1330; x_wconf 74' lang='grc' dir='ltr'>ἑσπέραν</span> <span class='ocrx_word' id='word_1_65' title='bbox 437 1253 466 1310; x_wconf 81' lang='grc' dir='ltr'><strong>δέ</strong></span> <span class='ocrx_word' id='word_1_66' title='bbox 486 1254 576 1311; x_wconf 83' lang='grc' dir='ltr'>καλεῖν</span> <span class='ocrx_word' id='word_1_67' title='bbox 591 1250 685 1318; x_wconf 82' lang='grc' dir='ltr'>αὐτοὺς</span> <span class='ocrx_word' id='word_1_68' title='bbox 708 1253 752 1311; x_wconf 81' lang='grc' dir='ltr'>ἐπὶ</span> <span class='ocrx_word' id='word_1_69' title='bbox 766 1252 796 1310; x_wconf 80' lang='grc' dir='ltr'><strong>τὸ</strong></span> <span class='ocrx_word' id='word_1_70' title='bbox 815 1255 930 1310; x_wconf 78' lang='grc' dir='ltr'>δεῖπνον·</span> <span class='ocrx_word' id='word_1_71' title='bbox 950 1274 1037 1330; x_wconf 85' lang='grc' dir='ltr'>παρα·</span> 
     </span>
     <span class='ocr_line' id='line_1_11' title="bbox 207 1338 1036 1419; baseline -0.001 -23"><span class='ocrx_word' id='word_1_72' title='bbox 207 1368 233 1408; x_wconf 82' lang='lat'><strong>10</strong></span> <span class='ocrx_word' id='word_1_73' title='bbox 260 1338 408 1416; x_wconf 88' lang='grc' dir='ltr'>γινομένοις</span> <span class='ocrx_word' id='word_1_74' title='bbox 422 1338 449 1397; x_wconf 82' lang='grc' dir='ltr'>δέ</span> <span class='ocrx_word' id='word_1_75' title='bbox 464 1339 534 1398; x_wconf 78' lang='grc' dir='ltr'>κατὰ</span> <span class='ocrx_word' id='word_1_76' title='bbox 549 1340 596 1410; x_wconf 68' lang='grc' dir='ltr'><strong>την</strong></span> <span class='ocrx_word' id='word_1_77' title='bbox 616 1340 819 1419; x_wconf 85' lang='grc' dir='ltr'>ἀποδειχθεῖσαν</span> <span class='ocrx_word' id='word_1_78' title='bbox 843 1338 915 1417; x_wconf 87' lang='grc' dir='ltr'>ῶραν</span> <span class='ocrx_word' id='word_1_79' title='bbox 934 1339 1036 1398; x_wconf 77' lang='grc' dir='ltr'>ἀπιδεῖ-</span> 
     </span>
     <span class='ocr_line' id='line_1_12' title="bbox 260 1426 1037 1506; baseline -0.003 -22"><span class='ocrx_word' id='word_1_80' title='bbox 260 1426 302 1495; x_wconf 78' lang='grc' dir='ltr'><strong>ξαι</strong></span> <span class='ocrx_word' id='word_1_81' title='bbox 317 1426 456 1506; x_wconf 84' lang='grc' dir='ltr'>στρωμνάς</span> <span class='ocrx_word' id='word_1_82' title='bbox 475 1450 505 1488; x_wconf 89' lang='grc' dir='ltr'><strong>τε</strong></span> <span class='ocrx_word' id='word_1_83' title='bbox 523 1429 675 1493; x_wconf 82' lang='grc' dir='ltr'>πολυτελεῖς</span> <span class='ocrx_word' id='word_1_84' title='bbox 692 1428 737 1486; x_wconf 83' lang='grc' dir='ltr'><strong>καλ</strong></span> <span class='ocrx_word' id='word_1_85' title='bbox 757 1427 888 1505; x_wconf 73' lang='grc' dir='ltr'>τραπέζας</span> <span class='ocrx_word' id='word_1_86' title='bbox 910 1428 1037 1502; x_wconf 84' lang='grc' dir='ltr'>ἐκπωμά-</span> 
     </span>
     <span class='ocr_line' id='line_1_13' title="bbox 258 1513 1038 1593; baseline 0.001 -21"><span class='ocrx_word' id='word_1_87' title='bbox 258 1538 310 1574; x_wconf 87' lang='grc' dir='ltr'>των</span> <span class='ocrx_word' id='word_1_88' title='bbox 330 1515 461 1593; x_wconf 76' lang='grc' dir='ltr'>γεμούσας</span> <span class='ocrx_word' id='word_1_89' title='bbox 474 1518 580 1574; x_wconf 84' lang='grc' dir='ltr'>πολλῶν</span> <span class='ocrx_word' id='word_1_90' title='bbox 595 1517 639 1581; x_wconf 86' lang='grc' dir='ltr'><strong>καῖ</strong></span> <span class='ocrx_word' id='word_1_91' title='bbox 654 1519 760 1587; x_wconf 81' lang='grc' dir='ltr'>κακῶν,</span> <span class='ocrx_word' id='word_1_92' title='bbox 776 1513 893 1574; x_wconf 74' lang='grc' dir='ltr'>ἑστίασίν</span> <span class='ocrx_word' id='word_1_93' title='bbox 909 1517 934 1573; x_wconf 82' lang='grc' dir='ltr'><strong>τ’</strong></span> <span class='ocrx_word' id='word_1_94' title='bbox 950 1517 1038 1581; x_wconf 86' lang='grc' dir='ltr'>αὐτοῖς</span> 
     </span>
     <span class='ocr_line' id='line_1_14' title="bbox 258 1602 1038 1682; baseline -0.001 -21"><span class='ocrx_word' id='word_1_95' title='bbox 258 1609 417 1682; x_wconf 87' lang='grc' dir='ltr'>παραθεῖναι</span> <span class='ocrx_word' id='word_1_96' title='bbox 445 1606 638 1663; x_wconf 79' lang='grc' dir='ltr'>κατακλιθεῖσιν</span> <span class='ocrx_word' id='word_1_97' title='bbox 663 1603 769 1674; x_wconf 83' lang='grc' dir='ltr'>ἁπάσης</span> <span class='ocrx_word' id='word_1_98' title='bbox 797 1604 906 1675; x_wconf 80' lang='grc' dir='ltr'>ἐδωδῆς,</span> <span class='ocrx_word' id='word_1_99' title='bbox 926 1602 959 1675; x_wconf 72' lang='grc' dir='ltr'><strong>ἣν</strong></span> <span class='ocrx_word' id='word_1_100' title='bbox 981 1602 1038 1662; x_wconf 82' lang='grc' dir='ltr'>οὐδ’</span> 
     </span>
     <span class='ocr_line' id='line_1_15' title="bbox 259 1690 1036 1772; baseline -0.003 -23"><span class='ocrx_word' id='word_1_101' title='bbox 259 1694 292 1749; x_wconf 78' lang='grc' dir='ltr'><strong>ἂν</strong></span> <span class='ocrx_word' id='word_1_102' title='bbox 311 1694 342 1751; x_wconf 81' lang='grc' dir='ltr'><strong>ἐκ</strong></span> <span class='ocrx_word' id='word_1_103' title='bbox 367 1693 465 1751; x_wconf 78' lang='grc' dir='ltr'>πολλοῦ</span> <span class='ocrx_word' id='word_1_104' title='bbox 493 1694 562 1751; x_wconf 89' lang='grc' dir='ltr'>πάνυ</span> <span class='ocrx_word' id='word_1_105' title='bbox 588 1692 683 1771; x_wconf 85' lang='grc' dir='ltr'>χρόνου</span> <span class='ocrx_word' id='word_1_106' title='bbox 705 1690 960 1772; x_wconf 85' lang='grc' dir='ltr'>παρασκευάσασθαί</span> <span class='ocrx_word' id='word_1_107' title='bbox 986 1713 1036 1748; x_wconf 88' lang='grc' dir='ltr'>τινι</span> 
     </span>
     <span class='ocr_line' id='line_1_16' title="bbox 207 1771 1036 1859; baseline -0.001 -22"><span class='ocrx_word' id='word_1_108' title='bbox 207 1785 231 1846; x_wconf 66' lang='lat'><strong>15&#39;</strong></span> <span class='ocrx_word' id='word_1_109' title='bbox 259 1781 311 1847; x_wconf 84' lang='grc' dir='ltr'><strong>τῶν</strong></span> <span class='ocrx_word' id='word_1_110' title='bbox 333 1778 388 1838; x_wconf 86' lang='grc' dir='ltr'>τότ’</span> <span class='ocrx_word' id='word_1_111' title='bbox 409 1778 552 1859; x_wconf 87' lang='grc' dir='ltr'>ἀνθρώπων</span> <span class='ocrx_word' id='word_1_112' title='bbox 579 1780 665 1859; x_wconf 79' lang='grc' dir='ltr'>ῥᾴδιον</span> <span class='ocrx_word' id='word_1_113' title='bbox 690 1771 731 1847; x_wconf 73' lang='grc' dir='ltr'><strong>ἧν.</strong></span> <span class='ocrx_word' id='word_1_114' title='bbox 774 1780 836 1845; x_wconf 82' lang='grc' dir='ltr'>Τοῖς</span> <span class='ocrx_word' id='word_1_115' title='bbox 849 1776 876 1837; x_wconf 86' lang='grc' dir='ltr'>δέ</span> <span class='ocrx_word' id='word_1_116' title='bbox 891 1778 1036 1856; x_wconf 85' lang='grc' dir='ltr'>Ῥωμαίοις</span> 
     </span>
     <span class='ocr_line' id='line_1_17' title="bbox 263 1866 1035 1946; baseline -0.001 -21"><span class='ocrx_word' id='word_1_117' title='bbox 263 1866 430 1940; x_wconf 81' lang='grc' dir='ltr'>κατάπληξίν</span> <span class='ocrx_word' id='word_1_118' title='bbox 444 1890 472 1926; x_wconf 91' lang='grc' dir='ltr'><strong>τε</strong></span> <span class='ocrx_word' id='word_1_119' title='bbox 484 1868 550 1946; x_wconf 81' lang='grc' dir='ltr'>πρὸς</span> <span class='ocrx_word' id='word_1_120' title='bbox 564 1867 674 1926; x_wconf 75' lang='grc' dir='ltr'>ἕκαστον</span> <span class='ocrx_word' id='word_1_121' title='bbox 688 1871 741 1925; x_wconf 91' lang='grc' dir='ltr'><strong>τῶν</strong></span> <span class='ocrx_word' id='word_1_122' title='bbox 756 1866 894 1945; x_wconf 85' lang='grc' dir='ltr'>δρωμένων</span> <span class='ocrx_word' id='word_1_123' title='bbox 907 1869 1035 1939; x_wconf 78' lang='grc' dir='ltr'>ὑπελθεῖν,</span> 
     </span>
     <span class='ocr_line' id='line_1_18' title="bbox 259 1953 1035 2034; baseline -0.004 -21"><span class='ocrx_word' id='word_1_124' title='bbox 259 1955 304 2014; x_wconf 80' lang='grc' dir='ltr'><strong>καὶ</strong></span> <span class='ocrx_word' id='word_1_125' title='bbox 319 1954 395 2023; x_wconf 79' lang='grc' dir='ltr'>δόξαν</span> <span class='ocrx_word' id='word_1_126' title='bbox 415 1954 441 2022; x_wconf 79' lang='grc' dir='ltr'><strong>ἐξ</strong></span> <span class='ocrx_word' id='word_1_127' title='bbox 456 1954 554 2014; x_wconf 82' lang='grc' dir='ltr'>ἐκείνου</span> <span class='ocrx_word' id='word_1_128' title='bbox 566 1961 611 2014; x_wconf 79' lang='grc' dir='ltr'><strong>τοῦ</strong></span> <span class='ocrx_word' id='word_1_129' title='bbox 632 1953 726 2034; x_wconf 87' lang='grc' dir='ltr'>χρόνον</span> <span class='ocrx_word' id='word_1_130' title='bbox 739 1960 907 2034; x_wconf 83' lang='grc' dir='ltr'>παραστῆναι</span> <span class='ocrx_word' id='word_1_131' title='bbox 920 1954 1035 2034; x_wconf 81' lang='grc' dir='ltr'>βέόαιον,</span> 
     </span>
     <span class='ocr_line' id='line_1_19' title="bbox 259 2044 828 2129; baseline -0.004 -26"><span class='ocrx_word' id='word_1_132' title='bbox 259 2044 299 2103; x_wconf 85' lang='grc' dir='ltr'><strong>ότι</strong></span> <span class='ocrx_word' id='word_1_133' title='bbox 310 2045 356 2103; x_wconf 88' lang='grc' dir='ltr'><strong>θεά</strong></span> <span class='ocrx_word' id='word_1_134' title='bbox 369 2068 408 2111; x_wconf 89' lang='grc' dir='ltr'><strong>τις</strong></span> <span class='ocrx_word' id='word_1_135' title='bbox 422 2047 493 2122; x_wconf 78' lang='grc' dir='ltr'>αύτῷ</span> <span class='ocrx_word' id='word_1_136' title='bbox 509 2047 599 2114; x_wconf 67' lang='grc' dir='ltr'>συνῖην.</span> <span class='ocrx_word' id='word_1_137' title='bbox 822 2114 828 2129; x_wconf 49' lang='grc' dir='ltr'><strong><em>Ι</em></strong></span> 
     </span>
     <span class='ocr_line' id='line_1_20' title="bbox 298 2129 1036 2209; baseline -0.003 -17"><span class='ocrx_word' id='word_1_138' title='bbox 298 2133 370 2193; x_wconf 81' lang='lat' dir='ltr'>LXI.</span> <span class='ocrx_word' id='word_1_139' title='bbox 398 2133 433 2193; x_wconf 84' lang='grc' dir='ltr'>Οί</span> <span class='ocrx_word' id='word_1_140' title='bbox 457 2131 483 2192; x_wconf 75' lang='grc' dir='ltr'><strong>δέ</strong></span> <span class='ocrx_word' id='word_1_141' title='bbox 500 2132 534 2189; x_wconf 76' lang='grc' dir='ltr'><strong>τά</strong></span> <span class='ocrx_word' id='word_1_142' title='bbox 555 2129 663 2208; x_wconf 79' lang='grc' dir='ltr'>μυθώδη</span> <span class='ocrx_word' id='word_1_143' title='bbox 687 2129 773 2188; x_wconf 84' lang='grc' dir='ltr'>πάντα</span> <span class='ocrx_word' id='word_1_144' title='bbox 796 2135 987 2209; x_wconf 83' lang='grc' dir='ltr'>περιαιροῦντες</span> <span class='ocrx_word' id='word_1_145' title='bbox 1005 2132 1036 2190; x_wconf 76' lang='grc' dir='ltr'><strong>ἐκ</strong></span> 
     </span>
     <span class='ocr_line' id='line_1_21' title="bbox 205 2218 1034 2299; baseline -0.001 -20"><span class='ocrx_word' id='word_1_146' title='bbox 205 2248 233 2285; x_wconf 72' lang='lat' dir='ltr'><strong>un</strong></span> <span class='ocrx_word' id='word_1_147' title='bbox 259 2224 307 2291; x_wconf 78' lang='grc' dir='ltr'><strong>τῆς</strong></span> <span class='ocrx_word' id='word_1_148' title='bbox 332 2222 448 2299; x_wconf 77' lang='grc' dir='ltr'>ἱστορίας</span> <span class='ocrx_word' id='word_1_149' title='bbox 467 2218 618 2278; x_wconf 80' lang='grc' dir='ltr'>πεπλάσθαι</span> <span class='ocrx_word' id='word_1_150' title='bbox 638 2219 717 2299; x_wconf 86' lang='grc' dir='ltr'>φασίν</span> <span class='ocrx_word' id='word_1_151' title='bbox 741 2218 792 2276; x_wconf 67' lang='lat' dir='ltr'><strong>tat</strong></span> <span class='ocrx_word' id='word_1_152' title='bbox 810 2223 856 2277; x_wconf 76' lang='grc' dir='ltr'><strong>τοῦ</strong></span> <span class='ocrx_word' id='word_1_153' title='bbox 885 2219 964 2293; x_wconf 88' lang='grc' dir='ltr'>Νόμα</span> <span class='ocrx_word' id='word_1_154' title='bbox 990 2220 1034 2278; x_wconf 83' lang='grc' dir='ltr'><strong>τὸν</strong></span> 
     </span>
     <span class='ocr_line' id='line_1_22' title="bbox 259 2305 1033 2388; baseline -0.003 -22"><span class='ocrx_word' id='word_1_155' title='bbox 259 2308 320 2388; x_wconf 81' lang='grc' dir='ltr'>περὶ</span> <span class='ocrx_word' id='word_1_156' title='bbox 344 2313 392 2381; x_wconf 80' lang='grc' dir='ltr'><strong>τῆς</strong></span> <span class='ocrx_word' id='word_1_157' title='bbox 421 2307 545 2388; x_wconf 77' lang='grc' dir='ltr'>Ἠγερίας</span> <span class='ocrx_word' id='word_1_158' title='bbox 574 2306 662 2383; x_wconf 88' lang='grc' dir='ltr'>λόγον,</span> <span class='ocrx_word' id='word_1_159' title='bbox 683 2305 727 2364; x_wconf 84' lang='grc' dir='ltr'><strong>ίνα</strong></span> <span class='ocrx_word' id='word_1_160' title='bbox 755 2309 818 2387; x_wconf 76' lang='grc' dir='ltr'>ῥᾷον</span> <span class='ocrx_word' id='word_1_161' title='bbox 842 2308 911 2385; x_wconf 84' lang='grc' dir='ltr'>αύτῷ</span> <span class='ocrx_word' id='word_1_162' title='bbox 938 2305 1033 2384; x_wconf 84' lang='grc' dir='ltr'>προσέ-</span> 
     </span>
     <span class='ocr_line' id='line_1_23' title="bbox 259 2392 1033 2479; baseline -0.004 -22"><span class='ocrx_word' id='word_1_163' title='bbox 259 2420 343 2479; x_wconf 90' lang='grc' dir='ltr'>χωσιν</span> <span class='ocrx_word' id='word_1_164' title='bbox 367 2400 390 2458; x_wconf 89' lang='grc' dir='ltr'>οί</span> <span class='ocrx_word' id='word_1_165' title='bbox 410 2398 444 2456; x_wconf 77' lang='grc' dir='ltr'><strong>τὰ</strong></span> <span class='ocrx_word' id='word_1_166' title='bbox 466 2399 522 2457; x_wconf 85' lang='grc' dir='ltr'>θεῖα</span> <span class='ocrx_word' id='word_1_167' title='bbox 538 2398 649 2462; x_wconf 89' lang='grc' dir='ltr'>δεδιότες</span> <span class='ocrx_word' id='word_1_168' title='bbox 672 2395 717 2454; x_wconf 80' lang='grc' dir='ltr'><strong>καί</strong></span> <span class='ocrx_word' id='word_1_169' title='bbox 739 2395 881 2475; x_wconf 89' lang='grc' dir='ltr'>προθύμως</span> <span class='ocrx_word' id='word_1_170' title='bbox 904 2392 1033 2474; x_wconf 87' lang='grc' dir='ltr'>δέχωνται</span> 
     </span>
     <span class='ocr_line' id='line_1_24' title="bbox 259 2483 1034 2562; baseline -0.005 -18"><span class='ocrx_word' id='word_1_171' title='bbox 259 2486 320 2554; x_wconf 84' lang='grc' dir='ltr'>τοθς</span> <span class='ocrx_word' id='word_1_172' title='bbox 346 2485 391 2544; x_wconf 80' lang='grc' dir='ltr'>ὑπ’</span> <span class='ocrx_word' id='word_1_173' title='bbox 411 2487 491 2544; x_wconf 78' lang='grc' dir='ltr'>αὐτοῦ</span> <span class='ocrx_word' id='word_1_174' title='bbox 515 2487 665 2560; x_wconf 83' lang='grc' dir='ltr'>τιθεμένους</span> <span class='ocrx_word' id='word_1_175' title='bbox 691 2484 796 2558; x_wconf 86' lang='grc' dir='ltr'>νόμους,</span> <span class='ocrx_word' id='word_1_176' title='bbox 815 2485 850 2550; x_wconf 88' lang='grc' dir='ltr'>ώς</span> <span class='ocrx_word' id='word_1_177' title='bbox 872 2483 946 2562; x_wconf 67' lang='grc' dir='ltr'>παρὰ</span> <span class='ocrx_word' id='word_1_178' title='bbox 969 2488 1034 2542; x_wconf 85' lang='grc' dir='ltr'>θεῶν</span> 
     </span>
     <span class='ocr_line' id='line_1_25' title="bbox 260 2569 1033 2651; baseline -0.008 -17"><span class='ocrx_word' id='word_1_179' title='bbox 260 2572 458 2651; x_wconf 76' lang='grc' dir='ltr'>κομιζομένους.</span> <span class='ocrx_word' id='word_1_180' title='bbox 501 2572 600 2632; x_wconf 84' lang='grc' dir='ltr'>Λαόεῖν</span> <span class='ocrx_word' id='word_1_181' title='bbox 617 2573 639 2629; x_wconf 85' lang='grc' dir='ltr'><strong>δ’</strong></span> <span class='ocrx_word' id='word_1_182' title='bbox 653 2571 729 2630; x_wconf 74' lang='grc' dir='ltr'>αὐτὸν</span> <span class='ocrx_word' id='word_1_183' title='bbox 744 2569 793 2642; x_wconf 79' lang='grc' dir='ltr'><strong>τὴν</strong></span> <span class='ocrx_word' id='word_1_184' title='bbox 807 2569 904 2629; x_wconf 87' lang='grc' dir='ltr'>τούτων</span> <span class='ocrx_word' id='word_1_185' title='bbox 921 2573 1033 2649; x_wconf 83' lang='grc' dir='ltr'>μίμησιν</span> 
     </span>
     <span class='ocr_line' id='line_1_26' title="bbox 171 2650 1033 2744; baseline -0.008 -19"><span class='ocrx_word' id='word_1_186' title='bbox 171 2650 175 2658; x_wconf 83' lang='lat'>.</span> <span class='ocrx_word' id='word_1_187' title='bbox 205 2686 232 2725; x_wconf 68' lang='grc' dir='ltr'><strong>υτ</strong></span> <span class='ocrx_word' id='word_1_188' title='bbox 261 2664 449 2744; x_wconf 68' lang='grc' dir='ltr'>ἀποφαίνουσιν</span> <span class='ocrx_word' id='word_1_189' title='bbox 475 2665 504 2720; x_wconf 81' lang='grc' dir='ltr'><strong>ἐκ</strong></span> <span class='ocrx_word' id='word_1_190' title='bbox 529 2663 581 2719; x_wconf 90' lang='grc' dir='ltr'><strong>τῶν</strong></span> <span class='ocrx_word' id='word_1_191' title='bbox 605 2658 772 2730; x_wconf 79' lang='grc' dir='ltr'>Ἑλληνικῶν</span> <span class='ocrx_word' id='word_1_192' title='bbox 792 2659 1033 2739; x_wconf 78' lang='grc' dir='ltr'>παραδειγμάτων,</span> 
     </span>
     <span class='ocr_line' id='line_1_27' title="bbox 260 2746 1034 2827; baseline -0.003 -18"><span class='ocrx_word' id='word_1_193' title='bbox 260 2748 380 2822; x_wconf 72' lang='grc' dir='ltr'>ζηλωτὴν</span> <span class='ocrx_word' id='word_1_194' title='bbox 402 2748 538 2826; x_wconf 88' lang='grc' dir='ltr'>γενόμενον</span> <span class='ocrx_word' id='word_1_195' title='bbox 564 2753 611 2820; x_wconf 76' lang='grc' dir='ltr'><strong>τῆς</strong></span> <span class='ocrx_word' id='word_1_196' title='bbox 633 2770 662 2806; x_wconf 87' lang='grc' dir='ltr'><strong>τε</strong></span> <span class='ocrx_word' id='word_1_197' title='bbox 685 2747 763 2808; x_wconf 90' lang='grc' dir='ltr'>Μίνω</span> <span class='ocrx_word' id='word_1_198' title='bbox 787 2751 833 2805; x_wconf 77' lang='grc' dir='ltr'><strong>τοῦ</strong></span> <span class='ocrx_word' id='word_1_199' title='bbox 860 2746 963 2827; x_wconf 79' lang='grc' dir='ltr'>Κρητός</span> <span class='ocrx_word' id='word_1_200' title='bbox 989 2749 1034 2807; x_wconf 79' lang='grc' dir='ltr'><strong>καί</strong></span> 
     </span>
     <span class='ocr_line' id='line_1_28' title="bbox 260 2825 1035 2914; baseline -0.001 -19"><span class='ocrx_word' id='word_1_201' title='bbox 260 2841 307 2906; x_wconf 74' lang='grc' dir='ltr'><strong>τῆς</strong></span> <span class='ocrx_word' id='word_1_202' title='bbox 323 2838 472 2914; x_wconf 83' lang='grc' dir='ltr'>Λυκούργου</span> <span class='ocrx_word' id='word_1_203' title='bbox 491 2841 538 2894; x_wconf 80' lang='grc' dir='ltr'><strong>τοῦ</strong></span> <span class='ocrx_word' id='word_1_204' title='bbox 558 2835 770 2911; x_wconf 88' lang='grc' dir='ltr'>Λακεδαιμονίου</span> <span class='ocrx_word' id='word_1_205' title='bbox 787 2833 889 2913; x_wconf 81' lang='grc' dir='ltr'>σοφίας·</span> <span class='ocrx_word' id='word_1_206' title='bbox 907 2825 943 2894; x_wconf 71' lang='lat' dir='ltr'><strong>bv</strong></span> <span class='ocrx_word' id='word_1_207' title='bbox 958 2838 972 2893; x_wconf 85' lang='grc' dir='ltr'>δ</span> <span class='ocrx_word' id='word_1_208' title='bbox 987 2834 1035 2913; x_wconf 82' lang='grc' dir='ltr'><strong>μίν</strong></span> 
     </span>
     <span class='ocr_line' id='line_1_29' title="bbox 261 2922 1035 3002; baseline -0.003 -19"><span class='ocrx_word' id='word_1_209' title='bbox 261 2923 390 2999; x_wconf 75' lang='grc' dir='ltr'>ὁμιλητὴς</span> <span class='ocrx_word' id='word_1_210' title='bbox 405 2923 453 3001; x_wconf 82' lang='grc' dir='ltr'>ἔφη</span> <span class='ocrx_word' id='word_1_211' title='bbox 468 2922 589 3001; x_wconf 86' lang='grc' dir='ltr'>γενέσθαι</span> <span class='ocrx_word' id='word_1_212' title='bbox 605 2928 650 2981; x_wconf 79' lang='grc' dir='ltr'><strong>τοῦ</strong></span> <span class='ocrx_word' id='word_1_213' title='bbox 667 2923 727 2988; x_wconf 82' lang='grc' dir='ltr'>Διὸς</span> <span class='ocrx_word' id='word_1_214' title='bbox 753 2923 798 2980; x_wconf 84' lang='grc' dir='ltr'><strong>καί</strong></span> <span class='ocrx_word' id='word_1_215' title='bbox 823 2924 919 3002; x_wconf 88' lang='grc' dir='ltr'>φοιτῶν</span> <span class='ocrx_word' id='word_1_216' title='bbox 945 2925 980 2989; x_wconf 86' lang='grc' dir='ltr'><strong>είς</strong></span> <span class='ocrx_word' id='word_1_217' title='bbox 1004 2922 1035 2981; x_wconf 82' lang='grc' dir='ltr'><strong>τὸ</strong></span> 
     </span>
     <span class='ocr_line' id='line_1_30' title="bbox 261 3003 1034 3091; baseline -0.006 -19"><span class='ocrx_word' id='word_1_218' title='bbox 261 3017 384 3073; x_wconf 87' lang='grc' dir='ltr'>Δικταῖον</span> <span class='ocrx_word' id='word_1_219' title='bbox 399 3012 473 3090; x_wconf 90' lang='grc' dir='ltr'>όρος,</span> <span class='ocrx_word' id='word_1_220' title='bbox 493 3015 519 3070; x_wconf 90' lang='grc' dir='ltr'><strong>ἐν</strong></span> <span class='ocrx_word' id='word_1_221' title='bbox 536 3003 701 3091; x_wconf 75' lang='grc' dir='ltr'>ᾧτραφῆναι</span> <span class='ocrx_word' id='word_1_222' title='bbox 715 3011 758 3070; x_wconf 80' lang='grc' dir='ltr'><strong>τὸν</strong></span> <span class='ocrx_word' id='word_1_223' title='bbox 779 3010 829 3070; x_wconf 83' lang='grc' dir='ltr'><strong>Δία</strong></span> <span class='ocrx_word' id='word_1_224' title='bbox 849 3013 1034 3088; x_wconf 74' lang='grc' dir='ltr'>μυθολογοῦσιν</span> 
     </span>
     <span class='ocr_line' id='line_1_31' title="bbox 205 3098 1035 3179; baseline 0.001 -20"><span class='ocrx_word' id='word_1_225' title='bbox 205 3119 233 3159; x_wconf 76' lang='lat' dir='ltr'><strong>eo</strong></span> <span class='ocrx_word' id='word_1_226' title='bbox 260 3104 284 3162; x_wconf 85' lang='grc' dir='ltr'>οί</span> <span class='ocrx_word' id='word_1_227' title='bbox 307 3105 406 3179; x_wconf 72' lang='grc' dir='ltr'>Κρῆτες</span> <span class='ocrx_word' id='word_1_228' title='bbox 420 3100 471 3158; x_wconf 81' lang='grc' dir='ltr'>ὑπὸ</span> <span class='ocrx_word' id='word_1_229' title='bbox 491 3102 543 3158; x_wconf 88' lang='grc' dir='ltr'><strong>τῶν</strong></span> <span class='ocrx_word' id='word_1_230' title='bbox 570 3098 712 3178; x_wconf 78' lang='grc' dir='ltr'>Κουρήτων</span> <span class='ocrx_word' id='word_1_231' title='bbox 737 3099 840 3176; x_wconf 86' lang='grc' dir='ltr'>νεογνὸν</span> <span class='ocrx_word' id='word_1_232' title='bbox 863 3098 938 3178; x_wconf 79' lang='grc' dir='ltr'>ὄντα,</span> <span class='ocrx_word' id='word_1_233' title='bbox 956 3100 1035 3160; x_wconf 88' lang='grc' dir='ltr'>κατέ·</span> 
     </span>
     <span class='ocr_line' id='line_1_32' title="bbox 261 3184 1034 3266; baseline -0.008 -18"><span class='ocrx_word' id='word_1_234' title='bbox 261 3189 350 3248; x_wconf 85' lang='grc' dir='ltr'>όαινεν</span> <span class='ocrx_word' id='word_1_235' title='bbox 369 3191 406 3255; x_wconf 88' lang='grc' dir='ltr'><strong>είς</strong></span> <span class='ocrx_word' id='word_1_236' title='bbox 419 3188 450 3246; x_wconf 77' lang='grc' dir='ltr'><strong>τὀ</strong></span> <span class='ocrx_word' id='word_1_237' title='bbox 464 3189 532 3266; x_wconf 82' lang='grc' dir='ltr'>ἱερὸν</span> <span class='ocrx_word' id='word_1_238' title='bbox 547 3186 649 3266; x_wconf 83' lang='grc' dir='ltr'>ἄντρον,</span> <span class='ocrx_word' id='word_1_239' title='bbox 664 3186 710 3242; x_wconf 85' lang='grc' dir='ltr'><strong>καί</strong></span> <span class='ocrx_word' id='word_1_240' title='bbox 726 3185 784 3253; x_wconf 78' lang='grc' dir='ltr'>τοὺς</span> <span class='ocrx_word' id='word_1_241' title='bbox 796 3184 890 3263; x_wconf 82' lang='grc' dir='ltr'>νόμους</span> <span class='ocrx_word' id='word_1_242' title='bbox 904 3188 958 3245; x_wconf 81' lang='grc' dir='ltr'>ἐκεῖ</span> <span class='ocrx_word' id='word_1_243' title='bbox 971 3210 1034 3246; x_wconf 91' lang='grc' dir='ltr'>συν-</span> 
     </span>
     <span class='ocr_line' id='line_1_33' title="bbox 259 3273 1034 3354; baseline -0.003 -19"><span class='ocrx_word' id='word_1_244' title='bbox 259 3275 338 3342; x_wconf 79' lang='grc' dir='ltr'>τιθείς</span> <span class='ocrx_word' id='word_1_245' title='bbox 352 3275 485 3348; x_wconf 74' lang='grc' dir='ltr'>ἐκόμιζεν,</span> <span class='ocrx_word' id='word_1_246' title='bbox 511 3273 554 3341; x_wconf 84' lang='grc' dir='ltr'>οθς</span> <span class='ocrx_word' id='word_1_247' title='bbox 569 3274 693 3354; x_wconf 88' lang='grc' dir='ltr'>ἀπέφαινε</span> <span class='ocrx_word' id='word_1_248' title='bbox 711 3277 837 3352; x_wconf 81' lang='grc' dir='ltr'>παράιτόῡ</span> <span class='ocrx_word' id='word_1_249' title='bbox 853 3273 912 3339; x_wconf 74' lang='grc' dir='ltr'>Διὀς</span> <span class='ocrx_word' id='word_1_250' title='bbox 926 3273 1034 3352; x_wconf 77' lang='grc' dir='ltr'>λαμόά-</span> 
     </span>
     <span class='ocr_line' id='line_1_34' title="bbox 259 3359 1033 3443; baseline -0.008 -20"><span class='ocrx_word' id='word_1_251' title='bbox 259 3382 322 3423; x_wconf 92' lang='grc' dir='ltr'>νειν·</span> <span class='ocrx_word' id='word_1_252' title='bbox 350 3386 364 3421; x_wconf 96' lang='grc' dir='ltr'>ο</span> <span class='ocrx_word' id='word_1_253' title='bbox 385 3363 412 3421; x_wconf 78' lang='grc' dir='ltr'><strong>δὲ</strong></span> <span class='ocrx_word' id='word_1_254' title='bbox 438 3366 588 3440; x_wconf 76' lang='grc' dir='ltr'>Λυκοῦργος</span> <span class='ocrx_word' id='word_1_255' title='bbox 612 3365 647 3427; x_wconf 82' lang='grc' dir='ltr'><strong>εἰς</strong></span> <span class='ocrx_word' id='word_1_256' title='bbox 668 3361 783 3443; x_wconf 79' lang='grc' dir='ltr'>Δελφοὺς</span> <span class='ocrx_word' id='word_1_257' title='bbox 803 3363 960 3440; x_wconf 72' lang='grc' dir='ltr'>ἀφικόμενος</span> <span class='ocrx_word' id='word_1_258' title='bbox 981 3359 1033 3419; x_wconf 84' lang='grc' dir='ltr'>ὑπὸ</span> 
     </span>
     <span class='ocr_line' id='line_1_35' title="bbox 259 3448 1031 3531; baseline -0.005 -19"><span class='ocrx_word' id='word_1_259' title='bbox 259 3456 304 3512; x_wconf 79' lang='grc' dir='ltr'><strong>τοῦ</strong></span> <span class='ocrx_word' id='word_1_260' title='bbox 326 3450 495 3516; x_wconf 84' lang='grc' dir='ltr'>Ἀπόλλωνος</span> <span class='ocrx_word' id='word_1_261' title='bbox 526 3449 575 3531; x_wconf 83' lang='grc' dir='ltr'>έφη</span> <span class='ocrx_word' id='word_1_262' title='bbox 601 3450 769 3510; x_wconf 82' lang='grc' dir='ltr'>διδάσκεσθαι</span> <span class='ocrx_word' id='word_1_263' title='bbox 791 3448 838 3520; x_wconf 71' lang='grc' dir='ltr'><strong>την</strong></span> <span class='ocrx_word' id='word_1_264' title='bbox 865 3449 1031 3524; x_wconf 88' lang='grc' dir='ltr'>νομοθεσίαν.</span> 
     </span>
     <span class='ocr_line' id='line_1_36' title="bbox 206 3530 1035 3618; baseline -0.004 -20"><span class='ocrx_word' id='word_1_265' title='bbox 206 3558 233 3598; x_wconf 78' lang='lat' dir='ltr'><strong>eo</strong></span> <span class='ocrx_word' id='word_1_266' title='bbox 260 3539 301 3602; x_wconf 79' lang='grc' dir='ltr'><strong>Τὸ</strong></span> <span class='ocrx_word' id='word_1_267' title='bbox 318 3538 365 3617; x_wconf 76' lang='grc' dir='ltr'><strong>μὲν</strong></span> <span class='ocrx_word' id='word_1_268' title='bbox 387 3530 431 3598; x_wconf 74' lang='grc' dir='ltr'><strong>σύν</strong></span> <span class='ocrx_word' id='word_1_269' title='bbox 447 3538 676 3617; x_wconf 78' lang='grc' dir='ltr'>ἀκριύολογεῖσθαι</span> <span class='ocrx_word' id='word_1_270' title='bbox 697 3539 758 3618; x_wconf 77' lang='grc' dir='ltr'>περὶ</span> <span class='ocrx_word' id='word_1_271' title='bbox 772 3541 823 3597; x_wconf 85' lang='grc' dir='ltr'><strong>τῶν</strong></span> <span class='ocrx_word' id='word_1_272' title='bbox 839 3540 953 3614; x_wconf 83' lang='grc' dir='ltr'>μυθικῶν</span> <span class='ocrx_word' id='word_1_273' title='bbox 964 3539 1035 3595; x_wconf 84' lang='grc' dir='ltr'>ίστο·</span> 
     </span>
     <span class='ocr_line' id='line_1_37' title="bbox 262 3624 1033 3710; baseline -0.005 -24"><span class='ocrx_word' id='word_1_274' title='bbox 262 3630 386 3710; x_wconf 87' lang='grc' dir='ltr'>ρημάτων</span> <span class='ocrx_word' id='word_1_275' title='bbox 401 3628 445 3686; x_wconf 86' lang='grc' dir='ltr'><strong>καί</strong></span> <span class='ocrx_word' id='word_1_276' title='bbox 465 3628 580 3705; x_wconf 86' lang='grc' dir='ltr'>μάλιστα</span> <span class='ocrx_word' id='word_1_277' title='bbox 603 3629 655 3685; x_wconf 90' lang='grc' dir='ltr'><strong>τῶν</strong></span> <span class='ocrx_word' id='word_1_278' title='bbox 670 3630 705 3693; x_wconf 86' lang='grc' dir='ltr'><strong>είς</strong></span> <span class='ocrx_word' id='word_1_279' title='bbox 730 3624 802 3693; x_wconf 76' lang='grc' dir='ltr'>θεοὺς</span> <span class='ocrx_word' id='word_1_280' title='bbox 823 3626 1033 3705; x_wconf 84' lang='grc' dir='ltr'>ἀναφερομένων,</span> 
     </span>
     <span class='ocr_line' id='line_1_38' title="bbox 262 3714 1035 3797; baseline -0.005 -21"><span class='ocrx_word' id='word_1_281' title='bbox 262 3721 370 3797; x_wconf 88' lang='grc' dir='ltr'>μακρῶν</span> <span class='ocrx_word' id='word_1_282' title='bbox 388 3717 472 3791; x_wconf 83' lang='grc' dir='ltr'>λόγοιν</span> <span class='ocrx_word' id='word_1_283' title='bbox 496 3714 619 3791; x_wconf 87' lang='grc' dir='ltr'>δεόμενον</span> <span class='ocrx_word' id='word_1_284' title='bbox 636 3717 703 3792; x_wconf 85' lang='grc' dir='ltr'>ὁρῶν</span> <span class='ocrx_word' id='word_1_285' title='bbox 727 3714 811 3773; x_wconf 83' lang='grc' dir='ltr'>ἐείσω·</span> <span class='ocrx_word' id='word_1_286' title='bbox 835 3714 852 3773; x_wconf 82' lang='grc' dir='ltr'>θ</span> <span class='ocrx_word' id='word_1_287' title='bbox 876 3714 903 3772; x_wconf 86' lang='grc' dir='ltr'><strong>δέ</strong></span> <span class='ocrx_word' id='word_1_288' title='bbox 926 3737 970 3789; x_wconf 91' lang='grc' dir='ltr'>μοι</span> <span class='ocrx_word' id='word_1_289' title='bbox 990 3716 1035 3794; x_wconf 82' lang='grc' dir='ltr'><strong>δο-</strong></span> 
     </span>
     <span class='ocr_line' id='line_1_39' title="bbox 260 3800 1036 3883; baseline -0.004 -20"><span class='ocrx_word' id='word_1_290' title='bbox 260 3811 350 3865; x_wconf 85' lang='grc' dir='ltr'>κοῦσιν</span> <span class='ocrx_word' id='word_1_291' title='bbox 366 3803 452 3883; x_wconf 77' lang='grc' dir='ltr'>ἀγαθὰ</span> <span class='ocrx_word' id='word_1_292' title='bbox 475 3802 606 3878; x_wconf 86' lang='grc' dir='ltr'>Ῥωμαῖοι</span> <span class='ocrx_word' id='word_1_293' title='bbox 634 3800 727 3859; x_wconf 75' lang='grc' dir='ltr'>λαθεῖν</span> <span class='ocrx_word' id='word_1_294' title='bbox 755 3804 785 3860; x_wconf 84' lang='grc' dir='ltr'><strong>ἐκ</strong></span> <span class='ocrx_word' id='word_1_295' title='bbox 802 3807 847 3873; x_wconf 77' lang='grc' dir='ltr'><strong>τῆς</strong></span> <span class='ocrx_word' id='word_1_296' title='bbox 869 3800 966 3860; x_wconf 81' lang='grc' dir='ltr'>ἐκείνου</span> <span class='ocrx_word' id='word_1_297' title='bbox 991 3808 1036 3860; x_wconf 80' lang='grc' dir='ltr'><strong>τοῦ</strong></span> 
     </span>
     <span class='ocr_line' id='line_1_40' title="bbox 261 3887 1034 3972; baseline -0.006 -21"><span class='ocrx_word' id='word_1_298' title='bbox 261 3893 352 3971; x_wconf 79' lang='grc' dir='ltr'>ἀνδρὸς</span> <span class='ocrx_word' id='word_1_299' title='bbox 373 3895 469 3972; x_wconf 79' lang='grc' dir='ltr'>ἀρχῆς,</span> <span class='ocrx_word' id='word_1_300' title='bbox 483 3893 518 3956; x_wconf 90' lang='grc' dir='ltr'>ώς</span> <span class='ocrx_word' id='word_1_301' title='bbox 545 3891 647 3948; x_wconf 82' lang='grc' dir='ltr'>ἐκτῶν</span> <span class='ocrx_word' id='word_1_302' title='bbox 674 3889 822 3969; x_wconf 76' lang='grc' dir='ltr'>ἐπιχωρίων</span> <span class='ocrx_word' id='word_1_303' title='bbox 845 3887 941 3961; x_wconf 82' lang='grc' dir='ltr'>ἔμαθον</span> <span class='ocrx_word' id='word_1_304' title='bbox 964 3893 1034 3947; x_wconf 85' lang='grc' dir='ltr'>ίστο·</span> 
     </span>
     <span class='ocr_line' id='line_1_41' title="bbox 206 3975 1035 4059; baseline -0.004 -23"><span class='ocrx_word' id='word_1_305' title='bbox 206 4006 234 4049; x_wconf 73' lang='lat'><strong>40</strong></span> <span class='ocrx_word' id='word_1_306' title='bbox 262 3983 322 4059; x_wconf 88' lang='grc' dir='ltr'>ριῶν</span> <span class='ocrx_word' id='word_1_307' title='bbox 340 3981 527 4059; x_wconf 71' lang='grc' dir='ltr'>ἀφηγήσομαι,</span> <span class='ocrx_word' id='word_1_308' title='bbox 542 3976 678 4056; x_wconf 83' lang='grc' dir='ltr'>προειπὼν</span> <span class='ocrx_word' id='word_1_309' title='bbox 700 3980 727 4036; x_wconf 84' lang='grc' dir='ltr'><strong>ἐν</strong></span> <span class='ocrx_word' id='word_1_310' title='bbox 754 3975 822 4042; x_wconf 81' lang='grc' dir='ltr'>οἵαις</span> <span class='ocrx_word' id='word_1_311' title='bbox 843 3977 968 4056; x_wconf 83' lang='grc' dir='ltr'>ἐτύγχανε</span> <span class='ocrx_word' id='word_1_312' title='bbox 988 4000 1035 4034; x_wconf 87' lang='grc' dir='ltr'><strong>τα-</strong></span> 
     </span>
     <span class='ocr_line' id='line_1_42' title="bbox 263 4064 1035 4146; baseline -0.003 -22"><span class='ocrx_word' id='word_1_313' title='bbox 263 4070 357 4146; x_wconf 87' lang='grc' dir='ltr'>ραχαῖς</span> <span class='ocrx_word' id='word_1_314' title='bbox 374 4068 407 4125; x_wconf 80' lang='grc' dir='ltr'><strong>τὰ</strong></span> <span class='ocrx_word' id='word_1_315' title='bbox 420 4069 568 4146; x_wconf 83' lang='grc' dir='ltr'>πράγματα</span> <span class='ocrx_word' id='word_1_316' title='bbox 586 4071 632 4136; x_wconf 78' lang='grc' dir='ltr'><strong>τῆς</strong></span> <span class='ocrx_word' id='word_1_317' title='bbox 646 4067 746 4132; x_wconf 90' lang='grc' dir='ltr'>πόλεως</span> <span class='ocrx_word' id='word_1_318' title='bbox 767 4064 842 4136; x_wconf 79' lang='grc' dir='ltr'>ὄντα,</span> <span class='ocrx_word' id='word_1_319' title='bbox 860 4065 921 4145; x_wconf 86' lang='grc' dir='ltr'>πρὶν</span> <span class='ocrx_word' id='word_1_320' title='bbox 938 4066 1035 4125; x_wconf 77' lang='grc' dir='ltr'>ἐκεῖνον</span> 
     </span>
     <span class='ocr_line' id='line_1_43' title="bbox 261 4153 705 4236; baseline 0.007 -23"><span class='ocrx_word' id='word_1_321' title='bbox 261 4156 304 4214; x_wconf 76' lang='grc' dir='ltr'><strong>ἐπὶ</strong></span> <span class='ocrx_word' id='word_1_322' title='bbox 327 4153 376 4224; x_wconf 85' lang='grc' dir='ltr'><strong>τὴν</strong></span> <span class='ocrx_word' id='word_1_323' title='bbox 400 4156 536 4231; x_wconf 88' lang='grc' dir='ltr'>βασιλείαν</span> <span class='ocrx_word' id='word_1_324' title='bbox 555 4157 705 4236; x_wconf 87' lang='grc' dir='ltr'>παρελθεῖν.</span> 
     </span>
     <span class='ocr_line' id='line_1_44' title="bbox 299 4242 1035 4322; baseline -0.003 -20"><span class='ocrx_word' id='word_1_325' title='bbox 299 4242 388 4303; x_wconf 80' lang='lat' dir='ltr'><strong>LXII.</strong></span> <span class='ocrx_word' id='word_1_326' title='bbox 400 4242 476 4301; x_wconf 80' lang='grc' dir='ltr'><strong>Μετά</strong></span> <span class='ocrx_word' id='word_1_327' title='bbox 486 4242 534 4314; x_wconf 67' lang='grc' dir='ltr'><strong>τὴν</strong></span> <span class='ocrx_word' id='word_1_328' title='bbox 552 4242 694 4319; x_wconf 87' lang='grc' dir='ltr'>Ῥωμύλου</span> <span class='ocrx_word' id='word_1_329' title='bbox 711 4242 836 4313; x_wconf 77' lang='grc' dir='ltr'>τελευτὴν</span> <span class='ocrx_word' id='word_1_330' title='bbox 855 4247 872 4313; x_wconf 70' lang='grc' dir='ltr'>ἡ</span> <span class='ocrx_word' id='word_1_331' title='bbox 890 4242 970 4322; x_wconf 83' lang='grc' dir='ltr'>βουλὴ</span> <span class='ocrx_word' id='word_1_332' title='bbox 983 4248 1035 4302; x_wconf 86' lang='grc' dir='ltr'><strong>τῶν</strong></span> 
     </span>
     <span class='ocr_line' id='line_1_45' title="bbox 261 4329 1035 4412; baseline 0.001 -20"><span class='ocrx_word' id='word_1_333' title='bbox 261 4334 352 4393; x_wconf 87' lang='grc' dir='ltr'>κοινῶν</span> <span class='ocrx_word' id='word_1_334' title='bbox 374 4329 499 4409; x_wconf 77' lang='grc' dir='ltr'>γενομένη</span> <span class='ocrx_word' id='word_1_335' title='bbox 526 4332 603 4411; x_wconf 88' lang='grc' dir='ltr'>κυρία</span> <span class='ocrx_word' id='word_1_336' title='bbox 627 4332 672 4390; x_wconf 83' lang='grc' dir='ltr'><strong>καί</strong></span> <span class='ocrx_word' id='word_1_337' title='bbox 693 4333 786 4412; x_wconf 86' lang='grc' dir='ltr'>χρόνον</span> <span class='ocrx_word' id='word_1_338' title='bbox 802 4333 930 4391; x_wconf 86' lang='grc' dir='ltr'>ἐνιαύσιον</span> <span class='ocrx_word' id='word_1_339' title='bbox 946 4331 1035 4411; x_wconf 80' lang='grc' dir='ltr'>ὥσπερ</span> 
     </span>
     <span class='ocr_line' id='line_1_46' title="bbox 206 4419 1035 4503; baseline -0.006 -21"><span class='ocrx_word' id='word_1_340' title='bbox 206 4448 234 4484; x_wconf 80' lang='lat' dir='ltr'><strong>as</strong></span> <span class='ocrx_word' id='word_1_341' title='bbox 262 4422 325 4503; x_wconf 79' lang='grc' dir='ltr'>ἔφην</span> <span class='ocrx_word' id='word_1_342' title='bbox 343 4425 513 4499; x_wconf 74' lang='grc' dir='ltr'>κατασχοῦσα</span> <span class='ocrx_word' id='word_1_343' title='bbox 535 4420 583 4490; x_wconf 73' lang='grc' dir='ltr'><strong>τὴν</strong></span> <span class='ocrx_word' id='word_1_344' title='bbox 607 4421 775 4492; x_wconf 85' lang='grc' dir='ltr'>δυναστείαν,</span> <span class='ocrx_word' id='word_1_345' title='bbox 797 4419 964 4500; x_wconf 85' lang='grc' dir='ltr'>διαφέρεσθαι</span> <span class='ocrx_word' id='word_1_346' title='bbox 989 4423 1035 4480; x_wconf 82' lang='grc' dir='ltr'><strong>καλ</strong></span> 
     </span>
     <span class='ocr_line' id='line_1_47' title="bbox 261 4506 1036 4586; baseline -0.004 -17"><span class='ocrx_word' id='word_1_347' title='bbox 261 4507 408 4577; x_wconf 84' lang='grc' dir='ltr'>στασιάζειν</span> <span class='ocrx_word' id='word_1_348' title='bbox 423 4506 489 4577; x_wconf 77' lang='grc' dir='ltr'>αὐτὴ</span> <span class='ocrx_word' id='word_1_349' title='bbox 507 4506 571 4584; x_wconf 81' lang='grc' dir='ltr'>πρὸς</span> <span class='ocrx_word' id='word_1_350' title='bbox 586 4507 680 4578; x_wconf 73' lang='grc' dir='ltr'>ἑαυτὴν</span> <span class='ocrx_word' id='word_1_351' title='bbox 693 4506 789 4586; x_wconf 76' lang='grc' dir='ltr'>ἤρξατο</span> <span class='ocrx_word' id='word_1_352' title='bbox 811 4507 931 4586; x_wconf 81' lang='grc' dir='ltr'>περὶτοῦ</span> <span class='ocrx_word' id='word_1_353' title='bbox 946 4508 1036 4567; x_wconf 88' lang='grc' dir='ltr'>πλείο-</span> 
     </span>
     <span class='ocr_line' id='line_1_48' title="bbox 260 4590 1034 4675; baseline 0.003 -22"><span class='ocrx_word' id='word_1_354' title='bbox 260 4598 303 4664; x_wconf 93' lang='grc' dir='ltr'><strong>νός</strong></span> <span class='ocrx_word' id='word_1_355' title='bbox 316 4618 344 4656; x_wconf 82' lang='grc' dir='ltr'><strong>τε</strong></span> <span class='ocrx_word' id='word_1_356' title='bbox 359 4596 405 4656; x_wconf 84' lang='grc' dir='ltr'><strong>καί</strong></span> <span class='ocrx_word' id='word_1_357' title='bbox 417 4594 483 4657; x_wconf 83' lang='grc' dir='ltr'>ἴσου.</span> <span class='ocrx_word' id='word_1_358' title='bbox 495 4590 581 4655; x_wconf 83' lang='grc' dir='ltr'>Ὅσον</span> <span class='ocrx_word' id='word_1_359' title='bbox 594 4594 702 4675; x_wconf 72' lang='grc' dir='ltr'>μὲνγὰρ</span> <span class='ocrx_word' id='word_1_360' title='bbox 714 4596 796 4665; x_wconf 58' lang='lat' dir='ltr'><strong>arene</strong></span> <span class='ocrx_word' id='word_1_361' title='bbox 810 4596 887 4675; x_wconf 90' lang='grc' dir='ltr'>μέρος</span> <span class='ocrx_word' id='word_1_362' title='bbox 901 4594 1034 4654; x_wconf 82' lang='grc' dir='ltr'>Ἀλόανῶν</span> 
     </span>
     <span class='ocr_line' id='line_1_49' title="bbox 261 4678 1035 4762; baseline -0.008 -18"><span class='ocrx_word' id='word_1_363' title='bbox 261 4678 305 4759; x_wconf 72' lang='grc' dir='ltr'><strong>ἦν,</strong></span> <span class='ocrx_word' id='word_1_364' title='bbox 325 4686 377 4744; x_wconf 80' lang='grc' dir='ltr'>ἀπὸ</span> <span class='ocrx_word' id='word_1_365' title='bbox 393 4688 445 4743; x_wconf 87' lang='grc' dir='ltr'><strong>τῶν</strong></span> <span class='ocrx_word' id='word_1_366' title='bbox 467 4684 523 4761; x_wconf 80' lang='grc' dir='ltr'><strong>ἅμα</strong></span> <span class='ocrx_word' id='word_1_367' title='bbox 540 4681 673 4762; x_wconf 81' lang='grc' dir='ltr'>Ῥωμύλῳ</span> <span class='ocrx_word' id='word_1_368' title='bbox 695 4682 744 4753; x_wconf 76' lang='grc' dir='ltr'><strong>τὴν</strong></span> <span class='ocrx_word' id='word_1_369' title='bbox 765 4683 887 4742; x_wconf 87' lang='grc' dir='ltr'>ἀποικίαν</span> <span class='ocrx_word' id='word_1_370' title='bbox 915 4683 1035 4741; x_wconf 87' lang='grc' dir='ltr'>στειλάν-</span> 
     </span>
     <span class='ocr_line' id='line_1_50' title="bbox 261 4770 1033 4852; baseline -0.004 -20"><span class='ocrx_word' id='word_1_371' title='bbox 261 4797 329 4847; x_wconf 89' lang='grc' dir='ltr'>των,</span> <span class='ocrx_word' id='word_1_372' title='bbox 351 4774 458 4852; x_wconf 80' lang='grc' dir='ltr'>γνώμης</span> <span class='ocrx_word' id='word_1_373' title='bbox 480 4775 505 4830; x_wconf 77' lang='grc' dir='ltr'><strong>τ’</strong></span> <span class='ocrx_word' id='word_1_374' title='bbox 520 4771 611 4850; x_wconf 84' lang='grc' dir='ltr'>ἄρχειν</span> <span class='ocrx_word' id='word_1_375' title='bbox 632 4770 704 4842; x_wconf 82' lang='grc' dir='ltr'>ἠξίου</span> <span class='ocrx_word' id='word_1_376' title='bbox 725 4770 771 4829; x_wconf 81' lang='grc' dir='ltr'><strong>καί</strong></span> <span class='ocrx_word' id='word_1_377' title='bbox 790 4773 874 4848; x_wconf 90' lang='grc' dir='ltr'>τιμῶν</span> <span class='ocrx_word' id='word_1_378' title='bbox 888 4771 934 4836; x_wconf 82' lang='grc' dir='ltr'>τάς</span> <span class='ocrx_word' id='word_1_379' title='bbox 955 4771 1033 4846; x_wconf 88' lang='grc' dir='ltr'>μεγί-</span> 
     </span>
     <span class='ocr_line' id='line_1_51' title="bbox 208 4857 1034 4940; baseline 0 -23"><span class='ocrx_word' id='word_1_380' title='bbox 208 4877 236 4917; x_wconf 81' lang='lat' dir='ltr'><strong>so</strong></span> <span class='ocrx_word' id='word_1_381' title='bbox 263 4883 327 4928; x_wconf 90' lang='grc' dir='ltr'>στας</span> <span class='ocrx_word' id='word_1_382' title='bbox 355 4859 502 4933; x_wconf 78' lang='grc' dir='ltr'>λαμὸοίνειν</span> <span class='ocrx_word' id='word_1_383' title='bbox 518 4862 562 4918; x_wconf 81' lang='grc' dir='ltr'><strong>καί</strong></span> <span class='ocrx_word' id='word_1_384' title='bbox 573 4859 762 4940; x_wconf 85' lang='grc' dir='ltr'>θεραπεύεσθαι</span> <span class='ocrx_word' id='word_1_385' title='bbox 783 4857 847 4938; x_wconf 88' lang='grc' dir='ltr'>πρδς</span> <span class='ocrx_word' id='word_1_386' title='bbox 867 4861 919 4917; x_wconf 85' lang='grc' dir='ltr'><strong>τῶν</strong></span> <span class='ocrx_word' id='word_1_387' title='bbox 933 4857 1034 4930; x_wconf 77' lang='grc' dir='ltr'>ἐπηλύ-</span> 
     </span>
     <span class='ocr_line' id='line_1_52' title="bbox 263 4945 1034 5027; baseline -0.001 -21"><span class='ocrx_word' id='word_1_388' title='bbox 263 4949 329 5006; x_wconf 86' lang='grc' dir='ltr'>δων·</span> <span class='ocrx_word' id='word_1_389' title='bbox 350 4950 374 5005; x_wconf 84' lang='grc' dir='ltr'>οῖ</span> <span class='ocrx_word' id='word_1_390' title='bbox 386 4946 410 5005; x_wconf 84' lang='grc' dir='ltr'><strong>δ’</strong></span> <span class='ocrx_word' id='word_1_391' title='bbox 422 4945 528 5025; x_wconf 80' lang='grc' dir='ltr'>ὕστερον</span> <span class='ocrx_word' id='word_1_392' title='bbox 542 4949 577 5014; x_wconf 86' lang='grc' dir='ltr'><strong>είς</strong></span> <span class='ocrx_word' id='word_1_393' title='bbox 591 4947 650 5014; x_wconf 81' lang='grc' dir='ltr'>τοὺς</span> <span class='ocrx_word' id='word_1_394' title='bbox 661 4945 811 5025; x_wconf 85' lang='grc' dir='ltr'>πατρικίους</span> <span class='ocrx_word' id='word_1_395' title='bbox 825 4946 1034 5027; x_wconf 76' lang='grc' dir='ltr'>καταγραφέντες</span> 
     </span>
     <span class='ocr_line' id='line_1_53' title="bbox 263 5033 1034 5112; baseline 0.001 -20"><span class='ocrx_word' id='word_1_396' title='bbox 263 5035 293 5092; x_wconf 83' lang='grc' dir='ltr'><strong>ἐκ</strong></span> <span class='ocrx_word' id='word_1_397' title='bbox 307 5034 358 5091; x_wconf 90' lang='grc' dir='ltr'><strong>τῶν</strong></span> <span class='ocrx_word' id='word_1_398' title='bbox 381 5034 493 5092; x_wconf 80' lang='grc' dir='ltr'>ἐποίκων</span> <span class='ocrx_word' id='word_1_399' title='bbox 519 5037 641 5111; x_wconf 72' lang='grc' dir='ltr'>οὐδεμιᾶς</span> <span class='ocrx_word' id='word_1_400' title='bbox 665 5033 746 5112; x_wconf 80' lang='grc' dir='ltr'>ᾤοντο</span> <span class='ocrx_word' id='word_1_401' title='bbox 770 5034 823 5094; x_wconf 88' lang='grc' dir='ltr'>δεῖν</span> <span class='ocrx_word' id='word_1_402' title='bbox 844 5035 1034 5095; x_wconf 86' lang='grc' dir='ltr'>ἀπελαύνεσθαι</span> 
     </span>
     <span class='ocr_line' id='line_1_54' title="bbox 262 5119 1034 5200; baseline 0.006 -23"><span class='ocrx_word' id='word_1_403' title='bbox 262 5125 341 5197; x_wconf 83' lang='grc' dir='ltr'>τιμῆς</span> <span class='ocrx_word' id='word_1_404' title='bbox 354 5119 412 5178; x_wconf 76' lang='lat' dir='ltr'><strong>edel</strong></span> <span class='ocrx_word' id='word_1_405' title='bbox 428 5124 585 5194; x_wconf 89' lang='grc' dir='ltr'>μειονεκτεῖν</span> <span class='ocrx_word' id='word_1_406' title='bbox 606 5125 657 5179; x_wconf 89' lang='grc' dir='ltr'><strong>τῶν</strong></span> <span class='ocrx_word' id='word_1_407' title='bbox 673 5122 788 5200; x_wconf 74' lang='grc' dir='ltr'>ἐτέρων,</span> <span class='ocrx_word' id='word_1_408' title='bbox 805 5119 921 5195; x_wconf 88' lang='grc' dir='ltr'>μάλιστα</span> <span class='ocrx_word' id='word_1_409' title='bbox 936 5124 960 5180; x_wconf 85' lang='grc' dir='ltr'><strong>δ’</strong></span> <span class='ocrx_word' id='word_1_410' title='bbox 978 5123 1034 5182; x_wconf 79' lang='grc' dir='ltr'>ὅσοι</span> 
     </span>
     <span class='ocr_line' id='line_1_55' title="bbox 261 5205 1035 5287; baseline 0.003 -21"><span class='ocrx_word' id='word_1_411' title='bbox 261 5213 309 5268; x_wconf 83' lang='grc' dir='ltr'><strong>τοῖ</strong></span> <span class='ocrx_word' id='word_1_412' title='bbox 324 5205 447 5270; x_wconf 77' lang='grc' dir='ltr'>Σσθίνων</span> <span class='ocrx_word' id='word_1_413' title='bbox 472 5208 615 5287; x_wconf 88' lang='grc' dir='ltr'>ἐτύγχανον</span> <span class='ocrx_word' id='word_1_414' title='bbox 633 5208 704 5274; x_wconf 83' lang='grc' dir='ltr'>ὄντες</span> <span class='ocrx_word' id='word_1_415' title='bbox 718 5209 817 5284; x_wconf 79' lang='grc' dir='ltr'>γένους,</span> <span class='ocrx_word' id='word_1_416' title='bbox 834 5209 879 5266; x_wconf 84' lang='grc' dir='ltr'><strong>καί</strong></span> <span class='ocrx_word' id='word_1_417' title='bbox 902 5208 971 5269; x_wconf 85' lang='grc' dir='ltr'>κατθι</span> <span class='ocrx_word' id='word_1_418' title='bbox 987 5209 1035 5276; x_wconf 83' lang='grc' dir='ltr'><strong>τθς</strong></span> 
     </span>
    </p>
   </div>
   <div class='ocr_carea' id='block_1_3' title="bbox 781 374 1349 513">
    <p class='ocr_par' dir='ltr' id='par_1_3' title="bbox 781 374 1349 513">
     <span class='ocr_line' id='line_1_56' title="bbox 781 374 1349 513; baseline 0.002 -35"><span class='ocrx_word' id='word_1_419' title='bbox 781 418 946 478; x_wconf 84' lang='lat' dir='ltr'><strong>nronrsu</strong></span> <span class='ocrx_word' id='word_1_420' title='bbox 969 374 1349 513; x_wconf 76' lang='lat' dir='ltr'><strong>nrnrennunssnnsrs</strong></span> 
     </span>
    </p>
   </div>
   <div class='ocr_carea' id='block_1_4' title="bbox 1088 558 1865 2104">
    <p class='ocr_par' dir='ltr' id='par_1_4' title="bbox 1088 558 1865 2104">
     <span class='ocr_line' id='line_1_57' title="bbox 1091 558 1864 624; baseline 0.005 -15"><span class='ocrx_word' id='word_1_421' title='bbox 1091 571 1161 619; x_wconf 87' lang='lat' dir='ltr'><strong>csse,</strong></span> <span class='ocrx_word' id='word_1_422' title='bbox 1189 558 1280 623; x_wconf 78' lang='lat' dir='ltr'><strong>serunt</strong></span> <span class='ocrx_word' id='word_1_423' title='bbox 1305 563 1406 624; x_wconf 85' lang='lat' dir='ltr'><strong>tpsum,</strong></span> <span class='ocrx_word' id='word_1_424' title='bbox 1432 561 1560 613; x_wconf 88' lang='lat' dir='ltr'><strong>ostendere</strong></span> <span class='ocrx_word' id='word_1_425' title='bbox 1584 562 1703 612; x_wconf 79' lang='lat' dir='ltr'><strong>volentem</strong></span> <span class='ocrx_word' id='word_1_426' title='bbox 1730 560 1864 614; x_wconf 78' lang='lat' dir='ltr'>incredulis</span> 
     </span>
     <span class='ocr_line' id='line_1_58' title="bbox 1088 645 1865 711; baseline 0.006 -18"><span class='ocrx_word' id='word_1_427' title='bbox 1088 645 1228 696; x_wconf 89' lang='lat' dir='ltr'><strong>bominibus</strong></span> <span class='ocrx_word' id='word_1_428' title='bbox 1242 651 1354 710; x_wconf 86' lang='lat' dir='ltr'><strong>apertum</strong></span> <span class='ocrx_word' id='word_1_429' title='bbox 1374 646 1474 711; x_wconf 79' lang='lat' dir='ltr'><strong>aliquod</strong></span> <span class='ocrx_word' id='word_1_430' title='bbox 1485 647 1602 698; x_wconf 90' lang='lat' dir='ltr'><strong>indicium</strong></span> <span class='ocrx_word' id='word_1_431' title='bbox 1613 661 1665 698; x_wconf 77' lang='lat' dir='ltr'><strong>suaa</strong></span> <span class='ocrx_word' id='word_1_432' title='bbox 1681 648 1795 700; x_wconf 77' lang='lat' dir='ltr'><strong>eumden</strong></span> <span class='ocrx_word' id='word_1_433' title='bbox 1807 660 1865 698; x_wconf 82' lang='grc' dir='ltr'>σικι-</span> 
     </span>
     <span class='ocr_line' id='line_1_59' title="bbox 1089 732 1864 798; baseline 0.004 -16"><span class='ocrx_word' id='word_1_434' title='bbox 1089 732 1242 795; x_wconf 87' lang='lat' dir='ltr'><strong>suetudinis,</strong></span> <span class='ocrx_word' id='word_1_435' title='bbox 1258 737 1286 782; x_wconf 92' lang='lat' dir='ltr'><strong>ut</strong></span> <span class='ocrx_word' id='word_1_436' title='bbox 1300 732 1424 783; x_wconf 87' lang='lat' dir='ltr'><strong>scabilla</strong></span> <span class='ocrx_word' id='word_1_437' title='bbox 1436 733 1552 784; x_wconf 89' lang='lat' dir='ltr'><strong>edoctum</strong></span> <span class='ocrx_word' id='word_1_438' title='bbox 1568 733 1622 783; x_wconf 76' lang='lat' dir='ltr'><strong>laec</strong></span> <span class='ocrx_word' id='word_1_439' title='bbox 1635 734 1716 784; x_wconf 83' lang='lat' dir='ltr'><strong>iacere</strong></span> <span class='ocrx_word' id='word_1_440' title='bbox 1734 733 1864 798; x_wconf 88' lang='lat' dir='ltr'><strong>probaret,</strong></span> 
     </span>
     <span class='ocr_line' id='line_1_60' title="bbox 1089 820 1864 885; baseline -0.001 -14"><span class='ocrx_word' id='word_1_441' title='bbox 1089 822 1252 871; x_wconf 81' lang='lat' dir='ltr'><strong>Romanorum</strong></span> <span class='ocrx_word' id='word_1_442' title='bbox 1270 821 1362 870; x_wconf 87' lang='lat' dir='ltr'><strong>multos</strong></span> <span class='ocrx_word' id='word_1_443' title='bbox 1374 822 1513 885; x_wconf 81' lang='lat' dir='ltr'>probosque</span> <span class='ocrx_word' id='word_1_444' title='bbox 1525 821 1592 871; x_wconf 78' lang='lat' dir='ltr'><strong>uiros</strong></span> <span class='ocrx_word' id='word_1_445' title='bbox 1605 820 1631 871; x_wconf 92' lang='lat' dir='ltr'><strong>in</strong></span> <span class='ocrx_word' id='word_1_446' title='bbox 1653 821 1721 872; x_wconf 82' lang='lat' dir='ltr'><strong>redes</strong></span> <span class='ocrx_word' id='word_1_447' title='bbox 1734 821 1776 871; x_wconf 92' lang='lat' dir='ltr'><strong>ubi</strong></span> <span class='ocrx_word' id='word_1_448' title='bbox 1788 821 1864 885; x_wconf 78' lang='lat' dir='ltr'><strong>dege·</strong></span> 
     </span>
     <span class='ocr_line' id='line_1_61' title="bbox 1089 906 1864 975; baseline 0.008 -20"><span class='ocrx_word' id='word_1_449' title='bbox 1089 906 1131 956; x_wconf 88' lang='lat' dir='ltr'><strong>bat</strong></span> <span class='ocrx_word' id='word_1_450' title='bbox 1144 920 1258 970; x_wconf 83' lang='lat' dir='ltr'><strong>vocasse,</strong></span> <span class='ocrx_word' id='word_1_451' title='bbox 1273 909 1376 971; x_wconf 88' lang='lat' dir='ltr'><strong>deinde,</strong></span> <span class='ocrx_word' id='word_1_452' title='bbox 1391 925 1449 960; x_wconf 87' lang='lat' dir='ltr'><strong>cum</strong></span> <span class='ocrx_word' id='word_1_453' title='bbox 1470 910 1501 960; x_wconf 85' lang='lat' dir='ltr'><strong>iis</strong></span> <span class='ocrx_word' id='word_1_454' title='bbox 1516 910 1559 975; x_wconf 90' lang='lat' dir='ltr'><strong>qui</strong></span> <span class='ocrx_word' id='word_1_455' title='bbox 1579 913 1744 961; x_wconf 85' lang='lat' dir='ltr'><strong>convenerant</strong></span> <span class='ocrx_word' id='word_1_456' title='bbox 1756 909 1864 973; x_wconf 78' lang='lat' dir='ltr'><strong>sirpelie·</strong></span> 
     </span>
     <span class='ocr_line' id='line_1_62' title="bbox 1089 995 1862 1061; baseline 0.004 -17"><span class='ocrx_word' id='word_1_457' title='bbox 1089 995 1172 1046; x_wconf 85' lang='lat' dir='ltr'><strong>ctilem</strong></span> <span class='ocrx_word' id='word_1_458' title='bbox 1184 996 1257 1046; x_wconf 86' lang='lat' dir='ltr'><strong>rilem</strong></span> <span class='ocrx_word' id='word_1_459' title='bbox 1269 1000 1294 1048; x_wconf 91' lang='lat' dir='ltr'><strong>et</strong></span> <span class='ocrx_word' id='word_1_460' title='bbox 1313 997 1414 1048; x_wconf 91' lang='lat' dir='ltr'><strong>domum</strong></span> <span class='ocrx_word' id='word_1_461' title='bbox 1425 1000 1494 1049; x_wconf 87' lang='lat' dir='ltr'><strong>omni</strong></span> <span class='ocrx_word' id='word_1_462' title='bbox 1502 998 1551 1049; x_wconf 86' lang='lat' dir='ltr'><strong>alio</strong></span> <span class='ocrx_word' id='word_1_463' title='bbox 1565 1001 1683 1061; x_wconf 87' lang='lat' dir='ltr'><strong>apparatu</strong></span> <span class='ocrx_word' id='word_1_464' title='bbox 1695 998 1759 1047; x_wconf 90' lang='lat' dir='ltr'><strong>male</strong></span> <span class='ocrx_word' id='word_1_465' title='bbox 1770 997 1862 1047; x_wconf 89' lang='lat' dir='ltr'><strong>instru·</strong></span> 
     </span>
     <span class='ocr_line' id='line_1_63' title="bbox 1089 1083 1864 1148; baseline 0.001 -16"><span class='ocrx_word' id='word_1_466' title='bbox 1089 1087 1168 1143; x_wconf 88' lang='lat' dir='ltr'><strong>clem,</strong></span> <span class='ocrx_word' id='word_1_467' title='bbox 1194 1083 1328 1148; x_wconf 78' lang='lat' dir='ltr'><strong>quinetiam</strong></span> <span class='ocrx_word' id='word_1_468' title='bbox 1355 1085 1432 1135; x_wconf 88' lang='lat' dir='ltr'><strong>rebus</strong></span> <span class='ocrx_word' id='word_1_469' title='bbox 1452 1084 1566 1136; x_wconf 87' lang='lat' dir='ltr'><strong>omnibus</strong></span> <span class='ocrx_word' id='word_1_470' title='bbox 1595 1085 1624 1135; x_wconf 92' lang='lat' dir='ltr'><strong>ad</strong></span> <span class='ocrx_word' id='word_1_471' title='bbox 1652 1083 1793 1135; x_wconf 81' lang='lat' dir='ltr'><strong>conuiuium</strong></span> <span class='ocrx_word' id='word_1_472' title='bbox 1818 1097 1864 1134; x_wconf 91' lang='lat' dir='ltr'><strong>su-</strong></span> 
     </span>
     <span class='ocr_line' id='line_1_64' title="bbox 1089 1168 1865 1234; baseline 0.005 -15"><span class='ocrx_word' id='word_1_473' title='bbox 1089 1168 1203 1220; x_wconf 87' lang='lat' dir='ltr'><strong>bitarium</strong></span> <span class='ocrx_word' id='word_1_474' title='bbox 1237 1172 1379 1222; x_wconf 86' lang='lat' dir='ltr'><strong>necessariis</strong></span> <span class='ocrx_word' id='word_1_475' title='bbox 1409 1176 1533 1223; x_wconf 80' lang='lat' dir='ltr'><strong>carentem</strong></span> <span class='ocrx_word' id='word_1_476' title='bbox 1571 1173 1731 1234; x_wconf 73' lang='lat' dir='ltr'><strong>ostendisset,</strong></span> <span class='ocrx_word' id='word_1_477' title='bbox 1764 1172 1865 1223; x_wconf 88' lang='lat' dir='ltr'><strong>iussisse</strong></span> 
     </span>
     <span class='ocr_line' id='line_1_65' title="bbox 1089 1259 1865 1325; baseline 0.006 -18"><span class='ocrx_word' id='word_1_478' title='bbox 1089 1261 1149 1308; x_wconf 89' lang='lat' dir='ltr'><strong>tunc</strong></span> <span class='ocrx_word' id='word_1_479' title='bbox 1165 1259 1265 1322; x_wconf 90' lang='lat' dir='ltr'><strong>quidem</strong></span> <span class='ocrx_word' id='word_1_480' title='bbox 1277 1260 1417 1322; x_wconf 82' lang='lat' dir='ltr'><strong>discedere,</strong></span> <span class='ocrx_word' id='word_1_481' title='bbox 1436 1260 1484 1311; x_wconf 90' lang='lat' dir='ltr'><strong>sub</strong></span> <span class='ocrx_word' id='word_1_482' title='bbox 1497 1274 1626 1325; x_wconf 84' lang='lat' dir='ltr'><strong>vesperum</strong></span> <span class='ocrx_word' id='word_1_483' title='bbox 1639 1275 1697 1312; x_wconf 84' lang='lat' dir='ltr'><strong>vcro</strong></span> <span class='ocrx_word' id='word_1_484' title='bbox 1710 1276 1753 1312; x_wconf 87' lang='lat' dir='ltr'><strong>eos</strong></span> <span class='ocrx_word' id='word_1_485' title='bbox 1763 1262 1794 1311; x_wconf 90' lang='lat' dir='ltr'><strong>ad</strong></span> <span class='ocrx_word' id='word_1_486' title='bbox 1811 1276 1865 1312; x_wconf 80' lang='grc' dir='ltr'><strong>οω-</strong></span> 
     </span>
     <span class='ocr_line' id='line_1_66' title="bbox 1089 1349 1864 1414; baseline 0.008 -17"><span class='ocrx_word' id='word_1_487' title='bbox 1089 1360 1145 1397; x_wconf 89' lang='lat' dir='ltr'><strong>nam</strong></span> <span class='ocrx_word' id='word_1_488' title='bbox 1160 1349 1289 1410; x_wconf 77' lang='lat' dir='ltr'><strong>invitasse3</strong></span> <span class='ocrx_word' id='word_1_489' title='bbox 1311 1349 1372 1414; x_wconf 89' lang='lat' dir='ltr'><strong>ipsis</strong></span> <span class='ocrx_word' id='word_1_490' title='bbox 1387 1364 1447 1401; x_wconf 83' lang='lat' dir='ltr'><strong>uero</strong></span> <span class='ocrx_word' id='word_1_491' title='bbox 1466 1351 1498 1401; x_wconf 89' lang='lat' dir='ltr'><strong>ad</strong></span> <span class='ocrx_word' id='word_1_492' title='bbox 1519 1350 1604 1401; x_wconf 87' lang='lat' dir='ltr'><strong>bcmm</strong></span> <span class='ocrx_word' id='word_1_493' title='bbox 1625 1351 1764 1402; x_wconf 84' lang='lat' dir='ltr'><strong>condictam</strong></span> <span class='ocrx_word' id='word_1_494' title='bbox 1781 1365 1864 1403; x_wconf 82' lang='lat' dir='ltr'><strong>rerer-</strong></span> 
     </span>
     <span class='ocr_line' id='line_1_67' title="bbox 1090 1436 1865 1502; baseline 0.003 -17"><span class='ocrx_word' id='word_1_495' title='bbox 1090 1436 1124 1485; x_wconf 88' lang='lat' dir='ltr'><strong>sis</strong></span> <span class='ocrx_word' id='word_1_496' title='bbox 1142 1436 1277 1486; x_wconf 77' lang='lat' dir='ltr'><strong>ostendisse</strong></span> <span class='ocrx_word' id='word_1_497' title='bbox 1300 1442 1326 1487; x_wconf 92' lang='lat' dir='ltr'><strong>et</strong></span> <span class='ocrx_word' id='word_1_498' title='bbox 1346 1437 1424 1488; x_wconf 90' lang='lat' dir='ltr'><strong>lectos</strong></span> <span class='ocrx_word' id='word_1_499' title='bbox 1444 1436 1584 1502; x_wconf 87' lang='lat' dir='ltr'><strong>splendidos</strong></span> <span class='ocrx_word' id='word_1_500' title='bbox 1607 1442 1633 1487; x_wconf 86' lang='lat' dir='ltr'><strong>et</strong></span> <span class='ocrx_word' id='word_1_501' title='bbox 1654 1450 1751 1489; x_wconf 87' lang='lat' dir='ltr'><strong>mensas</strong></span> <span class='ocrx_word' id='word_1_502' title='bbox 1771 1438 1865 1502; x_wconf 87' lang='lat' dir='ltr'><strong>poonlis</strong></span> 
     </span>
     <span class='ocr_line' id='line_1_68' title="bbox 1089 1524 1864 1590; baseline 0.004 -16"><span class='ocrx_word' id='word_1_503' title='bbox 1089 1524 1175 1575; x_wconf 88' lang='lat' dir='ltr'><strong>multis</strong></span> <span class='ocrx_word' id='word_1_504' title='bbox 1196 1528 1221 1575; x_wconf 88' lang='lat' dir='ltr'><strong>et</strong></span> <span class='ocrx_word' id='word_1_505' title='bbox 1243 1525 1397 1589; x_wconf 85' lang='lat' dir='ltr'><strong>elegantibus</strong></span> <span class='ocrx_word' id='word_1_506' title='bbox 1418 1530 1522 1577; x_wconf 88' lang='lat' dir='ltr'><strong>onustas</strong></span> <span class='ocrx_word' id='word_1_507' title='bbox 1544 1527 1669 1590; x_wconf 83' lang='lat' dir='ltr'><strong>jussisque</strong></span> <span class='ocrx_word' id='word_1_508' title='bbox 1692 1525 1864 1588; x_wconf 75' lang='lat' dir='ltr'><strong>discumbere,</strong></span> 
     </span>
     <span class='ocr_line' id='line_1_69' title="bbox 1088 1614 1864 1678; baseline 0.001 -16"><span class='ocrx_word' id='word_1_509' title='bbox 1088 1615 1200 1677; x_wconf 74' lang='lat' dir='ltr'><strong>opinatos</strong></span> <span class='ocrx_word' id='word_1_510' title='bbox 1234 1614 1318 1678; x_wconf 90' lang='lat' dir='ltr'><strong>epulas</strong></span> <span class='ocrx_word' id='word_1_511' title='bbox 1343 1619 1370 1665; x_wconf 91' lang='lat' dir='ltr'><strong>et</strong></span> <span class='ocrx_word' id='word_1_512' title='bbox 1397 1615 1466 1665; x_wconf 88' lang='lat' dir='ltr'><strong>cibos</strong></span> <span class='ocrx_word' id='word_1_513' title='bbox 1496 1615 1653 1678; x_wconf 87' lang='lat' dir='ltr'><strong>apposuisse,</strong></span> <span class='ocrx_word' id='word_1_514' title='bbox 1687 1629 1751 1678; x_wconf 90' lang='lat' dir='ltr'><strong>quos</strong></span> <span class='ocrx_word' id='word_1_515' title='bbox 1780 1614 1864 1665; x_wconf 87' lang='lat' dir='ltr'><strong>nulius</strong></span> 
     </span>
     <span class='ocr_line' id='line_1_70' title="bbox 1089 1702 1861 1768; baseline 0.001 -15"><span class='ocrx_word' id='word_1_516' title='bbox 1089 1703 1168 1763; x_wconf 60' lang='lat' dir='ltr'><strong>illius,</strong></span> <span class='ocrx_word' id='word_1_517' title='bbox 1180 1704 1266 1753; x_wconf 83' lang='lat' dir='ltr'><strong>saculi</strong></span> <span class='ocrx_word' id='word_1_518' title='bbox 1288 1704 1363 1754; x_wconf 87' lang='lat' dir='ltr'><strong>bomo</strong></span> <span class='ocrx_word' id='word_1_519' title='bbox 1383 1706 1493 1768; x_wconf 91' lang='lat' dir='ltr'><strong>tempore</strong></span> <span class='ocrx_word' id='word_1_520' title='bbox 1512 1704 1672 1766; x_wconf 86' lang='lat' dir='ltr'><strong>quantumvis</strong></span> <span class='ocrx_word' id='word_1_521' title='bbox 1693 1705 1765 1767; x_wconf 72' lang='lat' dir='ltr'><strong>longo</strong></span> <span class='ocrx_word' id='word_1_522' title='bbox 1789 1702 1861 1754; x_wconf 82' lang='lat' dir='ltr'><strong>taeilo</strong></span> 
     </span>
     <span class='ocr_line' id='line_1_71' title="bbox 1090 1789 1863 1854; baseline 0.001 -15"><span class='ocrx_word' id='word_1_523' title='bbox 1090 1792 1209 1853; x_wconf 87' lang='lat' dir='ltr'><strong>parasset.</strong></span> <span class='ocrx_word' id='word_1_524' title='bbox 1242 1792 1311 1840; x_wconf 82' lang='lat' dir='ltr'><strong>Tunc</strong></span> <span class='ocrx_word' id='word_1_525' title='bbox 1330 1794 1415 1841; x_wconf 89' lang='lat' dir='ltr'><strong>autem</strong></span> <span class='ocrx_word' id='word_1_526' title='bbox 1434 1793 1556 1842; x_wconf 82' lang='lat' dir='ltr'><strong>Romanos</strong></span> <span class='ocrx_word' id='word_1_527' title='bbox 1570 1795 1597 1841; x_wconf 91' lang='lat' dir='ltr'><strong>et</strong></span> <span class='ocrx_word' id='word_1_528' title='bbox 1615 1789 1687 1841; x_wconf 83' lang='lat' dir='ltr'><strong>ualde</strong></span> <span class='ocrx_word' id='word_1_529' title='bbox 1707 1790 1863 1854; x_wconf 85' lang='lat' dir='ltr'><strong>obstupuisse</strong></span> 
     </span>
     <span class='ocr_line' id='line_1_72' title="bbox 1088 1865 1864 1939; baseline -0.001 -13"><span class='ocrx_word' id='word_1_530' title='bbox 1088 1877 1121 1926; x_wconf 90' lang='lat' dir='ltr'><strong>ob</strong></span> <span class='ocrx_word' id='word_1_531' title='bbox 1132 1865 1275 1928; x_wconf 74' lang='lat' dir='ltr'><strong>cunctatam</strong></span> <span class='ocrx_word' id='word_1_532' title='bbox 1287 1890 1386 1936; x_wconf 89' lang='lat' dir='ltr'><strong>rerum,</strong></span> <span class='ocrx_word' id='word_1_533' title='bbox 1399 1888 1462 1939; x_wconf 88' lang='lat' dir='ltr'><strong>quas</strong></span> <span class='ocrx_word' id='word_1_534' title='bbox 1470 1876 1601 1939; x_wconf 83' lang='lat' dir='ltr'><strong>videbant,</strong></span> <span class='ocrx_word' id='word_1_535' title='bbox 1614 1880 1640 1927; x_wconf 89' lang='lat' dir='ltr'><strong>et</strong></span> <span class='ocrx_word' id='word_1_536' title='bbox 1657 1876 1688 1926; x_wconf 89' lang='lat' dir='ltr'><strong>ab</strong></span> <span class='ocrx_word' id='word_1_537' title='bbox 1699 1876 1740 1926; x_wconf 89' lang='lat' dir='ltr'><strong>illu</strong></span> <span class='ocrx_word' id='word_1_538' title='bbox 1753 1878 1864 1939; x_wconf 88' lang='lat' dir='ltr'><strong>temporo</strong></span> 
     </span>
     <span class='ocr_line' id='line_1_73' title="bbox 1088 1965 1864 2028; baseline -0.001 -13"><span class='ocrx_word' id='word_1_539' title='bbox 1088 1967 1142 2015; x_wconf 84' lang='lat' dir='ltr'><strong>sine</strong></span> <span class='ocrx_word' id='word_1_540' title='bbox 1156 1966 1208 2016; x_wconf 90' lang='lat' dir='ltr'><strong>ullo</strong></span> <span class='ocrx_word' id='word_1_541' title='bbox 1220 1965 1295 2015; x_wconf 86' lang='lat' dir='ltr'><strong>dubio</strong></span> <span class='ocrx_word' id='word_1_542' title='bbox 1306 1965 1474 2025; x_wconf 76' lang='lat' dir='ltr'><strong>existimasse,</strong></span> <span class='ocrx_word' id='word_1_543' title='bbox 1487 1965 1559 2015; x_wconf 85' lang='lat' dir='ltr'><strong>deam</strong></span> <span class='ocrx_word' id='word_1_544' title='bbox 1572 1965 1679 2028; x_wconf 90' lang='lat' dir='ltr'><strong>aliquam</strong></span> <span class='ocrx_word' id='word_1_545' title='bbox 1692 1979 1750 2015; x_wconf 89' lang='lat' dir='ltr'><strong>oum</strong></span> <span class='ocrx_word' id='word_1_546' title='bbox 1765 1977 1795 2015; x_wconf 88' lang='lat' dir='ltr'><strong>eo</strong></span> <span class='ocrx_word' id='word_1_547' title='bbox 1807 1978 1864 2015; x_wconf 88' lang='lat' dir='ltr'><strong>con·</strong></span> 
     </span>
     <span class='ocr_line' id='line_1_74' title="bbox 1089 2052 1359 2104; baseline 0.007 -2"><span class='ocrx_word' id='word_1_548' title='bbox 1089 2052 1245 2103; x_wconf 88' lang='lat' dir='ltr'><strong>suetudinem</strong></span> <span class='ocrx_word' id='word_1_549' title='bbox 1259 2053 1359 2104; x_wconf 88' lang='lat' dir='ltr'><strong>babere.</strong></span> 
     </span>
    </p>
   </div>
   <div class='ocr_carea' id='block_1_5' title="bbox 1085 2149 1863 4134">
    <p class='ocr_par' dir='ltr' id='par_1_5' title="bbox 1085 2149 1863 4134">
     <span class='ocr_line' id='line_1_75' title="bbox 1120 2149 1863 2213; baseline 0.005 -14"><span class='ocrx_word' id='word_1_550' title='bbox 1120 2151 1180 2199; x_wconf 78' lang='lat' dir='ltr'><strong>ixi.</strong></span> <span class='ocrx_word' id='word_1_551' title='bbox 1200 2149 1248 2200; x_wconf 87' lang='lat' dir='ltr'><strong>Sed</strong></span> <span class='ocrx_word' id='word_1_552' title='bbox 1261 2152 1304 2213; x_wconf 91' lang='lat' dir='ltr'><strong>qui</strong></span> <span class='ocrx_word' id='word_1_553' title='bbox 1319 2164 1405 2202; x_wconf 88' lang='lat' dir='ltr'><strong>omnes</strong></span> <span class='ocrx_word' id='word_1_554' title='bbox 1423 2150 1518 2202; x_wconf 80' lang='lat' dir='ltr'><strong>fabulas</strong></span> <span class='ocrx_word' id='word_1_555' title='bbox 1533 2164 1565 2201; x_wconf 82' lang='lat' dir='ltr'><strong>er</strong></span> <span class='ocrx_word' id='word_1_556' title='bbox 1581 2151 1683 2202; x_wconf 88' lang='lat' dir='ltr'><strong>bistoria</strong></span> <span class='ocrx_word' id='word_1_557' title='bbox 1694 2151 1797 2212; x_wconf 90' lang='lat' dir='ltr'><strong>tollunt,</strong></span> <span class='ocrx_word' id='word_1_558' title='bbox 1812 2154 1863 2203; x_wconf 84' lang='lat' dir='ltr'><strong>tlu-</strong></span> 
     </span>
     <span class='ocr_line' id='line_1_76' title="bbox 1087 2239 1862 2306; baseline 0.009 -20"><span class='ocrx_word' id='word_1_559' title='bbox 1087 2251 1154 2288; x_wconf 88' lang='lat' dir='ltr'><strong>mam</strong></span> <span class='ocrx_word' id='word_1_560' title='bbox 1177 2239 1232 2290; x_wconf 78' lang='lat' dir='ltr'><strong>bac</strong></span> <span class='ocrx_word' id='word_1_561' title='bbox 1257 2240 1289 2290; x_wconf 92' lang='lat' dir='ltr'><strong>de</strong></span> <span class='ocrx_word' id='word_1_562' title='bbox 1308 2240 1395 2303; x_wconf 83' lang='lat' dir='ltr'><strong>Egeria</strong></span> <span class='ocrx_word' id='word_1_563' title='bbox 1415 2240 1514 2290; x_wconf 77' lang='lat' dir='ltr'><strong>irruisse</strong></span> <span class='ocrx_word' id='word_1_564' title='bbox 1529 2241 1631 2300; x_wconf 86' lang='lat' dir='ltr'><strong>dicunt,</strong></span> <span class='ocrx_word' id='word_1_565' title='bbox 1653 2245 1682 2293; x_wconf 90' lang='lat' dir='ltr'><strong>ut</strong></span> <span class='ocrx_word' id='word_1_566' title='bbox 1704 2243 1747 2306; x_wconf 91' lang='lat' dir='ltr'><strong>qni</strong></span> <span class='ocrx_word' id='word_1_567' title='bbox 1771 2255 1862 2293; x_wconf 88' lang='lat' dir='ltr'><strong>numen</strong></span> 
     </span>
     <span class='ocr_line' id='line_1_77' title="bbox 1086 2333 1862 2396; baseline 0.005 -13"><span class='ocrx_word' id='word_1_568' title='bbox 1086 2333 1197 2385; x_wconf 84' lang='lat' dir='ltr'><strong>divinum</strong></span> <span class='ocrx_word' id='word_1_569' title='bbox 1210 2338 1347 2387; x_wconf 88' lang='lat' dir='ltr'><strong>metuerent</strong></span> <span class='ocrx_word' id='word_1_570' title='bbox 1369 2336 1463 2386; x_wconf 72' lang='lat' dir='ltr'><strong>facilins</strong></span> <span class='ocrx_word' id='word_1_571' title='bbox 1483 2336 1579 2387; x_wconf 86' lang='lat' dir='ltr'><strong>animos</strong></span> <span class='ocrx_word' id='word_1_572' title='bbox 1595 2336 1628 2386; x_wconf 86' lang='lat' dir='ltr'><strong>ad</strong></span> <span class='ocrx_word' id='word_1_573' title='bbox 1647 2350 1675 2387; x_wconf 88' lang='lat' dir='ltr'><strong>sc</strong></span> <span class='ocrx_word' id='word_1_574' title='bbox 1692 2336 1862 2396; x_wconf 81' lang='lat' dir='ltr'><strong>adverterunt,</strong></span> 
     </span>
     <span class='ocr_line' id='line_1_78' title="bbox 1086 2430 1863 2497; baseline -0.003 -13"><span class='ocrx_word' id='word_1_575' title='bbox 1086 2434 1113 2484; x_wconf 90' lang='lat' dir='ltr'><strong>et</strong></span> <span class='ocrx_word' id='word_1_576' title='bbox 1134 2431 1206 2496; x_wconf 77' lang='lat' dir='ltr'><strong>leges·</strong></span> <span class='ocrx_word' id='word_1_577' title='bbox 1219 2445 1282 2497; x_wconf 86' lang='lat' dir='ltr'><strong>quas</strong></span> <span class='ocrx_word' id='word_1_578' title='bbox 1303 2432 1399 2483; x_wconf 87' lang='lat' dir='ltr'><strong>latnnrs</strong></span> <span class='ocrx_word' id='word_1_579' title='bbox 1419 2435 1484 2483; x_wconf 86' lang='lat' dir='ltr'><strong>esset</strong></span> <span class='ocrx_word' id='word_1_580' title='bbox 1507 2430 1641 2493; x_wconf 89' lang='lat' dir='ltr'><strong>lubentius,</strong></span> <span class='ocrx_word' id='word_1_581' title='bbox 1653 2436 1680 2482; x_wconf 89' lang='lat' dir='ltr'><strong>ut</strong></span> <span class='ocrx_word' id='word_1_582' title='bbox 1698 2431 1771 2483; x_wconf 85' lang='lat' dir='ltr'><strong>ediis</strong></span> <span class='ocrx_word' id='word_1_583' title='bbox 1785 2432 1863 2494; x_wconf 86' lang='lat' dir='ltr'><strong>latas,</strong></span> 
     </span>
     <span class='ocr_line' id='line_1_79' title="bbox 1089 2527 1863 2591; baseline 0.005 -15"><span class='ocrx_word' id='word_1_584' title='bbox 1089 2528 1234 2591; x_wconf 81' lang='lat' dir='ltr'><strong>acciperent.</strong></span> <span class='ocrx_word' id='word_1_585' title='bbox 1289 2528 1364 2578; x_wconf 78' lang='lat' dir='ltr'><strong>Aiunt</strong></span> <span class='ocrx_word' id='word_1_586' title='bbox 1386 2532 1470 2578; x_wconf 89' lang='lat' dir='ltr'><strong>autem</strong></span> <span class='ocrx_word' id='word_1_587' title='bbox 1489 2540 1546 2578; x_wconf 88' lang='lat' dir='ltr'><strong>eum</strong></span> <span class='ocrx_word' id='word_1_588' title='bbox 1566 2528 1591 2577; x_wconf 91' lang='lat' dir='ltr'><strong>in</strong></span> <span class='ocrx_word' id='word_1_589' title='bbox 1608 2527 1650 2579; x_wconf 88' lang='lat' dir='ltr'><strong>bis</strong></span> <span class='ocrx_word' id='word_1_590' title='bbox 1670 2532 1784 2579; x_wconf 66' lang='lat' dir='ltr'><strong>mentum</strong></span> <span class='ocrx_word' id='word_1_591' title='bbox 1807 2543 1863 2580; x_wconf 79' lang='lat' dir='ltr'><strong>esse</strong></span> 
     </span>
     <span class='ocr_line' id='line_1_80' title="bbox 1085 2625 1861 2691; baseline 0.001 -15"><span class='ocrx_word' id='word_1_592' title='bbox 1085 2628 1223 2691; x_wconf 80' lang='lat' dir='ltr'><strong>exemplum</strong></span> <span class='ocrx_word' id='word_1_593' title='bbox 1242 2627 1400 2686; x_wconf 73' lang='lat' dir='ltr'><strong>draconum,</strong></span> <span class='ocrx_word' id='word_1_594' title='bbox 1413 2625 1499 2676; x_wconf 84' lang='lat' dir='ltr'><strong>Minois</strong></span> <span class='ocrx_word' id='word_1_595' title='bbox 1512 2627 1637 2677; x_wconf 85' lang='lat' dir='ltr'><strong>cretensis</strong></span> <span class='ocrx_word' id='word_1_596' title='bbox 1649 2629 1675 2677; x_wconf 88' lang='lat' dir='ltr'><strong>et</strong></span> <span class='ocrx_word' id='word_1_597' title='bbox 1697 2626 1800 2690; x_wconf 75' lang='lat' dir='ltr'><strong>Lycurgi</strong></span> <span class='ocrx_word' id='word_1_598' title='bbox 1813 2630 1861 2677; x_wconf 80' lang='lat' dir='ltr'><strong>La·</strong></span> 
     </span>
     <span class='ocr_line' id='line_1_81' title="bbox 1086 2725 1863 2790; baseline -0.001 -14"><span class='ocrx_word' id='word_1_599' title='bbox 1086 2726 1230 2776; x_wconf 81' lang='lat' dir='ltr'><strong>cedmmonii</strong></span> <span class='ocrx_word' id='word_1_600' title='bbox 1249 2726 1374 2789; x_wconf 74' lang='lat' dir='ltr'><strong>sapientie</strong></span> <span class='ocrx_word' id='word_1_601' title='bbox 1399 2726 1529 2786; x_wconf 74' lang='lat' dir='ltr'><strong>ramulum,</strong></span> <span class='ocrx_word' id='word_1_602' title='bbox 1558 2739 1661 2790; x_wconf 86' lang='lat' dir='ltr'><strong>quorum</strong></span> <span class='ocrx_word' id='word_1_603' title='bbox 1688 2725 1749 2776; x_wconf 86' lang='lat' dir='ltr'><strong>alter</strong></span> <span class='ocrx_word' id='word_1_604' title='bbox 1763 2726 1863 2789; x_wconf 91' lang='lat' dir='ltr'><strong>quidem</strong></span> 
     </span>
     <span class='ocr_line' id='line_1_82' title="bbox 1086 2821 1862 2886; baseline 0.003 -16"><span class='ocrx_word' id='word_1_605' title='bbox 1086 2821 1217 2873; x_wconf 83' lang='lat' dir='ltr'><strong>simulabat</strong></span> <span class='ocrx_word' id='word_1_606' title='bbox 1240 2823 1288 2873; x_wconf 92' lang='lat' dir='ltr'><strong>sibi</strong></span> <span class='ocrx_word' id='word_1_607' title='bbox 1309 2836 1364 2873; x_wconf 83' lang='lat' dir='ltr'><strong>esse</strong></span> <span class='ocrx_word' id='word_1_608' title='bbox 1390 2836 1447 2872; x_wconf 91' lang='lat' dir='ltr'><strong>cum</strong></span> <span class='ocrx_word' id='word_1_609' title='bbox 1472 2824 1530 2872; x_wconf 84' lang='lat' dir='ltr'><strong>love</strong></span> <span class='ocrx_word' id='word_1_610' title='bbox 1546 2822 1762 2879; x_wconf 83' lang='lat' dir='ltr'><strong>consuetudinem,</strong></span> <span class='ocrx_word' id='word_1_611' title='bbox 1785 2837 1862 2886; x_wconf 84' lang='lat' dir='ltr'><strong>quare</strong></span> 
     </span>
     <span class='ocr_line' id='line_1_83' title="bbox 1087 2920 1863 2984; baseline 0 -13"><span class='ocrx_word' id='word_1_612' title='bbox 1087 2924 1197 2972; x_wconf 88' lang='lat' dir='ltr'><strong>montem</strong></span> <span class='ocrx_word' id='word_1_613' title='bbox 1221 2923 1343 2972; x_wconf 82' lang='lat' dir='ltr'><strong>Dictreum</strong></span> <span class='ocrx_word' id='word_1_614' title='bbox 1366 2922 1536 2984; x_wconf 79' lang='lat' dir='ltr'><strong>frequentans,</strong></span> <span class='ocrx_word' id='word_1_615' title='bbox 1559 2920 1601 2972; x_wconf 89' lang='lat' dir='ltr'><strong>ubi</strong></span> <span class='ocrx_word' id='word_1_616' title='bbox 1624 2922 1712 2970; x_wconf 82' lang='lat' dir='ltr'><strong>lovem</strong></span> <span class='ocrx_word' id='word_1_617' title='bbox 1734 2922 1863 2972; x_wconf 84' lang='lat' dir='ltr'><strong>cretenses</strong></span> 
     </span>
     <span class='ocr_line' id='line_1_84' title="bbox 1088 3016 1861 3082; baseline -0.001 -14"><span class='ocrx_word' id='word_1_618' title='bbox 1088 3019 1183 3082; x_wconf 78' lang='lat' dir='ltr'><strong>sungamt</strong></span> <span class='ocrx_word' id='word_1_619' title='bbox 1209 3032 1224 3068; x_wconf 88' lang='lat' dir='ltr'><strong>a</strong></span> <span class='ocrx_word' id='word_1_620' title='bbox 1248 3017 1381 3069; x_wconf 81' lang='lat' dir='ltr'><strong>Curetibus</strong></span> <span class='ocrx_word' id='word_1_621' title='bbox 1403 3016 1485 3067; x_wconf 82' lang='lat' dir='ltr'><strong>adbuc</strong></span> <span class='ocrx_word' id='word_1_622' title='bbox 1508 3029 1593 3067; x_wconf 88' lang='lat' dir='ltr'><strong>recens</strong></span> <span class='ocrx_word' id='word_1_623' title='bbox 1618 3020 1704 3066; x_wconf 87' lang='lat' dir='ltr'><strong>nutum</strong></span> <span class='ocrx_word' id='word_1_624' title='bbox 1728 3016 1861 3067; x_wconf 81' lang='lat' dir='ltr'><strong>edumtum</strong></span> 
     </span>
     <span class='ocr_line' id='line_1_85' title="bbox 1087 3109 1862 3175; baseline 0 -13"><span class='ocrx_word' id='word_1_625' title='bbox 1087 3125 1156 3171; x_wconf 88' lang='lat' dir='ltr'><strong>esse,</strong></span> <span class='ocrx_word' id='word_1_626' title='bbox 1183 3111 1209 3161; x_wconf 91' lang='lat' dir='ltr'><strong>in</strong></span> <span class='ocrx_word' id='word_1_627' title='bbox 1241 3124 1338 3161; x_wconf 89' lang='lat' dir='ltr'><strong>sacrum</strong></span> <span class='ocrx_word' id='word_1_628' title='bbox 1363 3115 1461 3161; x_wconf 79' lang='lat' dir='ltr'><strong>animm</strong></span> <span class='ocrx_word' id='word_1_629' title='bbox 1488 3109 1666 3171; x_wconf 86' lang='lat' dir='ltr'><strong>descendebat,</strong></span> <span class='ocrx_word' id='word_1_630' title='bbox 1692 3114 1719 3163; x_wconf 91' lang='lat' dir='ltr'><strong>et</strong></span> <span class='ocrx_word' id='word_1_631' title='bbox 1741 3112 1807 3175; x_wconf 79' lang='lat' dir='ltr'><strong>leges</strong></span> <span class='ocrx_word' id='word_1_632' title='bbox 1826 3111 1862 3162; x_wconf 90' lang='lat' dir='ltr'><strong>ibi</strong></span> 
     </span>
     <span class='ocr_line' id='line_1_86' title="bbox 1087 3205 1861 3270; baseline 0.001 -14"><span class='ocrx_word' id='word_1_633' title='bbox 1087 3206 1197 3256; x_wconf 87' lang='lat' dir='ltr'><strong>conditas</strong></span> <span class='ocrx_word' id='word_1_634' title='bbox 1210 3207 1235 3255; x_wconf 93' lang='lat' dir='ltr'><strong>in</strong></span> <span class='ocrx_word' id='word_1_635' title='bbox 1256 3205 1342 3255; x_wconf 90' lang='lat' dir='ltr'><strong>urbem</strong></span> <span class='ocrx_word' id='word_1_636' title='bbox 1361 3205 1494 3265; x_wconf 75' lang='lat' dir='ltr'><strong>afferebat,</strong></span> <span class='ocrx_word' id='word_1_637' title='bbox 1509 3218 1572 3269; x_wconf 88' lang='lat' dir='ltr'><strong>quas</strong></span> <span class='ocrx_word' id='word_1_638' title='bbox 1592 3219 1619 3255; x_wconf 88' lang='lat' dir='ltr'><strong>se</strong></span> <span class='ocrx_word' id='word_1_639' title='bbox 1638 3220 1652 3255; x_wconf 94' lang='lat' dir='ltr'><strong>a</strong></span> <span class='ocrx_word' id='word_1_640' title='bbox 1668 3209 1730 3257; x_wconf 85' lang='lat' dir='ltr'><strong>lore</strong></span> <span class='ocrx_word' id='word_1_641' title='bbox 1751 3207 1861 3270; x_wconf 84' lang='lat' dir='ltr'><strong>accipere</strong></span> 
     </span>
     <span class='ocr_line' id='line_1_87' title="bbox 1087 3298 1863 3366; baseline 0.003 -16"><span class='ocrx_word' id='word_1_642' title='bbox 1087 3300 1237 3351; x_wconf 78' lang='lat' dir='ltr'><strong>affirmabat,</strong></span> <span class='ocrx_word' id='word_1_643' title='bbox 1273 3301 1341 3350; x_wconf 78' lang='lat' dir='ltr'><strong>Alter</strong></span> <span class='ocrx_word' id='word_1_644' title='bbox 1359 3313 1420 3351; x_wconf 85' lang='lat' dir='ltr'><strong>vern</strong></span> <span class='ocrx_word' id='word_1_645' title='bbox 1433 3304 1558 3365; x_wconf 59' lang='lat' dir='ltr'><strong>Lycurgus</strong></span> <span class='ocrx_word' id='word_1_646' title='bbox 1572 3302 1697 3366; x_wconf 86' lang='lat' dir='ltr'><strong>proiectus</strong></span> <span class='ocrx_word' id='word_1_647' title='bbox 1716 3298 1824 3366; x_wconf 85' lang='lat' dir='ltr'><strong>Delphos</strong></span> <span class='ocrx_word' id='word_1_648' title='bbox 1835 3316 1863 3353; x_wconf 88' lang='lat' dir='ltr'><strong>se</strong></span> 
     </span>
     <span class='ocr_line' id='line_1_88' title="bbox 1087 3372 1860 3462; baseline 0.001 -15"><span class='ocrx_word' id='word_1_649' title='bbox 1087 3397 1119 3448; x_wconf 83' lang='lat' dir='ltr'><strong>nb</strong></span> <span class='ocrx_word' id='word_1_650' title='bbox 1131 3397 1240 3462; x_wconf 74' lang='lat' dir='ltr'><strong>Apolline</strong></span> <span class='ocrx_word' id='word_1_651' title='bbox 1252 3398 1333 3459; x_wconf 78' lang='lat' dir='ltr'><strong>legum</strong></span> <span class='ocrx_word' id='word_1_652' title='bbox 1344 3396 1501 3446; x_wconf 80' lang='lat' dir='ltr'><strong>serendarum</strong></span> <span class='ocrx_word' id='word_1_653' title='bbox 1517 3372 1638 3446; x_wconf 84' lang='lat' dir='ltr'><strong>rationem</strong></span> <span class='ocrx_word' id='word_1_654' title='bbox 1655 3395 1771 3448; x_wconf 82' lang='lat' dir='ltr'><strong>didicisse</strong></span> <span class='ocrx_word' id='word_1_655' title='bbox 1788 3398 1860 3449; x_wconf 80' lang='lat' dir='ltr'><strong>dixit.</strong></span> 
     </span>
     <span class='ocr_line' id='line_1_89' title="bbox 1088 3491 1863 3557; baseline 0.001 -14"><span class='ocrx_word' id='word_1_656' title='bbox 1088 3496 1209 3544; x_wconf 68' lang='lat' dir='ltr'><strong>accurate</strong></span> <span class='ocrx_word' id='word_1_657' title='bbox 1232 3492 1307 3557; x_wconf 79' lang='lat' dir='ltr'><strong>igitur</strong></span> <span class='ocrx_word' id='word_1_658' title='bbox 1330 3492 1437 3542; x_wconf 86' lang='lat' dir='ltr'><strong>scribere</strong></span> <span class='ocrx_word' id='word_1_659' title='bbox 1451 3492 1483 3542; x_wconf 91' lang='lat' dir='ltr'><strong>de</strong></span> <span class='ocrx_word' id='word_1_660' title='bbox 1504 3491 1578 3542; x_wconf 90' lang='lat' dir='ltr'><strong>rebus</strong></span> <span class='ocrx_word' id='word_1_661' title='bbox 1597 3491 1726 3554; x_wconf 76' lang='lat' dir='ltr'><strong>sabulosis,</strong></span> <span class='ocrx_word' id='word_1_662' title='bbox 1741 3492 1863 3557; x_wconf 79' lang='lat' dir='ltr'><strong>precipue</strong></span> 
     </span>
     <span class='ocr_line' id='line_1_90' title="bbox 1088 3587 1863 3653; baseline -0.005 -12"><span class='ocrx_word' id='word_1_663' title='bbox 1088 3603 1146 3641; x_wconf 85' lang='lat' dir='ltr'><strong>vero</strong></span> <span class='ocrx_word' id='word_1_664' title='bbox 1166 3590 1198 3640; x_wconf 90' lang='lat' dir='ltr'><strong>de</strong></span> <span class='ocrx_word' id='word_1_665' title='bbox 1223 3589 1253 3640; x_wconf 90' lang='lat' dir='ltr'><strong>iis</strong></span> <span class='ocrx_word' id='word_1_666' title='bbox 1274 3602 1331 3653; x_wconf 77' lang='lat' dir='ltr'><strong>ques</strong></span> <span class='ocrx_word' id='word_1_667' title='bbox 1357 3587 1389 3638; x_wconf 90' lang='lat' dir='ltr'><strong>ad</strong></span> <span class='ocrx_word' id='word_1_668' title='bbox 1413 3588 1474 3638; x_wconf 92' lang='lat' dir='ltr'><strong>deos</strong></span> <span class='ocrx_word' id='word_1_669' title='bbox 1499 3589 1631 3653; x_wconf 84' lang='lat' dir='ltr'><strong>pertinent,</strong></span> <span class='ocrx_word' id='word_1_670' title='bbox 1659 3601 1716 3637; x_wconf 91' lang='lat' dir='ltr'><strong>cum</strong></span> <span class='ocrx_word' id='word_1_671' title='bbox 1744 3589 1814 3652; x_wconf 83' lang='lat' dir='ltr'><strong>longa</strong></span> <span class='ocrx_word' id='word_1_672' title='bbox 1835 3587 1863 3637; x_wconf 92' lang='lat' dir='ltr'><strong>id</strong></span> 
     </span>
     <span class='ocr_line' id='line_1_91' title="bbox 1088 3684 1860 3754; baseline -0.005 -16"><span class='ocrx_word' id='word_1_673' title='bbox 1088 3689 1199 3738; x_wconf 87' lang='lat' dir='ltr'><strong>oratione</strong></span> <span class='ocrx_word' id='word_1_674' title='bbox 1216 3684 1325 3754; x_wconf 78' lang='lat' dir='ltr'><strong>indigere</strong></span> <span class='ocrx_word' id='word_1_675' title='bbox 1345 3685 1551 3744; x_wconf 81' lang='lat' dir='ltr'><strong>animadvertam,</strong></span> <span class='ocrx_word' id='word_1_676' title='bbox 1564 3698 1629 3734; x_wconf 90' lang='lat' dir='ltr'><strong>nnnc</strong></span> <span class='ocrx_word' id='word_1_677' title='bbox 1642 3685 1744 3735; x_wconf 90' lang='lat' dir='ltr'><strong>missum</strong></span> <span class='ocrx_word' id='word_1_678' title='bbox 1756 3685 1860 3748; x_wconf 75' lang='lat' dir='ltr'><strong>taebm3</strong></span> 
     </span>
     <span class='ocr_line' id='line_1_92' title="bbox 1088 3779 1861 3845; baseline -0.003 -13"><span class='ocrx_word' id='word_1_679' title='bbox 1088 3781 1133 3833; x_wconf 91' lang='lat' dir='ltr'><strong>sed</strong></span> <span class='ocrx_word' id='word_1_680' title='bbox 1143 3795 1199 3845; x_wconf 76' lang='lat' dir='ltr'><strong>quae</strong></span> <span class='ocrx_word' id='word_1_681' title='bbox 1218 3781 1280 3831; x_wconf 92' lang='lat' dir='ltr'><strong>bona</strong></span> <span class='ocrx_word' id='word_1_682' title='bbox 1294 3780 1396 3832; x_wconf 82' lang='lat' dir='ltr'><strong>Romani</strong></span> <span class='ocrx_word' id='word_1_683' title='bbox 1417 3779 1534 3830; x_wconf 86' lang='lat' dir='ltr'><strong>ridentur</strong></span> <span class='ocrx_word' id='word_1_684' title='bbox 1546 3779 1605 3830; x_wconf 90' lang='lat' dir='ltr'><strong>mibi</strong></span> <span class='ocrx_word' id='word_1_685' title='bbox 1618 3793 1648 3829; x_wconf 81' lang='lat' dir='ltr'><strong>ex</strong></span> <span class='ocrx_word' id='word_1_686' title='bbox 1672 3779 1737 3831; x_wconf 88' lang='lat' dir='ltr'><strong>illius</strong></span> <span class='ocrx_word' id='word_1_687' title='bbox 1748 3780 1795 3830; x_wconf 81' lang='lat' dir='ltr'><strong>viri</strong></span> <span class='ocrx_word' id='word_1_688' title='bbox 1811 3781 1861 3830; x_wconf 90' lang='lat' dir='ltr'><strong>irn-</strong></span> 
     </span>
     <span class='ocr_line' id='line_1_93' title="bbox 1088 3876 1862 3945; baseline -0.005 -15"><span class='ocrx_word' id='word_1_689' title='bbox 1088 3880 1156 3945; x_wconf 88' lang='lat' dir='ltr'><strong>perio</strong></span> <span class='ocrx_word' id='word_1_690' title='bbox 1165 3880 1314 3944; x_wconf 80' lang='lat' dir='ltr'><strong>percepisse,</strong></span> <span class='ocrx_word' id='word_1_691' title='bbox 1326 3881 1355 3929; x_wconf 88' lang='lat' dir='ltr'><strong>ut</strong></span> <span class='ocrx_word' id='word_1_692' title='bbox 1372 3892 1403 3929; x_wconf 84' lang='lat' dir='ltr'><strong>ex</strong></span> <span class='ocrx_word' id='word_1_693' title='bbox 1417 3878 1526 3942; x_wconf 89' lang='lat' dir='ltr'><strong>ipsomm</strong></span> <span class='ocrx_word' id='word_1_694' title='bbox 1544 3878 1685 3929; x_wconf 85' lang='lat' dir='ltr'><strong>domesticis</strong></span> <span class='ocrx_word' id='word_1_695' title='bbox 1697 3876 1862 3928; x_wconf 87' lang='lat' dir='ltr'><strong>monumentis</strong></span> 
     </span>
     <span class='ocr_line' id='line_1_94' title="bbox 1089 3973 1861 4039; baseline -0.004 -15"><span class='ocrx_word' id='word_1_696' title='bbox 1089 3973 1209 4039; x_wconf 89' lang='lat' dir='ltr'><strong>comperi,</strong></span> <span class='ocrx_word' id='word_1_697' title='bbox 1224 3974 1356 4033; x_wconf 87' lang='lat' dir='ltr'><strong>enarrabo,</strong></span> <span class='ocrx_word' id='word_1_698' title='bbox 1373 3973 1417 4024; x_wconf 91' lang='lat' dir='ltr'><strong>ubi</strong></span> <span class='ocrx_word' id='word_1_699' title='bbox 1437 3973 1505 4037; x_wconf 87' lang='lat' dir='ltr'><strong>prius</strong></span> <span class='ocrx_word' id='word_1_700' title='bbox 1518 3985 1654 4032; x_wconf 87' lang='lat' dir='ltr'><strong>monuero,</strong></span> <span class='ocrx_word' id='word_1_701' title='bbox 1673 3985 1747 4036; x_wconf 90' lang='lat' dir='ltr'><strong>quarn</strong></span> <span class='ocrx_word' id='word_1_702' title='bbox 1762 3974 1861 4035; x_wconf 90' lang='lat' dir='ltr'><strong>pertur-</strong></span> 
     </span>
     <span class='ocr_line' id='line_1_95' title="bbox 1088 4067 1861 4134; baseline -0.001 -13"><span class='ocrx_word' id='word_1_703' title='bbox 1088 4070 1162 4121; x_wconf 91' lang='lat' dir='ltr'><strong>batus</strong></span> <span class='ocrx_word' id='word_1_704' title='bbox 1187 4069 1276 4120; x_wconf 86' lang='lat' dir='ltr'><strong>inisset</strong></span> <span class='ocrx_word' id='word_1_705' title='bbox 1290 4069 1431 4134; x_wconf 75' lang='lat' dir='ltr'><strong>reipublice</strong></span> <span class='ocrx_word' id='word_1_706' title='bbox 1450 4072 1545 4129; x_wconf 81' lang='lat' dir='ltr'><strong>sutus,</strong></span> <span class='ocrx_word' id='word_1_707' title='bbox 1568 4071 1697 4131; x_wconf 81' lang='lat' dir='ltr'><strong>antequam</strong></span> <span class='ocrx_word' id='word_1_708' title='bbox 1713 4068 1753 4119; x_wconf 92' lang='lat' dir='ltr'><strong>ille</strong></span> <span class='ocrx_word' id='word_1_709' title='bbox 1774 4067 1806 4118; x_wconf 87' lang='lat' dir='ltr'><strong>ad</strong></span> <span class='ocrx_word' id='word_1_710' title='bbox 1820 4082 1861 4120; x_wconf 93' lang='lat' dir='ltr'><strong>re·</strong></span> 
     </span>
    </p>
   </div>
   <div class='ocr_carea' id='block_1_6' title="bbox 1087 4167 1880 5274">
    <p class='ocr_par' dir='ltr' id='par_1_6' title="bbox 1088 4167 1315 4232">
     <span class='ocr_line' id='line_1_96' title="bbox 1088 4167 1315 4232; baseline 0 -15"><span class='ocrx_word' id='word_1_711' title='bbox 1088 4182 1163 4232; x_wconf 78' lang='lat' dir='ltr'><strong>gnum</strong></span> <span class='ocrx_word' id='word_1_712' title='bbox 1180 4167 1315 4217; x_wconf 86' lang='lat' dir='ltr'><strong>accederet.</strong></span> 
     </span>
    </p>

    <p class='ocr_par' dir='ltr' id='par_1_7' title="bbox 1087 4246 1880 5274">
     <span class='ocr_line' id='line_1_97' title="bbox 1118 4246 1880 4306; baseline -0.005 -7"><span class='ocrx_word' id='word_1_713' title='bbox 1118 4250 1191 4299; x_wconf 82' lang='lat' dir='ltr'><strong>Lxlr.</strong></span> <span class='ocrx_word' id='word_1_714' title='bbox 1209 4250 1268 4298; x_wconf 88' lang='lat' dir='ltr'><strong>Post</strong></span> <span class='ocrx_word' id='word_1_715' title='bbox 1286 4247 1383 4297; x_wconf 77' lang='lat' dir='ltr'><strong>Romuli</strong></span> <span class='ocrx_word' id='word_1_716' title='bbox 1395 4246 1504 4306; x_wconf 89' lang='lat' dir='ltr'><strong>obitum,</strong></span> <span class='ocrx_word' id='word_1_717' title='bbox 1521 4258 1578 4295; x_wconf 91' lang='lat' dir='ltr'><strong>cum</strong></span> <span class='ocrx_word' id='word_1_718' title='bbox 1594 4248 1693 4296; x_wconf 83' lang='lat' dir='ltr'><strong>senatus</strong></span> <span class='ocrx_word' id='word_1_719' title='bbox 1703 4256 1800 4294; x_wconf 91' lang='lat' dir='ltr'><strong>omnem</strong></span> <span class='ocrx_word' id='word_1_720' title='bbox 1816 4246 1880 4295; x_wconf 59' lang='lat' dir='ltr'><strong>rei-¹</strong></span> 
     </span>
     <span class='ocr_line' id='line_1_98' title="bbox 1089 4324 1862 4393; baseline -0.008 -14"><span class='ocrx_word' id='word_1_721' title='bbox 1089 4329 1194 4393; x_wconf 77' lang='lat' dir='ltr'><strong>publicae</strong></span> <span class='ocrx_word' id='word_1_722' title='bbox 1206 4327 1441 4377; x_wconf 85' lang='lat' dir='ltr'><strong>administrationem</strong></span> <span class='ocrx_word' id='word_1_723' title='bbox 1458 4326 1565 4389; x_wconf 89' lang='lat' dir='ltr'><strong>adeptus</strong></span> <span class='ocrx_word' id='word_1_724' title='bbox 1585 4328 1610 4375; x_wconf 93' lang='lat' dir='ltr'><strong>et</strong></span> <span class='ocrx_word' id='word_1_725' title='bbox 1626 4338 1669 4388; x_wconf 91' lang='lat' dir='ltr'><strong>per</strong></span> <span class='ocrx_word' id='word_1_726' title='bbox 1679 4324 1800 4387; x_wconf 74' lang='lat' dir='ltr'><strong>integrum</strong></span> <span class='ocrx_word' id='word_1_727' title='bbox 1814 4338 1862 4374; x_wconf 87' lang='lat' dir='ltr'><strong>an-</strong></span> 
     </span>
     <span class='ocr_line' id='line_1_99' title="bbox 1089 4403 1862 4470; baseline -0.008 -12"><span class='ocrx_word' id='word_1_728' title='bbox 1089 4423 1148 4459; x_wconf 86' lang='lat' dir='ltr'><strong>num</strong></span> <span class='ocrx_word' id='word_1_729' title='bbox 1169 4409 1214 4470; x_wconf 87' lang='lat' dir='ltr'><strong>(ut</strong></span> <span class='ocrx_word' id='word_1_730' title='bbox 1231 4406 1297 4468; x_wconf 81' lang='lat' dir='ltr'><strong>dixi)</strong></span> <span class='ocrx_word' id='word_1_731' title='bbox 1312 4409 1432 4470; x_wconf 85' lang='lat' dir='ltr'><strong>potestate</strong></span> <span class='ocrx_word' id='word_1_732' title='bbox 1448 4405 1543 4468; x_wconf 87' lang='lat' dir='ltr'><strong>politus</strong></span> <span class='ocrx_word' id='word_1_733' title='bbox 1561 4408 1639 4465; x_wconf 86' lang='lat' dir='ltr'><strong>esset,</strong></span> <span class='ocrx_word' id='word_1_734' title='bbox 1656 4404 1703 4467; x_wconf 89' lang='lat' dir='ltr'><strong>ipsi</strong></span> <span class='ocrx_word' id='word_1_735' title='bbox 1723 4406 1805 4468; x_wconf 86' lang='lat' dir='ltr'><strong>patres</strong></span> <span class='ocrx_word' id='word_1_736' title='bbox 1821 4403 1862 4452; x_wconf 92' lang='lat' dir='ltr'><strong>in-</strong></span> 
     </span>
     <span class='ocr_line' id='line_1_100' title="bbox 1088 4484 1863 4549; baseline -0.01 -9"><span class='ocrx_word' id='word_1_737' title='bbox 1088 4494 1126 4541; x_wconf 89' lang='lat' dir='ltr'><strong>ter</strong></span> <span class='ocrx_word' id='word_1_738' title='bbox 1141 4503 1168 4538; x_wconf 86' lang='lat' dir='ltr'><strong>se</strong></span> <span class='ocrx_word' id='word_1_739' title='bbox 1183 4486 1301 4537; x_wconf 87' lang='lat' dir='ltr'><strong>dissidere</strong></span> <span class='ocrx_word' id='word_1_740' title='bbox 1320 4486 1388 4537; x_wconf 90' lang='lat' dir='ltr'><strong>etde</strong></span> <span class='ocrx_word' id='word_1_741' title='bbox 1406 4485 1460 4535; x_wconf 92' lang='lat' dir='ltr'><strong>iure</strong></span> <span class='ocrx_word' id='word_1_742' title='bbox 1481 4499 1602 4549; x_wconf 86' lang='lat' dir='ltr'><strong>aequoque</strong></span> <span class='ocrx_word' id='word_1_743' title='bbox 1620 4484 1765 4534; x_wconf 87' lang='lat' dir='ltr'><strong>contendere</strong></span> <span class='ocrx_word' id='word_1_744' title='bbox 1777 4495 1863 4547; x_wconf 74' lang='lat' dir='ltr'><strong>crepe-</strong></span> 
     </span>
     <span class='ocr_line' id='line_1_101' title="bbox 1088 4564 1860 4631; baseline -0.009 -12"><span class='ocrx_word' id='word_1_745' title='bbox 1088 4575 1155 4619; x_wconf 90' lang='lat' dir='ltr'><strong>ruut.</strong></span> <span class='ocrx_word' id='word_1_746' title='bbox 1166 4570 1292 4631; x_wconf 87' lang='lat' dir='ltr'><strong>Quotquot</strong></span> <span class='ocrx_word' id='word_1_747' title='bbox 1299 4565 1364 4616; x_wconf 91' lang='lat' dir='ltr'><strong>enim</strong></span> <span class='ocrx_word' id='word_1_748' title='bbox 1371 4578 1456 4615; x_wconf 88' lang='lat' dir='ltr'><strong>eorum</strong></span> <span class='ocrx_word' id='word_1_749' title='bbox 1467 4569 1537 4615; x_wconf 89' lang='lat' dir='ltr'><strong>erant</strong></span> <span class='ocrx_word' id='word_1_750' title='bbox 1546 4578 1577 4615; x_wconf 84' lang='lat' dir='ltr'><strong>ex</strong></span> <span class='ocrx_word' id='word_1_751' title='bbox 1586 4577 1688 4614; x_wconf 91' lang='lat' dir='ltr'><strong>nurnero</strong></span> <span class='ocrx_word' id='word_1_752' title='bbox 1699 4564 1860 4620; x_wconf 76' lang='lat' dir='ltr'><strong>Albanorum,</strong></span> 
     </span>
     <span class='ocr_line' id='line_1_102' title="bbox 1088 4641 1863 4711; baseline -0.005 -15"><span class='ocrx_word' id='word_1_753' title='bbox 1088 4648 1130 4711; x_wconf 88' lang='lat' dir='ltr'><strong>qni</strong></span> <span class='ocrx_word' id='word_1_754' title='bbox 1143 4660 1200 4697; x_wconf 89' lang='lat' dir='ltr'><strong>curn</strong></span> <span class='ocrx_word' id='word_1_755' title='bbox 1213 4644 1316 4697; x_wconf 81' lang='lat' dir='ltr'><strong>Romulo</strong></span> <span class='ocrx_word' id='word_1_756' title='bbox 1328 4643 1448 4694; x_wconf 89' lang='lat' dir='ltr'><strong>coloniam</strong></span> <span class='ocrx_word' id='word_1_757' title='bbox 1462 4641 1631 4701; x_wconf 81' lang='lat' dir='ltr'><strong>deduxerant,</strong></span> <span class='ocrx_word' id='word_1_758' title='bbox 1647 4645 1673 4693; x_wconf 90' lang='lat' dir='ltr'><strong>et</strong></span> <span class='ocrx_word' id='word_1_759' title='bbox 1691 4642 1716 4691; x_wconf 91' lang='lat' dir='ltr'><strong>in</strong></span> <span class='ocrx_word' id='word_1_760' title='bbox 1734 4641 1863 4693; x_wconf 82' lang='lat' dir='ltr'><strong>sententiis</strong></span> 
     </span>
     <span class='ocr_line' id='line_1_103' title="bbox 1088 4722 1862 4788; baseline -0.008 -10"><span class='ocrx_word' id='word_1_761' title='bbox 1088 4726 1199 4778; x_wconf 88' lang='lat' dir='ltr'><strong>dicendis</strong></span> <span class='ocrx_word' id='word_1_762' title='bbox 1215 4729 1242 4776; x_wconf 90' lang='lat' dir='ltr'><strong>et</strong></span> <span class='ocrx_word' id='word_1_763' title='bbox 1271 4725 1373 4775; x_wconf 84' lang='lat' dir='ltr'><strong>summis</strong></span> <span class='ocrx_word' id='word_1_764' title='bbox 1388 4723 1519 4774; x_wconf 89' lang='lat' dir='ltr'><strong>bonoribus</strong></span> <span class='ocrx_word' id='word_1_765' title='bbox 1536 4722 1660 4788; x_wconf 86' lang='lat' dir='ltr'><strong>capiendis</strong></span> <span class='ocrx_word' id='word_1_766' title='bbox 1673 4722 1862 4787; x_wconf 76' lang='lat' dir='ltr'><strong>prerogativam</strong></span> 
     </span>
     <span class='ocr_line' id='line_1_104' title="bbox 1088 4801 1862 4870; baseline -0.009 -12"><span class='ocrx_word' id='word_1_767' title='bbox 1088 4820 1114 4858; x_wconf 87' lang='lat' dir='ltr'><strong>se</strong></span> <span class='ocrx_word' id='word_1_768' title='bbox 1128 4807 1218 4858; x_wconf 90' lang='lat' dir='ltr'><strong>babere</strong></span> <span class='ocrx_word' id='word_1_769' title='bbox 1229 4818 1305 4870; x_wconf 87' lang='lat' dir='ltr'><strong>seque</strong></span> <span class='ocrx_word' id='word_1_770' title='bbox 1322 4805 1417 4855; x_wconf 83' lang='lat' dir='ltr'><strong>annuis</strong></span> <span class='ocrx_word' id='word_1_771' title='bbox 1428 4804 1519 4854; x_wconf 88' lang='lat' dir='ltr'><strong>colonis</strong></span> <span class='ocrx_word' id='word_1_772' title='bbox 1531 4804 1579 4853; x_wconf 88' lang='lat' dir='ltr'><strong>coli</strong></span> <span class='ocrx_word' id='word_1_773' title='bbox 1594 4816 1694 4867; x_wconf 76' lang='lat' dir='ltr'><strong>equum</strong></span> <span class='ocrx_word' id='word_1_774' title='bbox 1713 4801 1862 4852; x_wconf 87' lang='lat' dir='ltr'><strong>censebant:</strong></span> 
     </span>
     <span class='ocr_line' id='line_1_105' title="bbox 1088 4879 1863 4950; baseline -0.008 -14"><span class='ocrx_word' id='word_1_775' title='bbox 1088 4889 1211 4950; x_wconf 84' lang='lat' dir='ltr'><strong>quotquot</strong></span> <span class='ocrx_word' id='word_1_776' title='bbox 1224 4898 1283 4936; x_wconf 82' lang='lat' dir='ltr'><strong>vero</strong></span> <span class='ocrx_word' id='word_1_777' title='bbox 1295 4899 1324 4936; x_wconf 82' lang='lat' dir='ltr'><strong>ex</strong></span> <span class='ocrx_word' id='word_1_778' title='bbox 1338 4885 1408 4936; x_wconf 74' lang='lat' dir='ltr'><strong>nous</strong></span> <span class='ocrx_word' id='word_1_779' title='bbox 1426 4885 1517 4935; x_wconf 80' lang='lat' dir='ltr'><strong>coloms</strong></span> <span class='ocrx_word' id='word_1_780' title='bbox 1528 4886 1612 4949; x_wconf 83' lang='lat' dir='ltr'><strong>postea</strong></span> <span class='ocrx_word' id='word_1_781' title='bbox 1629 4883 1654 4933; x_wconf 93' lang='lat' dir='ltr'><strong>in</strong></span> <span class='ocrx_word' id='word_1_782' title='bbox 1673 4885 1773 4947; x_wconf 85' lang='lat' dir='ltr'><strong>patrum</strong></span> <span class='ocrx_word' id='word_1_783' title='bbox 1792 4879 1863 4931; x_wconf 87' lang='lat' dir='ltr'><strong>ordi·</strong></span> 
     </span>
     <span class='ocr_line' id='line_1_106' title="bbox 1088 4960 1864 5027; baseline -0.008 -11"><span class='ocrx_word' id='word_1_784' title='bbox 1088 4980 1144 5016; x_wconf 91' lang='lat' dir='ltr'><strong>nem</strong></span> <span class='ocrx_word' id='word_1_785' title='bbox 1170 4967 1241 5017; x_wconf 85' lang='lat' dir='ltr'><strong>relati</strong></span> <span class='ocrx_word' id='word_1_786' title='bbox 1271 4968 1354 5027; x_wconf 88' lang='lat' dir='ltr'><strong>erant,</strong></span> <span class='ocrx_word' id='word_1_787' title='bbox 1376 4979 1391 5014; x_wconf 91' lang='lat' dir='ltr'><strong>a</strong></span> <span class='ocrx_word' id='word_1_788' title='bbox 1414 4963 1483 5015; x_wconf 88' lang='lat' dir='ltr'><strong>nullo</strong></span> <span class='ocrx_word' id='word_1_789' title='bbox 1505 4964 1596 5015; x_wconf 87' lang='lat' dir='ltr'><strong>bonore</strong></span> <span class='ocrx_word' id='word_1_790' title='bbox 1617 4976 1645 5013; x_wconf 87' lang='lat' dir='ltr'><strong>se</strong></span> <span class='ocrx_word' id='word_1_791' title='bbox 1670 4960 1788 5012; x_wconf 78' lang='lat' dir='ltr'><strong>arcendos</strong></span> <span class='ocrx_word' id='word_1_792' title='bbox 1807 4973 1864 5010; x_wconf 86' lang='lat' dir='ltr'><strong>esse</strong></span> 
     </span>
     <span class='ocr_line' id='line_1_107' title="bbox 1087 5044 1863 5111; baseline -0.01 -13"><span class='ocrx_word' id='word_1_793' title='bbox 1087 5047 1272 5107; x_wconf 76' lang='lat' dir='ltr'><strong>existimabant,</strong></span> <span class='ocrx_word' id='word_1_794' title='bbox 1287 5045 1455 5111; x_wconf 75' lang='lat' dir='ltr'><strong>asperabant</strong></span> <span class='ocrx_word' id='word_1_795' title='bbox 1468 5044 1632 5096; x_wconf 87' lang='lat' dir='ltr'><strong>conditionem</strong></span> <span class='ocrx_word' id='word_1_796' title='bbox 1651 5056 1721 5094; x_wconf 90' lang='lat' dir='ltr'><strong>suam</strong></span> <span class='ocrx_word' id='word_1_797' title='bbox 1735 5053 1812 5104; x_wconf 86' lang='lat' dir='ltr'><strong>quarn</strong></span> <span class='ocrx_word' id='word_1_798' title='bbox 1823 5052 1863 5090; x_wconf 77' lang='lat' dir='ltr'><strong>ce·</strong></span> 
     </span>
     <span class='ocr_line' id='line_1_108' title="bbox 1087 5124 1862 5190; baseline -0.01 -9"><span class='ocrx_word' id='word_1_799' title='bbox 1087 5133 1195 5181; x_wconf 90' lang='lat' dir='ltr'><strong>terorum</strong></span> <span class='ocrx_word' id='word_1_800' title='bbox 1216 5129 1363 5181; x_wconf 88' lang='lat' dir='ltr'><strong>deteriorem</strong></span> <span class='ocrx_word' id='word_1_801' title='bbox 1379 5141 1493 5180; x_wconf 73' lang='lat' dir='ltr'><strong>smenon</strong></span> <span class='ocrx_word' id='word_1_802' title='bbox 1516 5126 1606 5178; x_wconf 89' lang='lat' dir='ltr'><strong>debere</strong></span> <span class='ocrx_word' id='word_1_803' title='bbox 1629 5146 1636 5177; x_wconf 71' lang='grc' dir='ltr'>ι</span> <span class='ocrx_word' id='word_1_804' title='bbox 1657 5124 1779 5190; x_wconf 75' lang='lat' dir='ltr'><strong>precipua</strong></span> <span class='ocrx_word' id='word_1_805' title='bbox 1802 5134 1862 5173; x_wconf 77' lang='lat' dir='ltr'><strong>vero</strong></span> 
     </span>
     <span class='ocr_line' id='line_1_109' title="bbox 1087 5198 1860 5274; baseline -0.009 -14"><span class='ocrx_word' id='word_1_806' title='bbox 1087 5212 1208 5274; x_wconf 89' lang='lat' dir='ltr'><strong>quotquot</strong></span> <span class='ocrx_word' id='word_1_807' title='bbox 1228 5211 1299 5260; x_wconf 87' lang='lat' dir='ltr'><strong>erant</strong></span> <span class='ocrx_word' id='word_1_808' title='bbox 1316 5207 1399 5260; x_wconf 86' lang='lat' dir='ltr'><strong>Sabini</strong></span> <span class='ocrx_word' id='word_1_809' title='bbox 1418 5205 1525 5271; x_wconf 75' lang='lat' dir='ltr'><strong>generis,</strong></span> <span class='ocrx_word' id='word_1_810' title='bbox 1539 5208 1565 5257; x_wconf 89' lang='lat' dir='ltr'><strong>et</strong></span> <span class='ocrx_word' id='word_1_811' title='bbox 1583 5206 1626 5270; x_wconf 80' lang='lat' dir='ltr'><strong>qud</strong></span> <span class='ocrx_word' id='word_1_812' title='bbox 1642 5220 1673 5257; x_wconf 85' lang='lat' dir='ltr'><strong>ex</strong></span> <span class='ocrx_word' id='word_1_813' title='bbox 1688 5203 1780 5255; x_wconf 83' lang='lat' dir='ltr'><strong>ioederc</strong></span> <span class='ocrx_word' id='word_1_814' title='bbox 1793 5198 1860 5265; x_wconf 80' lang='lat' dir='ltr'><strong>quod</strong></span> 
     </span>
    </p>
   </div>
   <div class='ocr_carea' id='block_1_7' title="bbox 0 0 2038 5924">
    <p class='ocr_par' dir='ltr' id='par_1_8' title="bbox 0 0 2038 5924">
     <span class='ocr_line' id='line_1_110' title="bbox 0 0 2038 5924; baseline 0 0"><span class='ocrx_word' id='word_1_815' title='bbox 0 0 2038 5924; x_wconf 95' lang='lat' dir='ltr'><strong> </strong></span> 
     </span>
    </p>
   </div>
  </div>
 </body>
</html>
