4048 5924
645 443 939 521 ΑΝῚἸΟΒΙΤΑΤΟΜ
958 443 1106 506 ΒΟΜΑΝ.
1131 445 1204 506 LlB.
1227 445 1305 506 Vlll.

138 583 285 646 baroniani
300 580 487 650 σκεδασθέντες
501 580 608 664 ἔφευγον
623 581 673 641 ἀνδι
685 581 743 645 τοὺς
757 578 916 643 στενωπούς.

139 673 175 736 Ὀ
195 677 217 733 δ’
239 673 377 746 ἠκολούθει
399 670 509 731 κτείνων
534 670 594 738 τούς
614 666 918 746 καταλαμθανομένους,

139 763 195 825 ὅσοι
205 761 242 840 μὴ
257 763 291 821 τὰ
306 761 378 823 όπλα
393 760 514 844 ῥίψαντες
530 760 565 828 εὶς
584 756 685 824 ἱκεσίας
697 755 852 835 ἐτράποντο,
870 752 918 812 ’Ea

139 851 168 911 δὲ
182 853 267 933 τούτῳ
283 850 328 910 καὶ
343 853 367 910 οἱ
378 851 421 909 διδι
431 853 483 907 τῶν
493 846 632 925 κλιμάκων
643 844 827 911 άναόαίνοντες
842 841 920 922 ἐκρά·

97 964 110 1001 ε
139 965 199 1002 τουν
214 947 259 1000 τοῦ
269 941 381 1022 τείχους.
423 941 525 1000 Τοῦτον
541 936 619 996 δέτδν
634 934 729 1017 τρόπον
745 933 858 1007 ἁλούσης
872 935 920 1001 τῆς

139 1031 256 1104 πόλεως,
272 1031 422 1108 ἐξελόμενος
444 1033 459 1088 θ
474 1028 594 1109 Μάρκιος
608 1030 638 1086 ἐκ
655 1028 708 1084 τῶν
726 1021 850 1105 λαφύρων
870 1020 919 1080 ὅσα

140 1119 205 1186 θεοῖς
219 1144 248 1179 τε
263 1120 421 1197 ἀναθήματα
435 1115 481 1177 καὶ
491 1116 590 1195 κόσμος
602 1115 659 1184 ταῖς
670 1110 846 1175 Οὐολούσκων
870 1108 919 1169 πό·

139 1210 211 1268 λεσιν
235 1210 344 1287 ἔμελλεν
371 1208 496 1284 ἔσεσθαι,
510 1203 544 1265 τά
568 1204 649 1265 λοιπά
672 1210 726 1269 τοῖς
747 1197 919 1281 στρατιώταις

140 1303 221 1383 ἐφῆκε
236 1302 390 1386 διαρπάσαι.
423 1292 479 1362 Ἦν
492 1298 520 1358 δέ
529 1295 616 1357 πολλὰ
632 1296 680 1372 μὲν
694 1293 783 1354 αὐτόθι
794 1293 917 1367 σώματα,

86 1408 113 1446 1⁰
139 1393 226 1453 πολλὰ
246 1393 272 1454 δέ
293 1392 437 1473 χρήματα,
453 1388 534 1456 πολύς
548 1386 576 1445 δὲ
593 1393 680 1462 σῖτος,
695 1382 763 1442 ὥστε
777 1381 815 1460 μὴ
832 1378 918 1462 ρφίδιον

140 1472 207 1539 εἶναι
228 1492 277 1561 μιᾷ
291 1480 379 1541 πάντα
393 1478 534 1556 ἐκκομίσαι
550 1474 609 1543 τούς
622 1475 808 1556 κρατήσαντας
823 1470 917 1549 ἡμέρα·

140 1573 201 1629 ἀλλ’
215 1575 245 1631 ἐκ
259 1573 384 1650 διαδοχῆς
400 1568 506 1647 άγοντες
521 1563 567 1625 καὶ
582 1561 704 1644 φέροντες
717 1559 750 1618 cir
768 1557 814 1634 μὶν
826 1556 917 1632 αὐτοὶ,

138 1662 172 1715 τὰ
187 1657 215 1716 δὲ
230 1659 274 1717 ἐπὶ
290 1663 342 1718 τῶν
357 1655 520 1735 ὑποζυγίων,
537 1652 620 1712 πολύν
635 1648 842 1727 ἠναγκάσθησαν
861 1644 919 1701 δια-

137 1744 232 1826 τρίψαι
242 1750 346 1828 χρόνον.

85 1855 110 1892 ¹⁵
180 1837 285 1897 XVIII.
310 1834 345 1897 Ὁ
362 1833 390 1894 δέ
407 1832 569 1916 στρατηγὶς,
587 1827 677 1899 ἐπειδὴ
691 1825 726 1886 τθι
749 1826 861 1901 σώματα
873 1822 918 1881 καὶ

136 1923 172 1982 rb
186 1924 316 2005 χρήματα
334 1922 423 1982 πάντα
440 1922 639 1998 ἐξεκεκόμιστο,
655 1914 705 1988 τὴν
723 1915 801 1973 πόλιν
820 1910 917 1992 ἔρημον

139 2012 313 2087 καταλιπὼν,
328 2014 415 2087 ἀπῆγε
428 2010 477 2082 τὴν
492 2009 603 2086 δύναμιν
624 2005 667 2065 ἐπὶ
681 2005 777 2064 Βῶλαν
796 1998 917 2061 Λατίνων

138 2100 229 2181 ἑτέραν
245 2102 332 2159 πόλιν.
386 2095 504 2178 Ἔτυχον
520 2096 547 2156 δέ
565 2094 612 2155 καὶ
632 2096 656 2154 οἱ
676 2089 797 2153 Βωλανοὶ
819 2108 916 2167 προεγ-

138 2191 250 2257 νωκότες
277 2193 359 2249 αὐτοῦ
392 2186 440 2259 τὴν
469 2182 560 2266 ἐροδον
592 2182 637 2243 καὶ
668 2173 916 2260 παρεσκευασμένοι

85 2289 112 2325 2⁰
139 2277 224 2336 πάντα
237 2279 271 2338 τδι
292 2278 357 2359 πρὸς
371 2275 415 2334 τὸν
439 2277 529 2352 ἀγῶνα
556 2270 705 2343 ἐπιτήδεια.
750 2266 783 2328 Ὁ
802 2265 850 2344 μὶν
871 2253 915 2324 οὐν

139 2367 259 2448 Μάρκιος
273 2371 308 2437 ὡς
318 2367 345 2436 ἐξ
360 2364 453 2446 ἐφόδου
463 2362 512 2435 τλν
527 2362 603 2422 πολιν
617 2359 734 2440 αἱρήσων
741 2355 812 2417 κατδι
829 2350 916 2414 πολλὰ

139 2458 207 2536 με’ρη
231 2462 276 2515 τοῦ
299 2456 401 2537 τείχους
427 2456 540 2512 ἐποιεῖτο
559 2451 606 2517 τὰς
625 2445 785 2530 προσόολάς.
830 2445 864 2502 Οἱ
889 2440 916 2501 δὶ

139 2548 261 2606 Βωλανοὶ
278 2544 473 2626 περιμείναντες
494 2540 585 2622 καιρὸν
602 2538 748 2609 ἐπιτήδειον
784 2532 917 2610 ἀνοίγουσι

139 2632 187 2700 τθις
199 2633 301 2709 πύλας,
316 2632 360 2692 καὶ
374 2629 512 2711 φερόμενοι
525 2626 594 2688 κατδι
619 2627 719 2696 πλῆθος
743 2624 770 2681 ἐν
788 2618 861 2689 τάξει
887 2642 915 2678 τε

82 2740 108 2778 2⁵
138 2720 185 2780 καὶ
199 2722 291 2802 κόσμῳ
306 2718 472 2801 συρράττουσι
481 2725 534 2784 τοίς
548 2712 764 2791 κατθιμέτωπον·
784 2708 830 2768 καὶ
845 2710 915 2767 πολ·

137 2809 198 2878 λούς
214 2811 299 2870 αὐτῶν
314 2808 532 2878 ἀποκτείναντες,
547 2804 587 2863 ἐτι
605 2800 631 2860 δέ
644 2798 749 2866 πλείους
765 2819 918 2876 κατατραυ-

139 2899 311 2978 ματίσαντες,
337 2897 396 2964 τούς
416 2921 447 2956 τε
462 2893 570 2960 λοιπούς
584 2893 700 2971 αἰσχρῶς
721 2885 918 2964 ἀναγκάσαντες

140 2999 230 3070 φυγεῖν
245 2989 408 3069 ἀνέστρεψαν
423 2988 459 3053 εές
477 2982 526 3055 τῆν
540 2980 628 3041 πόλιν.
671 2977 721 3045 Ὡς
746 2977 767 3034 δ’
788 2973 856 3054 ἔγνω
869 2971 917 3045 τὴν

138 3078 239 3160 τροπὴν
261 3082 313 3137 τῶν
336 3074 513 3138 Οὐολούσκων
534 3074 548 3129 δ
573 3070 703 3149 Μάρκιος·
725 3066 755 3123 οὐ
773 3062 825 3144 γδιρ
839 3063 917 3143 ἔτυχε

81 3193 110 3232 ου
137 3167 249 3249 παρὼν,
265 3158 329 3247 ἐνῷ
354 3164 445 3245 χωρίῳ
468 3161 499 3220 τὸ
520 3158 600 3227 πάθος
626 3155 738 3235 ἐγένετο·
762 3155 850 3233 παρῆν
870 3151 917 3210 σύν

136 3258 234 3337 ὀλίγοις
249 3256 319 3317 κατὰ
335 3252 451 3324 σπουδὴν
462 3248 508 3309 καὶ
520 3246 579 3314 τούς
590 3249 621 3306 ἐκ
633 3249 680 3317 τῆς
691 3245 791 3324 τροπῆς
801 3242 917 3301 σκεδασ-

137 3348 227 3414 θέντας
250 3342 393 3403 iactabor
418 3339 570 3400 συνίστατο
593 3334 637 3395 καὶ
657 3332 849 3412 παρεθάρρυνε·
870 3329 916 3388 καὶ

137 3436 228 3507 ἐπειδὴ
241 3435 402 3506 κατέστησεν
419 3432 455 3497 εἰς
473 3426 575 3499 τάξεις,
595 3422 732 3491 θποδείξας
746 3419 764 3479 θ
779 3421 819 3479 δεῖ
831 3419 917 3498 πράτ-

136 3547 191 3583 τειν
208 3523 330 3582 ἐκέλευσε
344 3519 521 3595 προσθάλλειν
538 3520 571 3595 τῇ
587 3513 663 3573 πόλει
679 3508 748 3569 κατὰ
770 3507 817 3573 τὶις
832 3505 916 3573 αὐτάς

79 3627 106 3668 ³⁵
137 3612 233 3679 πύλας.
248 3610 430 3692 Χρησαμὲνων
451 3607 478 3665 δὲ
496 3604 576 3665 πάλιν
591 3606 643 3661 τῶν
655 3602 788 3660 Βωλανῶν
803 3601 837 3677 τῇ
850 3598 917 3675 αὐτῇ

137 3704 218 3783 πείρᾳ
240 3700 286 3760 καὶ
307 3697 374 3758 κατθι
393 3698 492 3770 πλῆθος
517 3689 717 3773 ἐκδραμόντων,
740 3687 770 3746 οὐ
796 3684 917 3764 δέχονται

138 3790 233 3857 αὐτοὺς
247 3792 271 3849 οἱ
281 3789 461 3857 Οὐολοῦσκοι,
478 3786 537 3842 ἀλλ’
550 3780 713 3860 ἐγκλίναντες
726 3775 832 3857 ἔφευγον
848 3772 917 3831 κατὶι

138 3886 184 3939 τοῦ
198 3885 329 3960 πρανοῦς,
345 3881 381 3944 ὡς
397 3873 568 3952 θστρατηγθς
590 3872 677 3936 αὐτοῖς
701 3866 820 3926 ὑπέθετο·
836 3863 882 3924 καὶ
892 3866 917 3923 ol

139 3971 260 4031 Βωλανοὶ
283 3970 331 4041 τῆν
349 3967 455 4039 ἀπάτην
472 3966 519 4023 οὐκ
536 3960 630 4027 εἰδότες
645 3958 752 4019 ἐδίωκον
769 3956 831 4038 ἄχρι
849 3957 917 4014 πολ-

80 4068 109 4109 ⁴⁰
139 4062 198 4122 λοῦ.
245 4058 324 4121 Ἐπεὶ
347 4054 374 4116 δέ
399 4054 491 4136 πρόσω
504 4057 550 4124 τῆς
571 4051 672 4116 πολεως
696 4040 828 4126 ἐγίνοντο,
849 4042 917 4124 ἔχων

139 4148 200 4218 τούς
214 4147 365 4214 ἐπιλέκτους
375 4149 428 4204 τῶν
442 4143 506 4202 νέων
533 4140 679 4220 θὶὶίάρκιος
690 4135 771 4216 θμόσε
787 4141 839 4200 τοῖς
854 4136 917 4193 Βω-

138 4244 227 4307 λανοῖς
247 4236 352 4318 ἐχώρει.
401 4232 455 4294 Καὶ
476 4231 576 4311 γίνεται
596 4226 678 4293 πολύς
703 4226 789 4284 αὐτῶν
806 4223 918 4280 ἐνταῦθα

138 4330 231 4403 φόνος,
246 4329 298 4385 τῶν
319 4323 366 4402 μὲν
385 4321 572 4401 α’μυνομίνων,
587 4321 640 4376 τῶν
655 4314 683 4375 δέ
697 4312 855 4396 φευγόντων.
882 4310 917 4370 Ὀ

138 4420 162 4478 δ’
177 4418 328 4477 ἀκολουθῶν
348 4421 402 4481 τοῖς
420 4410 465 4471 ἐπὶ
479 4410 528 4482 τῆν
549 4407 627 4467 πόλιν
642 4401 800 4481 ὠθουμίνοις
824 4399 917 4479 φθάνει

77 4542 108 4582 45
138 4508 200 4589 πρὶν
221 4508 413 4586 ἐπιρραχθῆναι
436 4500 483 4567 τδις
505 4497 591 4564 πύλας
613 4493 816 4571 είσόιασάμενος
836 4492 872 4556 εἰς
888 4486 918 4547 τδ

139 4601 236 4678 τεῖχος.
253 4596 301 4659 Ὡε
315 4595 342 4654 δὶ
354 4598 368 4653 δ
378 4591 524 4673 στρατηγὸς
537 4587 607 4655 ἅπαξ
620 4581 748 4663 ἐγκρατλς
760 4583 812 4639 τῶν
827 4579 917 4635 πυλῶν

139 4688 258 4765 ἐγίνετο,
283 4684 421 4758 ἠκολούθει
444 4681 490 4740 καὶ
514 4678 545 4737 τθ
567 4676 633 4735 ἄλλο
661 4678 714 4732 τῶν
742 4665 916 4731 Οὐολούσκων

138 4780 249 4848 πλῆθοε.
272 4778 309 4837 Οί
322 4774 349 4834 δὲ
366 4770 487 4835 Βωλανοὶ
500 4766 531 4827 τὶ
545 4773 631 4846 τεῖχος
646 4760 796 4824 ἐκλιπόντες
808 4754 917 4836 ἐφευγον

138 4867 183 4928 ἐπὶ
197 4866 243 4933 τὶς
258 4866 352 4933 οἰκίας.
395 4860 538 4936 Γενόμενος
553 4854 582 4916 δέ
597 4853 643 4912 καὶ
654 4849 751 4921 ταύτης
766 4844 855 4924 κύριος
869 4847 917 4914 τῆς

78 4994 108 5034 ,0
136 4959 255 5029 πόλεως,
282 4953 409 5033 ἐπίτρεψε
423 4955 477 5015 τοῖς
500 4942 675 5023 στρατιώταις
694 4938 729 4997 τά
749 4958 778 4995 τε
803 4932 917 5008 σώματα

137 5042 410 5123 ἐξανδραποδίσασθαι
434 5038 480 5098 καὶ
495 5034 529 5094 cir
546 5031 674 5114 χρήματα
699 5023 855 5104 διαρπάσαι·
870 5024 917 5082 καὶ

136 5137 184 5196 τδν
198 5129 385 5209 αὐτὸντρόπον
398 5127 489 5206 ὥσπερ
505 5122 551 5183 καὶ
566 5119 693 5200 πρότερον
708 5113 815 5172 ἅπασαν
837 5112 916 5170 ἐκκο-

139 5225 221 5303 μίσας
243 5219 293 5292 τὴν
308 5220 383 5280 λείαν
405 5216 452 5277 σύν
477 5215 567 5295 χρόνῳ
589 5232 618 5269 τε
647 5206 693 5265 καὶ
716 5207 787 5264 κατὰ
814 5198 900 5274 πολλοὶ

71 5392 79 5403 .
138 5312 275 5387 ἐξουσίαν,
289 5310 357 5389 perir
371 5313 449 5369 τοῦτο
461 5306 509 5379 τὴν
524 5302 601 5364 πολιν
617 5297 770 5379 ἐνέπρησεν.

1689 448 1750 508 459

973 581 1046 631 scalis
1062 581 1244 632 adscendebant
1256 581 1348 632 rnoeain
1366 583 1494 647 ceperunt,
1527 583 1581 631 Hoc
1594 582 1751 646 igiturmodo

974 701 1046 762 capta
1056 698 1130 758 urbe,
1145 697 1270 759 Marcius,
1281 697 1379 747 selectis
1392 711 1407 746 a
1422 696 1506 760 praeda
1521 695 1619 760 spoliis,
1633 710 1690 760 queo
1704 696 1752 746 (liis

972 812 1116 875 dicaturus,
1137 814 1260 878 atquibus
1274 814 1421 865 volscorum
1433 812 1524 878 oppida
1535 817 1670 865 ornaturus
1682 817 1750 877 crat,

974 929 1068 994 reliqua
1079 931 1197 981 militibus
1212 930 1237 981 in
1249 931 1360 996 praedem
1370 929 1501 981 concessit.
1529 929 1566 979 lbi
1578 934 1661 980 aulem
1672 928 1753 979 multe

973 1051 1043 1097 erant
1056 1046 1184 1097 bominum
1200 1046 1295 1111 capita,
1310 1059 1399 1110 magna
1409 1045 1522 1110 pecnniae
1535 1045 1609 1109 copia
1626 1048 1652 1096 et
1665 1058 1753 1109 magno

974 1162 1012 1213 vis
1022 1162 1147 1223 frumenti,
1163 1163 1225 1212 arico
1239 1166 1268 1212 nt
1281 1161 1388 1212 victores
1404 1176 1452 1212 non
1465 1159 1537 1212 facile
1554 1175 1603 1212 uuo
1615 1161 1656 1212 dic
1670 1160 1754 1211 omnia

972 1282 1102 1343 exportare
1112 1277 1253 1343 potueriut3
1265 1276 1311 1327 sed
1321 1276 1370 1326 ulia
1382 1277 1439 1341 ipsi,
1451 1277 1500 1327 alia
1510 1277 1627 1328 iumentis
1636 1276 1754 1340 imposita

973 1408 1017 1459 per
1028 1394 1097 1445 vices
1108 1398 1208 1458 agentes
1221 1393 1381 1455 obseremus,
1397 1392 1506 1443 multum
1521 1394 1642 1457 temporis
1662 1406 1752 1444 consu·

974 1524 1043 1562 more
1053 1515 1133 1563 coacti
1146 1513 1212 1560 sunt.

1006 1836 1095 1885 xvlll.
1115 1835 1254 1898 imperator
1273 1835 1368 1895 autem,
1383 1845 1442 1884 cum
1462 1830 1589 1896 mancipia
1610 1830 1756 1881 abduxisset

974 1936 999 1984 et
1010 1947 1051 1984 res
1060 1946 1147 1983 omnes
1157 1933 1334 1996 absportassat,
1347 1932 1482 1994 urbemque
1493 1929 1630 1980 desolatam
1645 1928 1756 1992 reliquis-

973 2033 1020 2091 set,
1033 2028 1170 2078 exercitum
1184 2027 1243 2076 inde
1258 2027 1290 2076 ad
1305 2027 1400 2085 Boiam,
1416 2028 1559 2077 Latinorum
1572 2026 1647 2079 aliam
1660 2027 1754 2086 urbem,

970 2124 1050 2175 duait.
1084 2122 1132 2173 Sed
1153 2122 1272 2173 etiiolani
1286 2123 1339 2173 eius
1356 2123 1490 2173 adventurn
1505 2123 1556 2173 iarn
1567 2128 1755 2187 praesenserant,

971 2229 997 2275 et
1010 2238 1050 2274 res
1065 2236 1152 2287 omncs
1169 2222 1202 2275 ad
1218 2222 1312 2273 bellurn
1326 2223 1479 2273 necessarias
1493 2224 1671 2286 prepararent.
1688 2226 1755 2274 Mar·

971 2322 1025 2373 cius
1034 2322 1118 2386 igitur,
1130 2335 1189 2371 curn
1203 2333 1231 2371 se
1244 2319 1325 2383 primo
1339 2319 1435 2384 impetu
1452 2319 1541 2375 urbam
1552 2322 1686 2385 capturum
1699 2334 1754 2387 spc-

972 2423 1046 2483 raret,
1058 2421 1146 2471 multis
1157 2432 1288 2471 murorum
1303 2417 1416 2483 partibus
1425 2416 1632 2482 oppugnationem
1640 2418 1754 2470 instituit.

971 2513 1019 2565 Scri
1044 2512 1144 2575 Bolani,
1174 2510 1309 2561 observate
1331 2513 1471 2572 opportuna
1493 2508 1637 2571 occasione,
1670 2512 1757 2574 portas

974 2609 1104 2672 aperiant,
1126 2609 1152 2658 et
1174 2605 1258 2657 valida
1281 2604 1388 2655 miiitum
1414 2618 1490 2654 ruauu
1517 2605 1613 2668 egregie
1635 2604 1756 2656 instructa

974 2709 1118 2771 erumpunt,
1132 2708 1158 2757 et
1172 2706 1198 2754 in
1209 2705 1294 2754 hostes
1305 2703 1351 2754 sibi
1371 2703 1480 2753 alronte
1490 2703 1617 2766 oppositos
1633 2704 1757 2767 impeturn

975 2804 1087 2865 [καίνισις
1104 2802 1241 2866 multisque
1256 2814 1344 2860 corum,
1356 2800 1428 2851 caesis
1442 2803 1468 2850 ct
1478 2799 1551 2862 longe
1568 2800 1682 2864 pluribus
1701 2804 1756 2852 vul·

972 2900 1064 2952 neentis
1078 2904 1103 2952 et
1116 2901 1219 2964 reliquis
1241 2899 1347 2962 turpiter
1361 2901 1429 2962 terga
1450 2899 1515 2962 lugu
1533 2898 1593 2949 doru
1607 2899 1709 2963 conciis,
1732 2900 1757 2950 in

972 2996 1059 3047 urbem
1070 2996 1207 3047 redierunt.
1226 3000 1258 3046 at
1274 2996 1393 3057 Marcius,
1409 2995 1677 3061 cogniteVulscorum
1689 2996 1756 3061 luga,

972 3096 1041 3160 (narn
1055 3096 1158 3147 lorteeo
1178 3094 1235 3144 loco
1257 3107 1306 3143 non
1318 3092 1420 3148 aderat,
1440 3105 1492 3155 quo
1503 3090 1588 3142 clades
1604 3105 1633 3142 ea
1654 3098 1757 3161 accepte

973 3193 1026 3258 cst)
1041 3207 1098 3245 curn
1111 3193 1196 3258 paucis
1210 3205 1315 3257 propere
1327 3190 1455 3243 advolavit
1470 3193 1496 3241 et
1505 3203 1565 3249 eos,
1577 3189 1623 3252 qui
1632 3189 1690 3254 luga
1702 3188 1756 3237 iue-

974 3295 1028 3344 rant
1039 3291 1152 3356 dispersi,
1172 3290 1271 3356 collegit
1282 3294 1307 3340 et
1315 3290 1341 3339 iu
1352 3289 1466 3339 ordinum
1479 3288 1598 3347 restituit,
1612 3287 1757 3349 animosque

972 3404 1059 3441 eorum
1070 3388 1225 3441 confirmavit
1239 3402 1246 3433 r
1262 3388 1381 3452 atquciis
1397 3388 1423 3437 ia
1436 3385 1548 3435 ordinem
1562 3385 1685 3437 restitutis
1702 3399 1757 3435 mo·

971 3488 1087 3552 altisque,
1103 3488 1166 3553 quid
1193 3485 1336 3538 faciendum
1358 3486 1437 3545 essct,
1447 3483 1522 3533 iussit
1535 3483 1566 3532 ab
1577 3482 1667 3533 iisdem
1679 3483 1757 3546 portis

972 3586 1059 3637 urbem
1083 3599 1236 3652 oppugnare.
1279 3583 1449 3633 (tumentem
1466 3580 1552 3631 Bolani
1573 3580 1644 3631 'idem
1667 3579 1757 3629 iterum

973 3683 1107 3747 tentarent,
1117 3686 1143 3733 et
1153 3695 1242 3745 magno
1251 3694 1356 3731 numero
1372 3677 1527 3743 eruptionem
1542 3677 1661 3737 lacerent,
1673 3675 1758 3743 Volsci

975 3792 1062 3832 eorum
1082 3779 1203 3844 impetum
1217 3791 1267 3827 uon
1279 3777 1443 3840 exceperunt,
1458 3773 1504 3825 sed
1517 3773 1634 3823 cedentes
1647 3784 1691 3835 per
1703 3772 1757 3821 loca

972 3877 1078 3929 declivia
1101 3878 1189 3942 lugere
1214 3877 1357 3940 ceperunt,
1384 3868 1597 3939 quemadmodum
1621 3868 1757 3932 imperator

973 3980 1118 4040 monuerat;
1138 3980 1164 4027 ct
1176 3974 1262 4026 Bolani
1280 3972 1375 4024 iconiis
1396 3969 1475 4035 ignari
1490 3967 1587 4033 longius
1606 3978 1650 4015 eos
1673 3978 1757 4029 perse-

972 4072 1119 4136 quebantur.
1153 4074 1216 4122 curn
1234 4072 1320 4121 autem
1337 4046 1387 4142 iam
1403 4065 1500 4129 longius
1519 4059 1668 4113 amrenibus
1682 4060 1755 4110 abes-

972 4177 1040 4236 sent,
1056 4174 1165 4224 Marcius
1185 4187 1244 4222 curu
1256 4172 1325 4221 lecta
1343 4171 1459 4219 iraeuurn
1483 4178 1559 4216 manu
1581 4177 1625 4214 eoa
1645 4164 1746 4215 invasit.

972 4276 1040 4324 Tunc
1050 4287 1140 4336 magna
1153 4285 1239 4322 eorum
1253 4269 1345 4334 partim
1366 4263 1536 4317 resistentium
1551 4261 1642 4326 partim
1654 4261 1751 4325 lugien-

971 4365 1034 4425 tium
1046 4374 1176 4424 caedaacst
1192 4372 1266 4422 lacta.
1282 4372 1338 4433 lpse
1355 4381 1415 4418 cero
1427 4370 1521 4430 utorgo
1535 4363 1653 4415 hostibus
1668 4361 1693 4411 in
1710 4375 1755 4410 ur·

972 4473 1029 4523 bem
1038 4469 1233 4535 irrumpentibus
1244 4468 1349 4527 iosians,
1367 4469 1501 4529 antequam
1518 4466 1597 4526 portia
1609 4458 1755 4509 clauderen-

971 4580 1023 4637 tur,
1042 4577 1106 4626 inira
1130 4571 1222 4623 moenia
1243 4570 1267 4619 ri
1285 4572 1326 4620 est
1343 4568 1477 4632 ingressus.
1511 4565 1558 4614 Ubi
1577 4566 1664 4613 autem
1684 4563 1756 4624 porta

971 4678 1048 4730 semel
1062 4677 1088 4728 in
1103 4673 1261 4739 imperatoris
1285 4672 1436 4735 potestatem
1457 4666 1561 4718 redacta
1583 4667 1638 4722 est,
1660 4661 1756 4724 reliqua

971 4786 1046 4836 etiam
1058 4783 1204 4833 Volscorum
1220 4773 1358 4827 multituda
1370 4775 1457 4822 secuta
1468 4772 1552 4827 ustae
1567 4766 1661 4830 Bolani,
1674 4766 1756 4816 deser·

972 4888 1004 4937 tis
1015 4884 1149 4944 munibus,
1162 4882 1188 4931 in
1205 4880 1294 4929 domos
1311 4875 1486 4939 confugerunt.
1512 4874 1567 4923 linc
1581 4883 1680 4935 quoque
1694 4866 1755 4918 urbe

971 4984 1082 5050 potitus,
1093 4980 1214 5032 militibus
1228 4976 1365 5042 oppidanos
1384 4975 1409 5024 in
1426 4971 1574 5023 servitutem
1588 4965 1712 5017 abducere
1730 4968 1756 5014 et

971 5085 1089 5154 pecunias
1107 5083 1215 5147 diripere
1240 5077 1354 5145 permisit
1373 5096 1381 5128 ι
1404 5073 1534 5126 eteoclem
1553 5071 1645 5132 modo,
1664 5070 1754 5132 quaet

971 5192 1028 5241 ante
1040 5187 1107 5239 omni
1127 5185 1210 5251 praeda
1234 5197 1278 5248 par
1291 5181 1372 5232 otium
1384 5183 1409 5229 et
1431 5178 1483 5228 sine
1499 5175 1551 5226 ullo
1570 5171 1755 5238 impedimento

968 5294 1111 5359 exportata,
1125 5290 1210 5355 postea
1221 5283 1345 5352 oppidum
1356 5279 1479 5333 incendit.
