<?xml version="1.0" encoding="UTF-8"?>
<!DOCTYPE html PUBLIC "-//W3C//DTD XHTML 1.0 Transitional//EN"
    "http://www.w3.org/TR/xhtml1/DTD/xhtml1-transitional.dtd">
<html xmlns="http://www.w3.org/1999/xhtml" xml:lang="en" lang="en">
 <head>
  <title>
</title>
<meta http-equiv="Content-Type" content="text/html;charset=utf-8" />
  <meta name='ocr-system' content='tesseract 3.04.00' />
  <meta name='ocr-capabilities' content='ocr_page ocr_carea ocr_par ocr_line ocrx_word'/>
</head>
<body>
  <div class='ocr_page' id='page_1' title='image "./dionysiihalicar01prougoog_0263.png"; bbox 0 0 4088 5936; ppageno 0'>
   <div class='ocr_carea' id='block_1_1' title="bbox 284 416 1378 483">
    <p class='ocr_par' dir='ltr' id='par_1_1' title="bbox 284 416 1378 483">
     <span class='ocr_line' id='line_1_1' title="bbox 284 416 1378 483; baseline -0.003 -1"><span class='ocrx_word' id='word_1_1' title='bbox 284 423 344 483; x_wconf 72' lang='lat'>250</span> <span class='ocrx_word' id='word_1_2' title='bbox 801 416 972 479; x_wconf 80' lang='lat' dir='ltr'><strong>olorivsii</strong></span> <span class='ocrx_word' id='word_1_3' title='bbox 994 416 1378 480; x_wconf 77' lang='lat' dir='ltr'>HALICARNASSENSIS</span> 
     </span>
    </p>
   </div>
   <div class='ocr_carea' id='block_1_2' title="bbox 214 547 1899 993">
    <p class='ocr_par' dir='ltr' id='par_1_2' title="bbox 214 547 1899 899">
     <span class='ocr_line' id='line_1_2' title="bbox 214 547 1897 630; baseline -0.004 -15"><span class='ocrx_word' id='word_1_4' title='bbox 214 576 217 585; x_wconf 91' lang='grc'>’</span> <span class='ocrx_word' id='word_1_5' title='bbox 284 552 339 617; x_wconf 83' lang='grc' dir='ltr'>τότ’</span> <span class='ocrx_word' id='word_1_6' title='bbox 353 553 435 630; x_wconf 79' lang='grc' dir='ltr'>ὄντος,</span> <span class='ocrx_word' id='word_1_7' title='bbox 456 550 525 612; x_wconf 81' lang='grc' dir='ltr'>ἀλλά</span> <span class='ocrx_word' id='word_1_8' title='bbox 545 550 591 610; x_wconf 83' lang='grc' dir='ltr'>καλ</span> <span class='ocrx_word' id='word_1_9' title='bbox 604 554 650 609; x_wconf 85' lang='grc' dir='ltr'>ταῶ</span> <span class='ocrx_word' id='word_1_10' title='bbox 665 549 734 607; x_wconf 81' lang='grc' dir='ltr'>κατὰ</span> <span class='ocrx_word' id='word_1_11' title='bbox 753 547 802 619; x_wconf 71' lang='grc' dir='ltr'>τὴν</span> <span class='ocrx_word' id='word_1_12' title='bbox 817 550 894 608; x_wconf 90' lang='grc' dir='ltr'>πόλιν</span> <span class='ocrx_word' id='word_1_13' title='bbox 906 547 984 621; x_wconf 84' lang='grc' dir='ltr'>δλην·</span> <span class='ocrx_word' id='word_1_14' title='bbox 1006 550 1062 608; x_wconf 82' lang='grc' dir='ltr'>διε·</span> <span class='ocrx_word' id='word_1_15' title='bbox 1116 559 1237 610; x_wconf 88' lang='lat' dir='ltr'><strong>nescnim</strong></span> <span class='ocrx_word' id='word_1_16' title='bbox 1255 573 1299 624; x_wconf 81' lang='lat' dir='ltr'><strong>per</strong></span> <span class='ocrx_word' id='word_1_17' title='bbox 1314 559 1397 609; x_wconf 83' lang='lat' dir='ltr'><strong>onvuia</strong></span> <span class='ocrx_word' id='word_1_18' title='bbox 1414 558 1522 624; x_wconf 80' lang='lat' dir='ltr'><strong>compita</strong></span> <span class='ocrx_word' id='word_1_19' title='bbox 1533 558 1653 623; x_wconf 80' lang='lat' dir='ltr'><strong>populum</strong></span> <span class='ocrx_word' id='word_1_20' title='bbox 1671 556 1704 608; x_wconf 91' lang='lat' dir='ltr'>ad</span> <span class='ocrx_word' id='word_1_21' title='bbox 1718 557 1862 609; x_wconf 78' lang='lat' dir='ltr'><strong>concionem</strong></span> <span class='ocrx_word' id='word_1_22' title='bbox 1873 558 1897 609; x_wconf 91' lang='lat' dir='ltr'><strong>iu</strong></span> 
     </span>
     <span class='ocr_line' id='line_1_3' title="bbox 285 636 1899 720; baseline -0.002 -18"><span class='ocrx_word' id='word_1_23' title='bbox 285 640 381 717; x_wconf 67' lang='grc' dir='ltr'>ξόεσαν</span> <span class='ocrx_word' id='word_1_24' title='bbox 394 640 446 720; x_wconf 76' lang='grc' dir='ltr'>γάρ</span> <span class='ocrx_word' id='word_1_25' title='bbox 465 641 489 699; x_wconf 77' lang='lat' dir='ltr'>ot</span> <span class='ocrx_word' id='word_1_26' title='bbox 502 638 615 716; x_wconf 74' lang='grc' dir='ltr'>κήρυκες</span> <span class='ocrx_word' id='word_1_27' title='bbox 629 636 673 697; x_wconf 76' lang='grc' dir='ltr'>διά</span> <span class='ocrx_word' id='word_1_28' title='bbox 690 639 743 696; x_wconf 91' lang='grc' dir='ltr'>τῶν</span> <span class='ocrx_word' id='word_1_29' title='bbox 758 640 900 696; x_wconf 81' lang='grc' dir='ltr'>στενωπῶν</span> <span class='ocrx_word' id='word_1_30' title='bbox 918 640 962 696; x_wconf 83' lang='grc' dir='ltr'>τὸν</span> <span class='ocrx_word' id='word_1_31' title='bbox 979 638 1062 715; x_wconf 78' lang='grc' dir='ltr'>δῆμον</span> <span class='ocrx_word' id='word_1_32' title='bbox 1118 648 1200 697; x_wconf 86' lang='lat' dir='ltr'><strong>torum</strong></span> <span class='ocrx_word' id='word_1_33' title='bbox 1206 649 1373 698; x_wconf 77' lang='lat' dir='ltr'><strong>convocarant</strong></span> <span class='ocrx_word' id='word_1_34' title='bbox 1383 667 1391 709; x_wconf 73' lang='grc' dir='ltr'>ς</span> <span class='ocrx_word' id='word_1_35' title='bbox 1402 650 1463 698; x_wconf 84' lang='lat' dir='ltr'><strong>tunc</strong></span> <span class='ocrx_word' id='word_1_36' title='bbox 1471 648 1563 697; x_wconf 81' lang='lat' dir='ltr'><strong>Brutus</strong></span> <span class='ocrx_word' id='word_1_37' title='bbox 1575 644 1658 698; x_wconf 77' lang='lat' dir='ltr'><strong>iccium</strong></span> <span class='ocrx_word' id='word_1_38' title='bbox 1667 646 1820 703; x_wconf 82' lang='lat' dir='ltr'><strong>conscendit.</strong></span> <span class='ocrx_word' id='word_1_39' title='bbox 1834 648 1899 698; x_wconf 86' lang='lat' dir='ltr'><strong>unda</strong></span> 
     </span>
     <span class='ocr_line' id='line_1_4' title="bbox 284 724 1899 810; baseline -0.002 -19"><span class='ocrx_word' id='word_1_40' title='bbox 284 735 321 801; x_wconf 83' lang='grc' dir='ltr'>εἰς</span> <span class='ocrx_word' id='word_1_41' title='bbox 332 731 379 803; x_wconf 76' lang='grc' dir='ltr'>τὴν</span> <span class='ocrx_word' id='word_1_42' title='bbox 392 728 489 810; x_wconf 77' lang='grc' dir='ltr'>ἀγοράν</span> <span class='ocrx_word' id='word_1_43' title='bbox 502 728 654 794; x_wconf 85' lang='grc' dir='ltr'>καλοῦντες·</span> <span class='ocrx_word' id='word_1_44' title='bbox 668 724 768 791; x_wconf 76' lang='grc' dir='ltr'>ἀναόάς</span> <span class='ocrx_word' id='word_1_45' title='bbox 782 728 796 782; x_wconf 87' lang='grc' dir='ltr'>ό</span> <span class='ocrx_word' id='word_1_46' title='bbox 809 729 920 805; x_wconf 81' lang='grc' dir='ltr'>Βροῦτος</span> <span class='ocrx_word' id='word_1_47' title='bbox 936 726 996 785; x_wconf 80' lang='grc' dir='ltr'>ἔνθα</span> <span class='ocrx_word' id='word_1_48' title='bbox 1008 730 1063 795; x_wconf 83' lang='grc' dir='ltr'>τοῖς</span> <span class='ocrx_word' id='word_1_49' title='bbox 1117 734 1152 786; x_wconf 88' lang='lat' dir='ltr'><strong>itii</strong></span> <span class='ocrx_word' id='word_1_50' title='bbox 1169 736 1213 801; x_wconf 90' lang='lat' dir='ltr'><strong>qui</strong></span> <span class='ocrx_word' id='word_1_51' title='bbox 1228 736 1328 787; x_wconf 89' lang='lat' dir='ltr'><strong>comitia</strong></span> <span class='ocrx_word' id='word_1_52' title='bbox 1343 735 1456 788; x_wconf 83' lang='lat' dir='ltr'><strong>indicunt</strong></span> <span class='ocrx_word' id='word_1_53' title='bbox 1470 735 1612 787; x_wconf 86' lang='lat' dir='ltr'><strong>concionem</strong></span> <span class='ocrx_word' id='word_1_54' title='bbox 1622 735 1656 786; x_wconf 86' lang='lat' dir='ltr'>ad</span> <span class='ocrx_word' id='word_1_55' title='bbox 1670 734 1791 800; x_wconf 80' lang='lat' dir='ltr'><strong>populum</strong></span> <span class='ocrx_word' id='word_1_56' title='bbox 1807 736 1899 788; x_wconf 77' lang='lat' dir='ltr'><strong>habam</strong></span> 
     </span>
     <span class='ocr_line' id='line_1_5' title="bbox 284 807 1756 899; baseline -0.004 -19"><span class='ocrx_word' id='word_1_57' title='bbox 284 821 425 899; x_wconf 73' lang='grc' dir='ltr'>συνάγουσι</span> <span class='ocrx_word' id='word_1_58' title='bbox 439 818 485 885; x_wconf 81' lang='grc' dir='ltr'>τάς</span> <span class='ocrx_word' id='word_1_59' title='bbox 497 816 638 888; x_wconf 71' lang='grc' dir='ltr'>ἐκκλησίας</span> <span class='ocrx_word' id='word_1_60' title='bbox 650 815 811 894; x_wconf 75' lang='grc' dir='ltr'>δημηγορεῖν</span> <span class='ocrx_word' id='word_1_61' title='bbox 823 816 880 883; x_wconf 83' lang='grc' dir='ltr'>ἔθος</span> <span class='ocrx_word' id='word_1_62' title='bbox 893 807 935 889; x_wconf 71' lang='grc' dir='ltr'>ἦν,</span> <span class='ocrx_word' id='word_1_63' title='bbox 947 816 992 876; x_wconf 84' lang='grc' dir='ltr'>καὶ</span> <span class='ocrx_word' id='word_1_64' title='bbox 1003 813 1063 883; x_wconf 79' lang='grc' dir='ltr'>τοὺς</span> <span class='ocrx_word' id='word_1_65' title='bbox 1117 822 1205 883; x_wconf 88' lang='lat' dir='ltr'><strong>soient,</strong></span> <span class='ocrx_word' id='word_1_66' title='bbox 1217 826 1244 875; x_wconf 89' lang='lat' dir='ltr'><strong>ct</strong></span> <span class='ocrx_word' id='word_1_67' title='bbox 1255 822 1364 888; x_wconf 78' lang='lat' dir='ltr'><strong>patrinis</strong></span> <span class='ocrx_word' id='word_1_68' title='bbox 1376 821 1532 874; x_wconf 81' lang='lat' dir='ltr'><strong>adstantibus</strong></span> <span class='ocrx_word' id='word_1_69' title='bbox 1543 823 1578 873; x_wconf 86' lang='lat' dir='ltr'>iia</span> <span class='ocrx_word' id='word_1_70' title='bbox 1589 827 1629 875; x_wconf 90' lang='lat' dir='ltr'>est</span> <span class='ocrx_word' id='word_1_71' title='bbox 1639 823 1756 874; x_wconf 87' lang='lat' dir='ltr'><strong>locutus:</strong></span> 
     </span>
    </p>

    <p class='ocr_par' dir='ltr' id='par_1_3' title="bbox 242 902 879 993">
     <span class='ocr_line' id='line_1_6' title="bbox 242 902 879 993; baseline -0.006 -24"><span class='ocrx_word' id='word_1_72' title='bbox 242 939 257 978; x_wconf 71' lang='grc' dir='ltr'>ς</span> <span class='ocrx_word' id='word_1_73' title='bbox 282 909 435 993; x_wconf 74' lang='grc' dir='ltr'>πατρικίους</span> <span class='ocrx_word' id='word_1_74' title='bbox 449 908 688 987; x_wconf 87' lang='grc' dir='ltr'>παραστησάμενος</span> <span class='ocrx_word' id='word_1_75' title='bbox 699 902 770 976; x_wconf 79' lang='grc' dir='ltr'>ἔλεξε</span> <span class='ocrx_word' id='word_1_76' title='bbox 780 906 879 965; x_wconf 78' lang='grc' dir='ltr'>τοιάδε.</span> 
     </span>
    </p>
   </div>
   <div class='ocr_carea' id='block_1_3' title="bbox 229 993 1066 3388">
    <p class='ocr_par' dir='ltr' id='par_1_4' title="bbox 283 993 1064 1257">
     <span class='ocr_line' id='line_1_7' title="bbox 322 993 1062 1076; baseline -0.011 -16"><span class='ocrx_word' id='word_1_77' title='bbox 322 1001 469 1062; x_wconf 76' lang='lat' dir='ltr'><strong>Lxxvss.</strong></span> <span class='ocrx_word' id='word_1_78' title='bbox 493 1026 505 1049; x_wconf 87' lang='grc' dir='ltr'>ι</span> <span class='ocrx_word' id='word_1_79' title='bbox 520 994 605 1076; x_wconf 80' lang='grc' dir='ltr'>Ὑπὲρ</span> <span class='ocrx_word' id='word_1_80' title='bbox 628 994 779 1074; x_wconf 72' lang='grc' dir='ltr'>ἀναγκαίων</span> <span class='ocrx_word' id='word_1_81' title='bbox 800 993 845 1055; x_wconf 81' lang='grc' dir='ltr'>καὶ</span> <span class='ocrx_word' id='word_1_82' title='bbox 869 997 957 1055; x_wconf 87' lang='grc' dir='ltr'>καλῶν</span> <span class='ocrx_word' id='word_1_83' title='bbox 976 1017 1062 1076; x_wconf 91' lang='grc' dir='ltr'>πραγ-</span> 
     </span>
     <span class='ocr_line' id='line_1_8' title="bbox 285 1082 1062 1166; baseline -0.005 -23"><span class='ocrx_word' id='word_1_84' title='bbox 285 1119 296 1143; x_wconf 66' lang='grc' dir='ltr'>ιι</span> <span class='ocrx_word' id='word_1_85' title='bbox 312 1090 402 1166; x_wconf 91' lang='grc' dir='ltr'>μάτων</span> <span class='ocrx_word' id='word_1_86' title='bbox 426 1085 485 1154; x_wconf 77' lang='grc' dir='ltr'>τοὺς</span> <span class='ocrx_word' id='word_1_87' title='bbox 507 1084 599 1164; x_wconf 85' lang='grc' dir='ltr'>λόγους</span> <span class='ocrx_word' id='word_1_88' title='bbox 618 1086 720 1161; x_wconf 81' lang='grc' dir='ltr'>μελλων</span> <span class='ocrx_word' id='word_1_89' title='bbox 745 1082 810 1165; x_wconf 80' lang='grc' dir='ltr'>πρὸς</span> <span class='ocrx_word' id='word_1_90' title='bbox 833 1088 900 1162; x_wconf 75' lang='grc' dir='ltr'>ὑμᾶς</span> <span class='ocrx_word' id='word_1_91' title='bbox 918 1089 1062 1159; x_wconf 83' lang='grc' dir='ltr'>ποιεῖσθαι,</span> 
     </span>
     <span class='ocr_line' id='line_1_9' title="bbox 283 1172 1064 1257; baseline -0.008 -20"><span class='ocrx_word' id='word_1_92' title='bbox 283 1207 295 1231; x_wconf 91' lang='grc' dir='ltr'>ιι</span> <span class='ocrx_word' id='word_1_93' title='bbox 312 1179 401 1257; x_wconf 79' lang='grc' dir='ltr'>ἄνδρες</span> <span class='ocrx_word' id='word_1_94' title='bbox 419 1179 536 1249; x_wconf 87' lang='grc' dir='ltr'>πολῖται,</span> <span class='ocrx_word' id='word_1_95' title='bbox 556 1174 617 1254; x_wconf 84' lang='grc' dir='ltr'>περὶ</span> <span class='ocrx_word' id='word_1_96' title='bbox 640 1176 756 1250; x_wconf 79' lang='grc' dir='ltr'>ἐμαυτοῦ</span> <span class='ocrx_word' id='word_1_97' title='bbox 777 1177 883 1252; x_wconf 89' lang='grc' dir='ltr'>πρῶτον</span> <span class='ocrx_word' id='word_1_98' title='bbox 906 1172 982 1249; x_wconf 83' lang='grc' dir='ltr'>ὀλίγα</span> <span class='ocrx_word' id='word_1_99' title='bbox 1001 1172 1064 1251; x_wconf 86' lang='grc' dir='ltr'>βοό-</span> 
     </span>
    </p>

    <p class='ocr_par' dir='ltr' id='par_1_5' title="bbox 283 1261 1063 1346">
     <span class='ocr_line' id='line_1_10' title="bbox 283 1261 1063 1346; baseline -0.008 -18.791"><span class='ocrx_word' id='word_1_100' title='bbox 283 1270 390 1344; x_wconf 79' lang='grc' dir='ltr'>ιιλομαι</span> <span class='ocrx_word' id='word_1_101' title='bbox 413 1273 561 1346; x_wconf 88' lang='grc' dir='ltr'>προειπεῖν·</span> <span class='ocrx_word' id='word_1_102' title='bbox 581 1261 693 1332; x_wconf 79' lang='grc' dir='ltr'>ἴσως’</span> <span class='ocrx_word' id='word_1_103' title='bbox 659 1286 710 1345; x_wconf 90' lang='grc' dir='ltr'>γαρ</span> <span class='ocrx_word' id='word_1_104' title='bbox 730 1284 798 1320; x_wconf 90' lang='grc' dir='ltr'>τισιν</span> <span class='ocrx_word' id='word_1_105' title='bbox 813 1265 906 1338; x_wconf 81' lang='grc' dir='ltr'>ὑμῶν,</span> <span class='ocrx_word' id='word_1_106' title='bbox 925 1261 1063 1339; x_wconf 60' lang='lat' dir='ltr'><strong>usstass</strong></span> 
     </span>
    </p>

    <p class='ocr_par' dir='ltr' id='par_1_6' title="bbox 229 1322 1064 1435">
     <span class='ocr_line' id='line_1_11' title="bbox 229 1322 1064 1435; baseline -0.01 -18"><span class='ocrx_word' id='word_1_107' title='bbox 229 1378 295 1418; x_wconf 82' lang='lat' dir='ltr'>ro«</span> <span class='ocrx_word' id='word_1_108' title='bbox 282 1355 428 1435; x_wconf 80' lang='grc' dir='ltr'>ιάκριόῶς</span> <span class='ocrx_word' id='word_1_109' title='bbox 444 1346 493 1414; x_wconf 77' lang='lat' dir='ltr'><strong>oic’</strong></span> <span class='ocrx_word' id='word_1_110' title='bbox 509 1355 550 1416; x_wconf 90' lang='grc' dir='ltr'>ότι</span> <span class='ocrx_word' id='word_1_111' title='bbox 567 1355 674 1418; x_wconf 78' lang='grc' dir='ltr'>πολλοῖς</span> <span class='ocrx_word' id='word_1_112' title='bbox 688 1350 848 1430; x_wconf 81' lang='grc' dir='ltr'>τεταράχθαι</span> <span class='ocrx_word' id='word_1_113' title='bbox 864 1322 931 1419; x_wconf 73' lang='grc' dir='ltr'>δόξω</span> <span class='ocrx_word' id='word_1_114' title='bbox 946 1350 994 1420; x_wconf 69' lang='grc' dir='ltr'>τὴν</span> <span class='ocrx_word' id='word_1_115' title='bbox 1010 1350 1064 1410; x_wconf 86' lang='grc' dir='ltr'>διά·</span> 
     </span>
    </p>

    <p class='ocr_par' dir='ltr' id='par_1_7' title="bbox 282 1439 1064 1558">
     <span class='ocr_line' id='line_1_12' title="bbox 282 1439 1064 1558; baseline -0.007 -54.812"><span class='ocrx_word' id='word_1_116' title='bbox 282 1468 395 1518; x_wconf 75' lang='lat' dir='ltr'><strong>«vomu,</strong></span> <span class='ocrx_word' id='word_1_117' title='bbox 409 1444 512 1558; x_wconf 81' lang='grc' dir='ltr'>ἀνὴρ</span> <span class='ocrx_word' id='word_1_118' title='bbox 491 1445 521 1503; x_wconf 86' lang='lat'>06</span> <span class='ocrx_word' id='word_1_119' title='bbox 538 1465 573 1525; x_wconf 81' lang='grc' dir='ltr'>ρρ</span> <span class='ocrx_word' id='word_1_120' title='bbox 559 1441 730 1523; x_wconf 80' lang='grc' dir='ltr'>ρενήρηςρ</span> <span class='ocrx_word' id='word_1_121' title='bbox 682 1463 730 1520; x_wconf 89' lang='grc' dir='ltr'>περ</span> <span class='ocrx_word' id='word_1_122' title='bbox 730 1441 740 1496; x_wconf 83' lang='grc' dir='ltr'>ὶ</span> <span class='ocrx_word' id='word_1_123' title='bbox 755 1443 808 1498; x_wconf 87' lang='grc' dir='ltr'>τῶν</span> <span class='ocrx_word' id='word_1_124' title='bbox 821 1439 954 1519; x_wconf 88' lang='grc' dir='ltr'>μεγίστων</span> <span class='ocrx_word' id='word_1_125' title='bbox 966 1443 1064 1519; x_wconf 86' lang='grc' dir='ltr'>ἐπιχει·</span> 
     </span>
    </p>

    <p class='ocr_par' dir='ltr' id='par_1_8' title="bbox 282 1523 1062 1615">
     <span class='ocr_line' id='line_1_13' title="bbox 282 1523 1062 1615; baseline -0.007 -22.793"><span class='ocrx_word' id='word_1_126' title='bbox 282 1538 364 1615; x_wconf 79' lang='grc' dir='ltr'>«ρῶν</span> <span class='ocrx_word' id='word_1_127' title='bbox 378 1536 507 1614; x_wconf 88' lang='grc' dir='ltr'>λίγειν,</span> <span class='ocrx_word' id='word_1_128' title='bbox 482 1557 515 1593; x_wconf 93' lang='grc' dir='ltr'>ω</span> <span class='ocrx_word' id='word_1_129' title='bbox 495 1523 681 1607; x_wconf 75' lang='grc' dir='ltr'>κηδεμόνων</span> <span class='ocrx_word' id='word_1_130' title='bbox 696 1531 746 1609; x_wconf 80' lang='grc' dir='ltr'>οὐχ</span> <span class='ocrx_word' id='word_1_131' title='bbox 761 1528 904 1607; x_wconf 85' lang='grc' dir='ltr'>θγιαίνοντι</span> <span class='ocrx_word' id='word_1_132' title='bbox 924 1530 971 1589; x_wconf 86' lang='grc' dir='ltr'>δεῖ.</span> <span class='ocrx_word' id='word_1_133' title='bbox 987 1523 1062 1588; x_wconf 67' lang='lat' dir='ltr'><strong>&#39;locs</strong></span> 
     </span>
    </p>

    <p class='ocr_par' dir='ltr' id='par_1_9' title="bbox 283 1591 1063 1790">
     <span class='ocr_line' id='line_1_14' title="bbox 283 1591 1062 1735; baseline -0.007 -53.817"><span class='ocrx_word' id='word_1_134' title='bbox 283 1621 403 1735; x_wconf 76' lang='grc' dir='ltr'>ιδὴτλγ</span> <span class='ocrx_word' id='word_1_135' title='bbox 422 1618 496 1691; x_wconf 73' lang='grc' dir='ltr'>κοινὴ</span> <span class='ocrx_word' id='word_1_136' title='bbox 478 1591 561 1691; x_wconf 71' lang='grc' dir='ltr'>ἠίθπ</span> <span class='ocrx_word' id='word_1_137' title='bbox 562 1618 667 1700; x_wconf 87' lang='grc' dir='ltr'>όληψιν,</span> <span class='ocrx_word' id='word_1_138' title='bbox 691 1619 725 1691; x_wconf 76' lang='grc' dir='ltr'>ἣν</span> <span class='ocrx_word' id='word_1_139' title='bbox 747 1618 810 1697; x_wconf 78' lang='grc' dir='ltr'>περὶ</span> <span class='ocrx_word' id='word_1_140' title='bbox 821 1621 887 1695; x_wconf 91' lang='grc' dir='ltr'>ἐμου</span> <span class='ocrx_word' id='word_1_141' title='bbox 906 1616 1003 1686; x_wconf 87' lang='grc' dir='ltr'>πάντες</span> <span class='ocrx_word' id='word_1_142' title='bbox 1024 1617 1062 1677; x_wconf 85' lang='grc' dir='ltr'>εἴ·</span> 
     </span>
     <span class='ocr_line' id='line_1_15' title="bbox 283 1707 1063 1790; baseline -0.006 -19"><span class='ocrx_word' id='word_1_143' title='bbox 283 1738 296 1763; x_wconf 80' lang='grc' dir='ltr'>ι</span> <span class='ocrx_word' id='word_1_144' title='bbox 310 1732 372 1790; x_wconf 86' lang='grc' dir='ltr'>χετε</span> <span class='ocrx_word' id='word_1_145' title='bbox 388 1713 423 1778; x_wconf 86' lang='grc' dir='ltr'>ῶς</span> <span class='ocrx_word' id='word_1_146' title='bbox 434 1708 546 1782; x_wconf 76' lang='grc' dir='ltr'>ἠλιθίου,</span> <span class='ocrx_word' id='word_1_147' title='bbox 561 1710 644 1790; x_wconf 71' lang='grc' dir='ltr'>ψευδῆ</span> <span class='ocrx_word' id='word_1_148' title='bbox 654 1708 795 1786; x_wconf 83' lang='grc' dir='ltr'>γενομίνην</span> <span class='ocrx_word' id='word_1_149' title='bbox 807 1731 853 1767; x_wconf 89' lang='grc' dir='ltr'>και</span> <span class='ocrx_word' id='word_1_150' title='bbox 843 1709 934 1788; x_wconf 65' lang='lat' dir='ltr'>⁸062(t</span> <span class='ocrx_word' id='word_1_151' title='bbox 924 1729 961 1765; x_wconf 92' lang='grc' dir='ltr'>υπ</span> <span class='ocrx_word' id='word_1_152' title='bbox 962 1707 1063 1767; x_wconf 71' lang='lat' dir='ltr'><strong>’titan</strong></span> 
     </span>
    </p>

    <p class='ocr_par' dir='ltr' id='par_1_10' title="bbox 231 1796 1055 1874">
     <span class='ocr_line' id='line_1_16' title="bbox 231 1796 1055 1874; baseline 0.002 -19"><span class='ocrx_word' id='word_1_153' title='bbox 231 1824 255 1862; x_wconf 74' lang='lat' dir='ltr'>is</span> <span class='ocrx_word' id='word_1_154' title='bbox 284 1799 380 1866; x_wconf 86' lang='grc' dir='ltr'>ιτινδς</span> <span class='ocrx_word' id='word_1_155' title='bbox 402 1798 676 1870; x_wconf 78' lang='grc' dir='ltr'>κατασκευασθεῖσαν,</span> <span class='ocrx_word' id='word_1_156' title='bbox 707 1797 768 1856; x_wconf 81' lang='grc' dir='ltr'>ἀλλ’</span> <span class='ocrx_word' id='word_1_157' title='bbox 789 1797 833 1854; x_wconf 75' lang='grc' dir='ltr'>ὑπ’</span> <span class='ocrx_word' id='word_1_158' title='bbox 859 1799 934 1874; x_wconf 81' lang='grc' dir='ltr'>ἐμοῦ.</span> <span class='ocrx_word' id='word_1_159' title='bbox 983 1796 1018 1857; x_wconf 89' lang='grc' dir='ltr'>Ὁ</span> <span class='ocrx_word' id='word_1_160' title='bbox 1040 1799 1055 1856; x_wconf 88' lang='lat'>6</span> 
     </span>
    </p>

    <p class='ocr_par' dir='ltr' id='par_1_11' title="bbox 284 1884 1063 1969">
     <span class='ocr_line' id='line_1_17' title="bbox 284 1884 1063 1969; baseline -0.003 -21"><span class='ocrx_word' id='word_1_161' title='bbox 284 1917 296 1941; x_wconf 93' lang='grc' dir='ltr'>ιι</span> <span class='ocrx_word' id='word_1_162' title='bbox 314 1888 466 1969; x_wconf 74' lang='grc' dir='ltr'>ἀναγκάσας</span> <span class='ocrx_word' id='word_1_163' title='bbox 485 1910 520 1964; x_wconf 72' lang='grc' dir='ltr'>με</span> <span class='ocrx_word' id='word_1_164' title='bbox 540 1887 602 1964; x_wconf 77' lang='grc' dir='ltr'>μήθ’</span> <span class='ocrx_word' id='word_1_165' title='bbox 617 1890 652 1954; x_wconf 84' lang='grc' dir='ltr'>ῶς</span> <span class='ocrx_word' id='word_1_166' title='bbox 667 1891 684 1958; x_wconf 78' lang='grc' dir='ltr'>ἡ</span> <span class='ocrx_word' id='word_1_167' title='bbox 697 1887 773 1966; x_wconf 86' lang='grc' dir='ltr'>ρόσις</span> <span class='ocrx_word' id='word_1_168' title='bbox 791 1885 864 1958; x_wconf 78' lang='grc' dir='ltr'>ἠξίου</span> <span class='ocrx_word' id='word_1_169' title='bbox 887 1888 948 1963; x_wconf 75' lang='grc' dir='ltr'>μήθ’</span> <span class='ocrx_word' id='word_1_170' title='bbox 966 1891 1002 1953; x_wconf 85' lang='grc' dir='ltr'>ῶς</span> <span class='ocrx_word' id='word_1_171' title='bbox 1015 1884 1063 1965; x_wconf 77' lang='grc' dir='ltr'>ἥρ-</span> 
     </span>
    </p>

    <p class='ocr_par' dir='ltr' id='par_1_12' title="bbox 284 1967 1064 2056">
     <span class='ocr_line' id='line_1_18' title="bbox 284 1967 1064 2056; baseline -0.006 -19"><span class='ocrx_word' id='word_1_172' title='bbox 284 2002 297 2031; x_wconf 80' lang='lat' dir='ltr'><strong>r</strong></span> <span class='ocrx_word' id='word_1_173' title='bbox 313 1981 393 2055; x_wconf 80' lang='grc' dir='ltr'>μοττὲ</span> <span class='ocrx_word' id='word_1_174' title='bbox 414 2001 459 2054; x_wconf 89' lang='grc' dir='ltr'>μοι</span> <span class='ocrx_word' id='word_1_175' title='bbox 474 1981 529 2051; x_wconf 80' lang='grc' dir='ltr'>ζῆν,</span> <span class='ocrx_word' id='word_1_176' title='bbox 547 1978 606 2035; x_wconf 84' lang='grc' dir='ltr'>ἀλλ’</span> <span class='ocrx_word' id='word_1_177' title='bbox 619 1979 654 2043; x_wconf 85' lang='grc' dir='ltr'>ῶς</span> <span class='ocrx_word' id='word_1_178' title='bbox 666 1975 808 2056; x_wconf 80' lang='grc' dir='ltr'>Ταρκυνίῳ</span> <span class='ocrx_word' id='word_1_179' title='bbox 824 1980 848 2034; x_wconf 88' lang='grc' dir='ltr'>τ’</span> <span class='ocrx_word' id='word_1_180' title='bbox 863 1967 896 2048; x_wconf 73' lang='grc' dir='ltr'>ἦν</span> <span class='ocrx_word' id='word_1_181' title='bbox 912 1975 1064 2055; x_wconf 79' lang='grc' dir='ltr'>βουλομένῳ</span> 
     </span>
    </p>

    <p class='ocr_par' dir='ltr' id='par_1_13' title="bbox 286 2057 1061 2147">
     <span class='ocr_line' id='line_1_19' title="bbox 286 2057 1061 2147; baseline 0.001 -25"><span class='ocrx_word' id='word_1_182' title='bbox 286 2098 298 2122; x_wconf 75' lang='grc' dir='ltr'>ι</span> <span class='ocrx_word' id='word_1_183' title='bbox 312 2069 395 2144; x_wconf 76' lang='grc' dir='ltr'>κάμοὶ</span> <span class='ocrx_word' id='word_1_184' title='bbox 409 2067 536 2128; x_wconf 77' lang='grc' dir='ltr'>συνοίσειν</span> <span class='ocrx_word' id='word_1_185' title='bbox 553 2064 649 2137; x_wconf 80' lang='grc' dir='ltr'>ίδοξεν,</span> <span class='ocrx_word' id='word_1_186' title='bbox 665 2069 725 2125; x_wconf 86' lang='grc' dir='ltr'>θπε</span> <span class='ocrx_word' id='word_1_187' title='bbox 728 2065 809 2145; x_wconf 78' lang='grc' dir='ltr'>ρλτῆς</span> <span class='ocrx_word' id='word_1_188' title='bbox 822 2068 910 2146; x_wconf 79' lang='grc' dir='ltr'>ψυχῆς</span> <span class='ocrx_word' id='word_1_189' title='bbox 923 2065 1002 2147; x_wconf 81' lang='grc' dir='ltr'>ρόόσς</span> <span class='ocrx_word' id='word_1_190' title='bbox 1016 2057 1061 2138; x_wconf 75' lang='grc' dir='ltr'>ἦν.</span> 
     </span>
    </p>

    <p class='ocr_par' dir='ltr' id='par_1_14' title="bbox 284 2153 1064 2236">
     <span class='ocr_line' id='line_1_20' title="bbox 284 2153 1064 2236; baseline -0.004 -19.884"><span class='ocrx_word' id='word_1_191' title='bbox 284 2157 421 2236; x_wconf 75' lang='grc' dir='ltr'>«Πατέρα</span> <span class='ocrx_word' id='word_1_192' title='bbox 449 2156 499 2235; x_wconf 91' lang='grc' dir='ltr'>γάρ</span> <span class='ocrx_word' id='word_1_193' title='bbox 522 2179 572 2226; x_wconf 89' lang='grc' dir='ltr'>μου</span> <span class='ocrx_word' id='word_1_194' title='bbox 588 2153 734 2232; x_wconf 80' lang='grc' dir='ltr'>Ταρκύνιος</span> <span class='ocrx_word' id='word_1_195' title='bbox 764 2154 920 2220; x_wconf 72' lang='grc' dir='ltr'>ἀποκτείνας</span> <span class='ocrx_word' id='word_1_196' title='bbox 946 2153 1062 2231; x_wconf 79' lang='grc' dir='ltr'>άμα”</span> <span class='ocrx_word' id='word_1_197' title='bbox 1025 2177 1064 2235; x_wconf 86' lang='grc' dir='ltr'>τῳ</span> 
     </span>
    </p>

    <p class='ocr_par' dir='ltr' id='par_1_15' title="bbox 231 2240 1064 2355">
     <span class='ocr_line' id='line_1_21' title="bbox 231 2240 1064 2355; baseline -0.002 -52"><span class='ocrx_word' id='word_1_198' title='bbox 231 2265 296 2303; x_wconf 75' lang='grc' dir='ltr'>τοι</span> <span class='ocrx_word' id='word_1_199' title='bbox 311 2243 477 2328; x_wconf 78' lang='grc' dir='ltr'>παραλαόεῖν</span> <span class='ocrx_word' id='word_1_200' title='bbox 491 2242 538 2315; x_wconf 76' lang='grc' dir='ltr'>τὴν</span> <span class='ocrx_word' id='word_1_201' title='bbox 556 2241 654 2355; x_wconf 79' lang='grc' dir='ltr'>ἀρχὴν,</span> <span class='ocrx_word' id='word_1_202' title='bbox 667 2240 710 2301; x_wconf 78' lang='grc' dir='ltr'>θνα</span> <span class='ocrx_word' id='word_1_203' title='bbox 722 2242 770 2312; x_wconf 73' lang='grc' dir='ltr'>τὴν</span> <span class='ocrx_word' id='word_1_204' title='bbox 783 2240 915 2301; x_wconf 77' lang='grc' dir='ltr'>οὗοίαν’</span> <span class='ocrx_word' id='word_1_205' title='bbox 887 2248 966 2302; x_wconf 80' lang='grc' dir='ltr'>αυτοῦ</span> <span class='ocrx_word' id='word_1_206' title='bbox 982 2244 1064 2302; x_wconf 90' lang='grc' dir='ltr'>κατά-</span> 
     </span>
    </p>

    <p class='ocr_par' dir='ltr' id='par_1_16' title="bbox 285 2321 1064 2417">
     <span class='ocr_line' id='line_1_22' title="bbox 285 2321 1064 2417; baseline -0.005 -22.848"><span class='ocrx_word' id='word_1_207' title='bbox 285 2359 373 2417; x_wconf 86' lang='grc' dir='ltr'>ισχοι</span> <span class='ocrx_word' id='word_1_208' title='bbox 385 2333 486 2406; x_wconf 74' lang='grc' dir='ltr'>πολλὴν</span> <span class='ocrx_word' id='word_1_209' title='bbox 498 2332 598 2413; x_wconf 82' lang='grc' dir='ltr'>σρόδρα</span> <span class='ocrx_word' id='word_1_210' title='bbox 619 2321 711 2405; x_wconf 68' lang='grc' dir='ltr'>οὖσαν,</span> <span class='ocrx_word' id='word_1_211' title='bbox 730 2354 776 2389; x_wconf 89' lang='grc' dir='ltr'>και</span> <span class='ocrx_word' id='word_1_212' title='bbox 765 2330 956 2411; x_wconf 66' lang='grc' dir='ltr'>’ἀδελρθνρ</span> <span class='ocrx_word' id='word_1_213' title='bbox 920 2354 940 2388; x_wconf 89' lang='grc' dir='ltr'>π</span> <span class='ocrx_word' id='word_1_214' title='bbox 958 2331 1064 2391; x_wconf 86' lang='grc' dir='ltr'>εσόύτε·</span> 
     </span>
    </p>

    <p class='ocr_par' dir='ltr' id='par_1_17' title="bbox 285 2418 1063 2530">
     <span class='ocr_line' id='line_1_23' title="bbox 285 2418 1063 2530; baseline -0.003 -47.924"><span class='ocrx_word' id='word_1_215' title='bbox 285 2445 424 2530; x_wconf 83' lang='grc' dir='ltr'>ρογ,ς</span> <span class='ocrx_word' id='word_1_216' title='bbox 397 2421 424 2487; x_wconf 89' lang='grc' dir='ltr'>θς</span> <span class='ocrx_word' id='word_1_217' title='bbox 446 2419 578 2501; x_wconf 82' lang='grc' dir='ltr'>ἔμελλε</span> <span class='ocrx_word' id='word_1_218' title='bbox 565 2421 726 2500; x_wconf 77' lang='grc' dir='ltr'>τιμωρήσειν</span> <span class='ocrx_word' id='word_1_219' title='bbox 752 2422 791 2500; x_wconf 83' lang='grc' dir='ltr'>τῷ</span> <span class='ocrx_word' id='word_1_220' title='bbox 810 2418 916 2500; x_wconf 82' lang='grc' dir='ltr'>θανάτῳ</span> <span class='ocrx_word' id='word_1_221' title='bbox 937 2425 983 2481; x_wconf 78' lang='grc' dir='ltr'>τοῦ</span> <span class='ocrx_word' id='word_1_222' title='bbox 1008 2445 1063 2480; x_wconf 91' lang='grc' dir='ltr'>πα-</span> 
     </span>
    </p>

    <p class='ocr_par' dir='ltr' id='par_1_18' title="bbox 286 2508 1063 2622">
     <span class='ocr_line' id='line_1_24' title="bbox 286 2508 1063 2622; baseline -0.003 -51.881"><span class='ocrx_word' id='word_1_223' title='bbox 286 2511 383 2592; x_wconf 84' lang='grc' dir='ltr'>ιτρθς,</span> <span class='ocrx_word' id='word_1_224' title='bbox 402 2512 424 2569; x_wconf 81' lang='grc' dir='ltr'>εί</span> <span class='ocrx_word' id='word_1_225' title='bbox 439 2508 521 2587; x_wconf 82' lang='grc' dir='ltr'>μὴ’</span> <span class='ocrx_word' id='word_1_226' title='bbox 491 2532 591 2589; x_wconf 88' lang='grc' dir='ltr'>γενοιτο</span> <span class='ocrx_word' id='word_1_227' title='bbox 609 2511 639 2569; x_wconf 82' lang='grc' dir='ltr'>ἐκ</span> <span class='ocrx_word' id='word_1_228' title='bbox 656 2510 757 2582; x_wconf 79' lang='grc' dir='ltr'>ποδῶν,</span> <span class='ocrx_word' id='word_1_229' title='bbox 752 2510 874 2622; x_wconf 86' lang='grc' dir='ltr'>άρανει</span> <span class='ocrx_word' id='word_1_230' title='bbox 864 2508 993 2568; x_wconf 91' lang='grc' dir='ltr'>θανάτω</span> <span class='ocrx_word' id='word_1_231' title='bbox 1008 2511 1063 2569; x_wconf 84' lang='grc' dir='ltr'>δια·</span> 
     </span>
    </p>

    <p class='ocr_par' dir='ltr' id='par_1_19' title="bbox 231 2588 1063 2749">
     <span class='ocr_line' id='line_1_25' title="bbox 231 2588 1063 2749; baseline -0.001 -89.894"><span class='ocrx_word' id='word_1_232' title='bbox 231 2599 491 2749; x_wconf 54' lang='grc' dir='ltr'>πθιιχρησάμενος,</span> <span class='ocrx_word' id='word_1_233' title='bbox 504 2600 557 2660; x_wconf 85' lang='grc' dir='ltr'>οθδ</span> <span class='ocrx_word' id='word_1_234' title='bbox 572 2603 635 2678; x_wconf 75' lang='grc' dir='ltr'>ἐμοῦ</span> <span class='ocrx_word' id='word_1_235' title='bbox 658 2588 768 2670; x_wconf 80' lang='grc' dir='ltr'>δῆλος</span> <span class='ocrx_word' id='word_1_236' title='bbox 750 2623 782 2670; x_wconf 88' lang='grc' dir='ltr'>ην</span> <span class='ocrx_word' id='word_1_237' title='bbox 798 2597 949 2679; x_wconf 71' lang='grc' dir='ltr'>φεισόμενος</span> <span class='ocrx_word' id='word_1_238' title='bbox 965 2598 1063 2679; x_wconf 78' lang='grc' dir='ltr'>ἐρήμου</span> 
     </span>
    </p>

    <p class='ocr_par' dir='ltr' id='par_1_20' title="bbox 285 2684 1064 2767">
     <span class='ocr_line' id='line_1_26' title="bbox 285 2684 1064 2767; baseline 0 -21"><span class='ocrx_word' id='word_1_239' title='bbox 285 2693 362 2747; x_wconf 89' lang='grc' dir='ltr'>ιτῶν</span> <span class='ocrx_word' id='word_1_240' title='bbox 385 2687 599 2767; x_wconf 74' lang='grc' dir='ltr'>ἀναγκαιοτάτων</span> <span class='ocrx_word' id='word_1_241' title='bbox 617 2684 764 2765; x_wconf 83' lang='grc' dir='ltr'>γεγονότος,</span> <span class='ocrx_word' id='word_1_242' title='bbox 781 2687 804 2744; x_wconf 85' lang='grc' dir='ltr'>εἶ</span> <span class='ocrx_word' id='word_1_243' title='bbox 820 2687 858 2763; x_wconf 72' lang='grc' dir='ltr'>μὴ</span> <span class='ocrx_word' id='word_1_244' title='bbox 880 2685 927 2757; x_wconf 76' lang='grc' dir='ltr'>τὴν</span> <span class='ocrx_word' id='word_1_245' title='bbox 947 2686 1064 2746; x_wconf 86' lang='grc' dir='ltr'>ἐπίθετον</span> 
     </span>
    </p>

    <p class='ocr_par' dir='ltr' id='par_1_21' title="bbox 231 2708 1065 2858">
     <span class='ocr_line' id='line_1_27' title="bbox 231 2708 1065 2858; baseline -0.004 -20.788"><span class='ocrx_word' id='word_1_246' title='bbox 231 2708 472 2858; x_wconf 50' lang='grc' dir='ltr'>Ἇιέσκηψάμην</span> <span class='ocrx_word' id='word_1_247' title='bbox 499 2776 610 2858; x_wconf 85' lang='grc' dir='ltr'>μωρίαν.</span> <span class='ocrx_word' id='word_1_248' title='bbox 657 2774 745 2842; x_wconf 54' lang='lat' dir='ltr'><strong>&#39;roseo</strong></span> <span class='ocrx_word' id='word_1_249' title='bbox 773 2798 806 2845; x_wconf 86' lang='grc' dir='ltr'>με</span> <span class='ocrx_word' id='word_1_250' title='bbox 832 2775 863 2835; x_wconf 82' lang='grc' dir='ltr'>τὸ</span> <span class='ocrx_word' id='word_1_251' title='bbox 884 2776 997 2852; x_wconf 86' lang='grc' dir='ltr'>πλάσμα</span> <span class='ocrx_word' id='word_1_252' title='bbox 1020 2799 1065 2834; x_wconf 84' lang='grc' dir='ltr'>πε·</span> 
     </span>
    </p>

    <p class='ocr_par' dir='ltr' id='par_1_22' title="bbox 286 2862 1065 2946">
     <span class='ocr_line' id='line_1_28' title="bbox 286 2862 1065 2946; baseline -0.008 -18"><span class='ocrx_word' id='word_1_253' title='bbox 286 2895 298 2922; x_wconf 84' lang='grc' dir='ltr'>ι</span> <span class='ocrx_word' id='word_1_254' title='bbox 314 2867 419 2928; x_wconf 77' lang='grc' dir='ltr'>στευθίν</span> <span class='ocrx_word' id='word_1_255' title='bbox 429 2866 480 2927; x_wconf 71' lang='lat' dir='ltr'>oni</span> <span class='ocrx_word' id='word_1_256' title='bbox 493 2871 541 2926; x_wconf 78' lang='grc' dir='ltr'>τοῦ</span> <span class='ocrx_word' id='word_1_257' title='bbox 556 2864 684 2946; x_wconf 89' lang='grc' dir='ltr'>τυράννου</span> <span class='ocrx_word' id='word_1_258' title='bbox 699 2862 737 2941; x_wconf 75' lang='grc' dir='ltr'>μὴ</span> <span class='ocrx_word' id='word_1_259' title='bbox 752 2864 835 2924; x_wconf 72' lang='grc' dir='ltr'>ταύτά</span> <span class='ocrx_word' id='word_1_260' title='bbox 850 2870 943 2925; x_wconf 81' lang='grc' dir='ltr'>παθεῖν</span> <span class='ocrx_word' id='word_1_261' title='bbox 957 2866 1065 2933; x_wconf 84' lang='grc' dir='ltr'>ἐκείνοις</span> 
     </span>
    </p>

    <p class='ocr_par' dir='ltr' id='par_1_23' title="bbox 275 2952 1064 3037">
     <span class='ocr_line' id='line_1_29' title="bbox 275 2952 1064 3037; baseline 0.004 -27"><span class='ocrx_word' id='word_1_262' title='bbox 275 2960 298 3010; x_wconf 74' lang='grc' dir='ltr'>ἰ</span> <span class='ocrx_word' id='word_1_263' title='bbox 315 2954 442 3037; x_wconf 79' lang='grc' dir='ltr'>ἐρρύσατο</span> <span class='ocrx_word' id='word_1_264' title='bbox 455 2954 502 3015; x_wconf 80' lang='grc' dir='ltr'>καλ</span> <span class='ocrx_word' id='word_1_265' title='bbox 522 2955 602 3037; x_wconf 74' lang='grc' dir='ltr'>μέχρι</span> <span class='ocrx_word' id='word_1_266' title='bbox 618 2959 664 3015; x_wconf 78' lang='grc' dir='ltr'>τοῦ</span> <span class='ocrx_word' id='word_1_267' title='bbox 684 2952 812 3034; x_wconf 82' lang='grc' dir='ltr'>παρόντος</span> <span class='ocrx_word' id='word_1_268' title='bbox 835 2953 981 3013; x_wconf 80' lang='grc' dir='ltr'>διασέσωκε</span> <span class='ocrx_word' id='word_1_269' title='bbox 998 2954 1064 3035; x_wconf 88' lang='grc' dir='ltr'>χρό-</span> 
     </span>
    </p>

    <p class='ocr_par' dir='ltr' id='par_1_24' title="bbox 286 3041 1065 3124">
     <span class='ocr_line' id='line_1_30' title="bbox 286 3041 1065 3124; baseline 0.001 -25"><span class='ocrx_word' id='word_1_270' title='bbox 286 3067 373 3118; x_wconf 79' lang='grc' dir='ltr'>ιινου,</span> <span class='ocrx_word' id='word_1_271' title='bbox 389 3053 433 3106; x_wconf 80' lang='grc' dir='ltr'>νῶν</span> <span class='ocrx_word' id='word_1_272' title='bbox 449 3046 471 3103; x_wconf 93' lang='grc' dir='ltr'>δ’</span> <span class='ocrx_word' id='word_1_273' title='bbox 494 3043 559 3104; x_wconf 62' lang='lat' dir='ltr'><strong>sort</strong></span> <span class='ocrx_word' id='word_1_274' title='bbox 576 3046 696 3123; x_wconf 89' lang='grc' dir='ltr'>πρῶτον·</span> <span class='ocrx_word' id='word_1_275' title='bbox 711 3041 772 3111; x_wconf 84' lang='grc' dir='ltr'>ἥκει</span> <span class='ocrx_word' id='word_1_276' title='bbox 794 3041 845 3123; x_wconf 75' lang='grc' dir='ltr'>γάρ</span> <span class='ocrx_word' id='word_1_277' title='bbox 868 3045 882 3100; x_wconf 88' lang='grc' dir='ltr'>θ</span> <span class='ocrx_word' id='word_1_278' title='bbox 906 3044 1011 3124; x_wconf 82' lang='grc' dir='ltr'>καιρὸς,</span> <span class='ocrx_word' id='word_1_279' title='bbox 1037 3043 1065 3103; x_wconf 86' lang='grc' dir='ltr'>ὃν</span> 
     </span>
    </p>

    <p class='ocr_par' dir='ltr' id='par_1_25' title="bbox 230 3130 1066 3215">
     <span class='ocr_line' id='line_1_31' title="bbox 230 3130 1066 3215; baseline 0.001 -24"><span class='ocrx_word' id='word_1_280' title='bbox 230 3147 259 3191; x_wconf 79' lang='lat' dir='ltr'>to</span> <span class='ocrx_word' id='word_1_281' title='bbox 287 3162 298 3188; x_wconf 82' lang='grc' dir='ltr'>ι</span> <span class='ocrx_word' id='word_1_282' title='bbox 313 3133 430 3215; x_wconf 84' lang='grc' dir='ltr'>εὐχόμην</span> <span class='ocrx_word' id='word_1_283' title='bbox 446 3156 475 3193; x_wconf 90' lang='grc' dir='ltr'>τε</span> <span class='ocrx_word' id='word_1_284' title='bbox 488 3133 533 3192; x_wconf 86' lang='grc' dir='ltr'>καὶ</span> <span class='ocrx_word' id='word_1_285' title='bbox 545 3130 759 3213; x_wconf 79' lang='grc' dir='ltr'>προσεδεχόμην·</span> <span class='ocrx_word' id='word_1_286' title='bbox 776 3132 897 3207; x_wconf 76' lang='grc' dir='ltr'>πέμπτον</span> <span class='ocrx_word' id='word_1_287' title='bbox 915 3131 966 3205; x_wconf 72' lang='grc' dir='ltr'>ἤδη</span> <span class='ocrx_word' id='word_1_288' title='bbox 988 3138 1066 3193; x_wconf 76' lang='grc' dir='ltr'>τοῦτο</span> 
     </span>
    </p>

    <p class='ocr_par' dir='ltr' id='par_1_26' title="bbox 286 3219 1065 3386">
     <span class='ocr_line' id='line_1_32' title="bbox 286 3219 1065 3328; baseline 0.001 -50"><span class='ocrx_word' id='word_1_289' title='bbox 286 3226 361 3282; x_wconf 80' lang='grc' dir='ltr'>«καὶ</span> <span class='ocrx_word' id='word_1_290' title='bbox 383 3222 499 3283; x_wconf 64' lang='lat' dir='ltr'><strong>rixante</strong></span> <span class='ocrx_word' id='word_1_291' title='bbox 471 3221 574 3288; x_wconf 84' lang='grc' dir='ltr'>δςέτο</span> <span class='ocrx_word' id='word_1_292' title='bbox 600 3220 716 3328; x_wconf 75' lang='grc' dir='ltr'>ρυλάξας</span> <span class='ocrx_word' id='word_1_293' title='bbox 736 3219 906 3298; x_wconf 83' lang='grc' dir='ltr'>ἀποτίθεμαι.</span> <span class='ocrx_word' id='word_1_294' title='bbox 950 3222 1008 3282; x_wconf 79' lang='grc' dir='ltr'>Καὶ</span> <span class='ocrx_word' id='word_1_295' title='bbox 1032 3222 1065 3279; x_wconf 84' lang='grc' dir='ltr'>τδι</span> 
     </span>
     <span class='ocr_line' id='line_1_33' title="bbox 287 3308 666 3388; baseline -0.006 -18.822"><span class='ocrx_word' id='word_1_296' title='bbox 287 3308 365 3386; x_wconf 85' lang='grc' dir='ltr'>ιμέν</span> <span class='ocrx_word' id='word_1_297' title='bbox 382 3332 415 3369; x_wconf 91' lang='grc' dir='ltr'>πε</span> <span class='ocrx_word' id='word_1_298' title='bbox 418 3310 443 3388; x_wconf 83' lang='grc' dir='ltr'>ρθ</span> <span class='ocrx_word' id='word_1_299' title='bbox 462 3314 526 3388; x_wconf 78' lang='grc' dir='ltr'>ἐμοῦ</span> <span class='ocrx_word' id='word_1_300' title='bbox 538 3313 666 3370; x_wconf 86' lang='grc' dir='ltr'>τοσαῦτα.</span> 
     </span>
    </p>
   </div>
   <div class='ocr_carea' id='block_1_4' title="bbox 275 3387 1067 3477">
    <p class='ocr_par' dir='ltr' id='par_1_27' title="bbox 275 3387 1067 3477">
     <span class='ocr_line' id='line_1_34' title="bbox 275 3387 1067 3477; baseline -0.003 -18.86"><span class='ocrx_word' id='word_1_301' title='bbox 275 3398 517 3465; x_wconf 74' lang='lat' dir='ltr'><strong>iiixviii·</strong></span> <span class='ocrx_word' id='word_1_302' title='bbox 539 3397 584 3459; x_wconf 86' lang='grc' dir='ltr'>Τά</span> <span class='ocrx_word' id='word_1_303' title='bbox 605 3395 633 3456; x_wconf 77' lang='grc' dir='ltr'>δέ</span> <span class='ocrx_word' id='word_1_304' title='bbox 649 3394 723 3457; x_wconf 87' lang='grc' dir='ltr'>κοινδι</span> <span class='ocrx_word' id='word_1_305' title='bbox 727 3393 819 3477; x_wconf 84' lang='grc' dir='ltr'>,θπέρ</span> <span class='ocrx_word' id='word_1_306' title='bbox 834 3387 896 3455; x_wconf 81' lang='grc' dir='ltr'>ῶν</span> <span class='ocrx_word' id='word_1_307' title='bbox 886 3421 954 3473; x_wconf 90' lang='grc' dir='ltr'>υμας</span> <span class='ocrx_word' id='word_1_308' title='bbox 975 3397 1010 3464; x_wconf 87' lang='grc' dir='ltr'>είς</span> <span class='ocrx_word' id='word_1_309' title='bbox 1024 3399 1067 3456; x_wconf 85' lang='grc' dir='ltr'>ἐκ·</span> 
     </span>
    </p>
   </div>
   <div class='ocr_carea' id='block_1_5' title="bbox 233 3483 1074 5257">
    <p class='ocr_par' dir='ltr' id='par_1_28' title="bbox 287 3483 1066 3565">
     <span class='ocr_line' id='line_1_35' title="bbox 287 3483 1066 3565; baseline -0.003 -18.925"><span class='ocrx_word' id='word_1_310' title='bbox 287 3485 428 3558; x_wconf 85' lang='grc' dir='ltr'>ικλησίαν</span> <span class='ocrx_word' id='word_1_311' title='bbox 444 3487 620 3560; x_wconf 89' lang='grc' dir='ltr'>συνεκάλεσα,</span> <span class='ocrx_word' id='word_1_312' title='bbox 642 3491 715 3546; x_wconf 81' lang='grc' dir='ltr'>ταῦτ’</span> <span class='ocrx_word' id='word_1_313' title='bbox 735 3483 801 3544; x_wconf 88' lang='grc' dir='ltr'>ἐστί.</span> <span class='ocrx_word' id='word_1_314' title='bbox 844 3484 1036 3565; x_wconf 81' lang='grc' dir='ltr'>Ἰαρκόνιον</span> <span class='ocrx_word' id='word_1_315' title='bbox 1006 3508 1066 3546; x_wconf 89' lang='grc' dir='ltr'>ουτε</span> 
     </span>
    </p>

    <p class='ocr_par' dir='ltr' id='par_1_29' title="bbox 233 3573 1067 3743">
     <span class='ocr_line' id='line_1_36' title="bbox 233 3573 1066 3658; baseline -0.006 -23"><span class='ocrx_word' id='word_1_316' title='bbox 233 3616 260 3658; x_wconf 55' lang='grc'>3,</span> <span class='ocrx_word' id='word_1_317' title='bbox 288 3605 299 3629; x_wconf 89' lang='grc' dir='ltr'>ιι</span> <span class='ocrx_word' id='word_1_318' title='bbox 315 3574 440 3635; x_wconf 74' lang='lat' dir='ltr'><strong>xnt6⁸</strong></span> <span class='ocrx_word' id='word_1_319' title='bbox 401 3601 461 3643; x_wconf 90' lang='grc' dir='ltr'>τους</span> <span class='ocrx_word' id='word_1_320' title='bbox 477 3576 603 3658; x_wconf 90' lang='grc' dir='ltr'>πατρίους</span> <span class='ocrx_word' id='word_1_321' title='bbox 617 3579 694 3653; x_wconf 71' lang='grc' dir='ltr'>ἡμῶν</span> <span class='ocrx_word' id='word_1_322' title='bbox 707 3573 828 3652; x_wconf 77' lang='grc' dir='ltr'>ἐθισμοὺς</span> <span class='ocrx_word' id='word_1_323' title='bbox 850 3575 896 3635; x_wconf 80' lang='grc' dir='ltr'>καί</span> <span class='ocrx_word' id='word_1_324' title='bbox 911 3575 1005 3651; x_wconf 85' lang='grc' dir='ltr'>νόμους</span> <span class='ocrx_word' id='word_1_325' title='bbox 1018 3574 1066 3646; x_wconf 82' lang='grc' dir='ltr'>τὴν</span> 
     </span>
     <span class='ocr_line' id='line_1_37' title="bbox 288 3660 1067 3743; baseline 0 -25"><span class='ocrx_word' id='word_1_326' title='bbox 288 3692 301 3718; x_wconf 79' lang='grc' dir='ltr'>ι</span> <span class='ocrx_word' id='word_1_327' title='bbox 317 3661 472 3724; x_wconf 87' lang='grc' dir='ltr'>δυναστείαν</span> <span class='ocrx_word' id='word_1_328' title='bbox 506 3664 693 3743; x_wconf 83' lang='grc' dir='ltr'>κατασχόντα,</span> <span class='ocrx_word' id='word_1_329' title='bbox 728 3660 785 3722; x_wconf 82' lang='grc' dir='ltr'>οὔτ’</span> <span class='ocrx_word' id='word_1_330' title='bbox 815 3664 906 3735; x_wconf 76' lang='grc' dir='ltr'>ἐπειδὴ</span> <span class='ocrx_word' id='word_1_331' title='bbox 939 3663 1067 3743; x_wconf 82' lang='grc' dir='ltr'>κατέσχεν</span> 
     </span>
    </p>

    <p class='ocr_par' dir='ltr' id='par_1_30' title="bbox 288 3750 1068 4013">
     <span class='ocr_line' id='line_1_38' title="bbox 288 3750 1068 3868; baseline -0.006 -57"><span class='ocrx_word' id='word_1_332' title='bbox 288 3784 301 3811; x_wconf 80' lang='grc' dir='ltr'>ι</span> <span class='ocrx_word' id='word_1_333' title='bbox 318 3755 388 3868; x_wconf 88' lang='grc' dir='ltr'>όπῳς</span> <span class='ocrx_word' id='word_1_334' title='bbox 403 3753 435 3827; x_wconf 76' lang='grc' dir='ltr'>δή</span> <span class='ocrx_word' id='word_1_335' title='bbox 460 3777 525 3814; x_wconf 88' lang='grc' dir='ltr'>ποτε</span> <span class='ocrx_word' id='word_1_336' title='bbox 540 3751 631 3812; x_wconf 76' lang='grc' dir='ltr'>λαθὼν</span> <span class='ocrx_word' id='word_1_337' title='bbox 655 3754 744 3819; x_wconf 87' lang='grc' dir='ltr'>καλῶς</span> <span class='ocrx_word' id='word_1_338' title='bbox 765 3754 832 3832; x_wconf 80' lang='grc' dir='ltr'>αὐτῇ</span> <span class='ocrx_word' id='word_1_339' title='bbox 857 3750 902 3809; x_wconf 80' lang='grc' dir='ltr'>καὶ</span> <span class='ocrx_word' id='word_1_340' title='bbox 926 3752 1068 3827; x_wconf 82' lang='grc' dir='ltr'>βασιλικῶς</span> 
     </span>
     <span class='ocr_line' id='line_1_39' title="bbox 290 3839 1067 3926; baseline -0.015 -19.619"><span class='ocrx_word' id='word_1_341' title='bbox 290 3845 464 3926; x_wconf 79' lang='grc' dir='ltr'>χριόμενον,</span> <span class='ocrx_word' id='word_1_342' title='bbox 476 3842 556 3903; x_wconf 62' lang='grc' dir='ltr'>ἀλλ’·ε</span> <span class='ocrx_word' id='word_1_343' title='bbox 546 3865 596 3901; x_wconf 90' lang='grc' dir='ltr'>υπε</span> <span class='ocrx_word' id='word_1_344' title='bbox 599 3840 817 3921; x_wconf 78' lang='grc' dir='ltr'>θρεόληκότα’</span> <span class='ocrx_word' id='word_1_345' title='bbox 779 3863 850 3899; x_wconf 87' lang='grc' dir='ltr'>παντ</span> <span class='ocrx_word' id='word_1_346' title='bbox 852 3864 881 3905; x_wconf 88' lang='grc' dir='ltr'>ας</span> <span class='ocrx_word' id='word_1_347' title='bbox 895 3839 968 3919; x_wconf 66' lang='lat' dir='ltr'><strong>‘depo</strong></span> <span class='ocrx_word' id='word_1_348' title='bbox 981 3862 1010 3897; x_wconf 90' lang='grc' dir='ltr'>τε</span> <span class='ocrx_word' id='word_1_349' title='bbox 1023 3840 1067 3896; x_wconf 81' lang='grc' dir='ltr'>καὶ</span> 
     </span>
     <span class='ocr_line' id='line_1_40' title="bbox 289 3927 1069 4014; baseline -0.009 -22.715"><span class='ocrx_word' id='word_1_350' title='bbox 289 3957 358 3992; x_wconf 90' lang='grc' dir='ltr'>ιπα</span> <span class='ocrx_word' id='word_1_351' title='bbox 361 3933 473 4014; x_wconf 89' lang='grc' dir='ltr'>ρανομία</span> <span class='ocrx_word' id='word_1_352' title='bbox 490 3931 551 4001; x_wconf 78' lang='grc' dir='ltr'>τοὺς</span> <span class='ocrx_word' id='word_1_353' title='bbox 572 3927 669 3991; x_wconf 69' lang='lat' dir='ltr'><strong>tuost</strong></span> <span class='ocrx_word' id='word_1_354' title='bbox 655 3930 774 4003; x_wconf 79' lang='grc' dir='ltr'>δήποτε</span> <span class='ocrx_word' id='word_1_355' title='bbox 800 3927 953 4007; x_wconf 87' lang='grc' dir='ltr'>γενομένους</span> <span class='ocrx_word' id='word_1_356' title='bbox 978 3927 1069 4006; x_wconf 82' lang='grc' dir='ltr'>τυρόν·</span> 
     </span>
    </p>

    <p class='ocr_par' dir='ltr' id='par_1_31' title="bbox 236 4011 1070 4364">
     <span class='ocr_line' id='line_1_41' title="bbox 236 4011 1067 4102; baseline -0.011 -23"><span class='ocrx_word' id='word_1_357' title='bbox 236 4062 264 4102; x_wconf 84' lang='lat' dir='ltr'>to</span> <span class='ocrx_word' id='word_1_358' title='bbox 290 4043 389 4093; x_wconf 82' lang='grc' dir='ltr'>ινσυς,</span> <span class='ocrx_word' id='word_1_359' title='bbox 405 4021 518 4102; x_wconf 85' lang='grc' dir='ltr'>ἀρελίσθ</span> <span class='ocrx_word' id='word_1_360' title='bbox 521 4046 547 4081; x_wconf 91' lang='grc' dir='ltr'>αι</span> <span class='ocrx_word' id='word_1_361' title='bbox 563 4021 611 4094; x_wconf 77' lang='grc' dir='ltr'>τὴν</span> <span class='ocrx_word' id='word_1_362' title='bbox 627 4018 744 4089; x_wconf 79' lang='grc' dir='ltr'>ἐξουσίαν</span> <span class='ocrx_word' id='word_1_363' title='bbox 768 4015 963 4098; x_wconf 81' lang='grc' dir='ltr'>βεόουλεόμεθα</span> <span class='ocrx_word' id='word_1_364' title='bbox 989 4011 1067 4097; x_wconf 79' lang='grc' dir='ltr'>[νῶν]</span> 
     </span>
     <span class='ocr_line' id='line_1_42' title="bbox 290 4106 1070 4189; baseline -0.009 -21.749"><span class='ocrx_word' id='word_1_365' title='bbox 290 4110 480 4176; x_wconf 84' lang='grc' dir='ltr'>συνελθόντες</span> <span class='ocrx_word' id='word_1_366' title='bbox 494 4113 518 4170; x_wconf 81' lang='grc' dir='ltr'>οἳ</span> <span class='ocrx_word' id='word_1_367' title='bbox 531 4110 680 4189; x_wconf 90' lang='grc' dir='ltr'>πατρίκιοι·</span> <span class='ocrx_word' id='word_1_368' title='bbox 693 4108 777 4168; x_wconf 89' lang='grc' dir='ltr'>πάλαι</span> <span class='ocrx_word' id='word_1_369' title='bbox 798 4107 846 4184; x_wconf 77' lang='grc' dir='ltr'>μὲν</span> <span class='ocrx_word' id='word_1_370' title='bbox 863 4106 930 4178; x_wconf 84' lang='grc' dir='ltr'>δέον,</span> <span class='ocrx_word' id='word_1_371' title='bbox 945 4108 970 4164; x_wconf 84' lang='grc' dir='ltr'>ἐν</span> <span class='ocrx_word' id='word_1_372' title='bbox 986 4106 1070 4183; x_wconf 88' lang='grc' dir='ltr'>καιρῶ</span> 
     </span>
     <span class='ocr_line' id='line_1_43' title="bbox 291 4182 1069 4306; baseline -0.004 -50.89"><span class='ocrx_word' id='word_1_373' title='bbox 291 4195 389 4255; x_wconf 46' lang='lat' dir='ltr'><strong>«Not</strong></span> <span class='ocrx_word' id='word_1_374' title='bbox 359 4220 404 4254; x_wconf 91' lang='grc' dir='ltr'>νυν</span> <span class='ocrx_word' id='word_1_375' title='bbox 421 4198 484 4256; x_wconf 77' lang='grc' dir='ltr'>αὐτὸ</span> <span class='ocrx_word' id='word_1_376' title='bbox 501 4204 634 4266; x_wconf 78' lang='grc' dir='ltr'>ποιοῦντες</span> <span class='ocrx_word' id='word_1_377' title='bbox 648 4195 788 4276; x_wconf 81' lang='grc' dir='ltr'>ἐπιτηδείῳ</span> <span class='ocrx_word' id='word_1_378' title='bbox 809 4199 877 4306; x_wconf 72' lang='grc' dir='ltr'>ὑμᾶς</span> <span class='ocrx_word' id='word_1_379' title='bbox 897 4217 935 4266; x_wconf 90' lang='grc' dir='ltr'>τε,</span> <span class='ocrx_word' id='word_1_380' title='bbox 947 4218 970 4253; x_wconf 92' lang='grc' dir='ltr'>ω</span> <span class='ocrx_word' id='word_1_381' title='bbox 951 4182 1069 4269; x_wconf 57' lang='lat' dir='ltr'><strong>&#39;taut-</strong></span> 
     </span>
     <span class='ocr_line' id='line_1_44' title="bbox 292 4280 1070 4396; baseline -0.005 -51.848"><span class='ocrx_word' id='word_1_382' title='bbox 292 4307 374 4357; x_wconf 86' lang='grc' dir='ltr'>ιται,</span> <span class='ocrx_word' id='word_1_383' title='bbox 392 4285 615 4362; x_wconf 78' lang='grc' dir='ltr'>συνεκαλέσαμεν,</span> <span class='ocrx_word' id='word_1_384' title='bbox 631 4285 675 4344; x_wconf 76' lang='grc' dir='ltr'>ἵνα</span> <span class='ocrx_word' id='word_1_385' title='bbox 691 4286 738 4359; x_wconf 75' lang='grc' dir='ltr'>τὴν</span> <span class='ocrx_word' id='word_1_386' title='bbox 760 4285 913 4396; x_wconf 89' lang='grc' dir='ltr'>προαίρεσιν</span> <span class='ocrx_word' id='word_1_387' title='bbox 930 4284 999 4342; x_wconf 80' lang='grc' dir='ltr'>ἀποδ</span> <span class='ocrx_word' id='word_1_388' title='bbox 1001 4280 1070 4352; x_wconf 66' lang='lat' dir='ltr'><strong>erid-</strong></span> 
     </span>
    </p>

    <p class='ocr_par' dir='ltr' id='par_1_32' title="bbox 238 4373 1073 4903">
     <span class='ocr_line' id='line_1_45' title="bbox 291 4373 1071 4454; baseline 0.003 -24"><span class='ocrx_word' id='word_1_389' title='bbox 291 4404 305 4430; x_wconf 77' lang='grc' dir='ltr'>ι</span> <span class='ocrx_word' id='word_1_390' title='bbox 322 4397 396 4454; x_wconf 77' lang='grc' dir='ltr'>μενοι</span> <span class='ocrx_word' id='word_1_391' title='bbox 416 4373 464 4448; x_wconf 71' lang='grc' dir='ltr'>τὴν</span> <span class='ocrx_word' id='word_1_392' title='bbox 485 4377 585 4434; x_wconf 70' lang='grc' dir='ltr'>ἑαυτῶν</span> <span class='ocrx_word' id='word_1_393' title='bbox 612 4376 847 4453; x_wconf 78' lang='grc' dir='ltr'>συναγωνιστάς’</span> <span class='ocrx_word' id='word_1_394' title='bbox 832 4374 986 4451; x_wconf 79' lang='grc' dir='ltr'>αξιῶσωμεν</span> <span class='ocrx_word' id='word_1_395' title='bbox 1007 4378 1071 4450; x_wconf 82' lang='grc' dir='ltr'>ἡμῖν</span> 
     </span>
     <span class='ocr_line' id='line_1_46' title="bbox 238 4455 1072 4579; baseline -0.007 -53"><span class='ocrx_word' id='word_1_396' title='bbox 238 4496 306 4547; x_wconf 60' lang='lat'>45«</span> <span class='ocrx_word' id='word_1_397' title='bbox 292 4465 458 4579; x_wconf 86' lang='grc' dir='ltr'>ιγενίσθαι,</span> <span class='ocrx_word' id='word_1_398' title='bbox 482 4465 645 4542; x_wconf 85' lang='grc' dir='ltr'>πράττοντας</span> <span class='ocrx_word' id='word_1_399' title='bbox 667 4463 813 4545; x_wconf 84' lang='grc' dir='ltr'>ἐλευθερίαν</span> <span class='ocrx_word' id='word_1_400' title='bbox 839 4488 872 4543; x_wconf 87' lang='grc' dir='ltr'>τη</span> <span class='ocrx_word' id='word_1_401' title='bbox 895 4462 1017 4544; x_wconf 88' lang='grc' dir='ltr'>πατρίδι,</span> <span class='ocrx_word' id='word_1_402' title='bbox 1042 4455 1072 4534; x_wconf 72' lang='grc' dir='ltr'>ἧς</span> 
     </span>
     <span class='ocr_line' id='line_1_47' title="bbox 293 4542 1072 4638; baseline -0.005 -24"><span class='ocrx_word' id='word_1_403' title='bbox 293 4554 385 4617; x_wconf 74' lang='grc' dir='ltr'>«οὔτε</span> <span class='ocrx_word' id='word_1_404' title='bbox 406 4555 531 4638; x_wconf 87' lang='grc' dir='ltr'>πρότερον</span> <span class='ocrx_word' id='word_1_405' title='bbox 554 4559 617 4631; x_wconf 81' lang='grc' dir='ltr'>ἡμῖν</span> <span class='ocrx_word' id='word_1_406' title='bbox 634 4553 764 4632; x_wconf 73' lang='grc' dir='ltr'>ἐξεγένετο</span> <span class='ocrx_word' id='word_1_407' title='bbox 787 4551 1018 4634; x_wconf 78' lang='grc' dir='ltr'>μεταλαόεῖν,ε’ξ</span> <span class='ocrx_word' id='word_1_408' title='bbox 1042 4542 1072 4611; x_wconf 83' lang='lat'>06</span> 
     </span>
     <span class='ocr_line' id='line_1_48' title="bbox 293 4641 1072 4728; baseline -0.011 -21.668"><span class='ocrx_word' id='word_1_409' title='bbox 293 4646 416 4706; x_wconf 74' lang='lat' dir='ltr'>«&#39;T«</span> <span class='ocrx_word' id='word_1_410' title='bbox 371 4669 472 4728; x_wconf 89' lang='grc' dir='ltr'>ρκυνιος</span> <span class='ocrx_word' id='word_1_411' title='bbox 486 4642 534 4716; x_wconf 78' lang='grc' dir='ltr'>τλν</span> <span class='ocrx_word' id='word_1_412' title='bbox 556 4645 573 4701; x_wconf 84' lang='grc' dir='ltr'>ἀ</span> <span class='ocrx_word' id='word_1_413' title='bbox 575 4646 642 4724; x_wconf 73' lang='grc' dir='ltr'>ρχὴν</span> <span class='ocrx_word' id='word_1_414' title='bbox 662 4644 812 4726; x_wconf 80' lang='grc' dir='ltr'>κατέσχεν,</span> <span class='ocrx_word' id='word_1_415' title='bbox 826 4642 880 4703; x_wconf 83' lang='grc' dir='ltr'>οὔθ’</span> <span class='ocrx_word' id='word_1_416' title='bbox 904 4641 964 4700; x_wconf 83' lang='grc' dir='ltr'>θστε</span> <span class='ocrx_word' id='word_1_417' title='bbox 968 4664 1011 4722; x_wconf 87' lang='grc' dir='ltr'>ρον</span> <span class='ocrx_word' id='word_1_418' title='bbox 1027 4642 1072 4702; x_wconf 79' lang='grc' dir='ltr'>ε’ἀν</span> 
     </span>
     <span class='ocr_line' id='line_1_49' title="bbox 293 4669 1072 4812; baseline -0.005 -19.853"><span class='ocrx_word' id='word_1_419' title='bbox 293 4740 365 4794; x_wconf 75' lang='grc' dir='ltr'>«νῶν</span> <span class='ocrx_word' id='word_1_420' title='bbox 371 4669 586 4812; x_wconf 83' lang='grc' dir='ltr'>ρμαλακισθῶμεν</span> <span class='ocrx_word' id='word_1_421' title='bbox 603 4733 644 4804; x_wconf 78' lang='grc' dir='ltr'>ἐξ’</span> <span class='ocrx_word' id='word_1_422' title='bbox 617 4756 676 4795; x_wconf 82' lang='grc' dir='ltr'>εστ</span> <span class='ocrx_word' id='word_1_423' title='bbox 678 4758 715 4794; x_wconf 90' lang='grc' dir='ltr'>αι.</span> <span class='ocrx_word' id='word_1_424' title='bbox 758 4733 836 4795; x_wconf 70' lang='lat' dir='ltr'>Ei*</span> <span class='ocrx_word' id='word_1_425' title='bbox 807 4755 854 4810; x_wconf 86' lang='grc' dir='ltr'>μιν</span> <span class='ocrx_word' id='word_1_426' title='bbox 869 4721 913 4790; x_wconf 82' lang='lat' dir='ltr'><strong>o6v</strong></span> <span class='ocrx_word' id='word_1_427' title='bbox 927 4730 1021 4811; x_wconf 87' lang='grc' dir='ltr'>χρόνον</span> <span class='ocrx_word' id='word_1_428' title='bbox 1034 4754 1072 4789; x_wconf 86' lang='grc' dir='ltr'>ει-</span> 
     </span>
     <span class='ocr_line' id='line_1_50' title="bbox 293 4816 1073 4903; baseline -0.008 -21.752"><span class='ocrx_word' id='word_1_429' title='bbox 293 4845 372 4903; x_wconf 79' lang='grc' dir='ltr'>«χον</span> <span class='ocrx_word' id='word_1_430' title='bbox 387 4822 447 4884; x_wconf 86' lang='grc' dir='ltr'>δσσν</span> <span class='ocrx_word' id='word_1_431' title='bbox 474 4821 636 4903; x_wconf 78' lang='grc' dir='ltr'>ἐόουλόμην,</span> <span class='ocrx_word' id='word_1_432' title='bbox 662 4821 718 4894; x_wconf 74' lang='grc' dir='ltr'>ηπ</span> <span class='ocrx_word' id='word_1_433' title='bbox 698 4821 761 4900; x_wconf 84' lang='grc' dir='ltr'>πρὸς</span> <span class='ocrx_word' id='word_1_434' title='bbox 784 4824 941 4900; x_wconf 79' lang='grc' dir='ltr'>ἀγνοοῦντας</span> <span class='ocrx_word' id='word_1_435' title='bbox 961 4816 1009 4894; x_wconf 83' lang='grc' dir='ltr'>ἐμε</span> <span class='ocrx_word' id='word_1_436' title='bbox 999 4818 1073 4877; x_wconf 89' lang='grc' dir='ltr'>λλον</span> 
     </span>
    </p>

    <p class='ocr_par' dir='ltr' id='par_1_33' title="bbox 241 4869 1074 5082">
     <span class='ocr_line' id='line_1_51' title="bbox 241 4869 1074 4989; baseline -0.002 -20"><span class='ocrx_word' id='word_1_437' title='bbox 241 4947 267 4984; x_wconf 64' lang='grc'>,0</span> <span class='ocrx_word' id='word_1_438' title='bbox 293 4935 306 4962; x_wconf 80' lang='grc' dir='ltr'>ι</span> <span class='ocrx_word' id='word_1_439' title='bbox 320 4910 419 4988; x_wconf 87' lang='grc' dir='ltr'>λίγειν,</span> <span class='ocrx_word' id='word_1_440' title='bbox 432 4911 536 4977; x_wconf 75' lang='grc' dir='ltr'>ἁπάσας</span> <span class='ocrx_word' id='word_1_441' title='bbox 553 4869 655 4985; x_wconf 79' lang='grc' dir='ltr'>διεξῆλθ</span> <span class='ocrx_word' id='word_1_442' title='bbox 657 4935 685 4970; x_wconf 93' lang='grc' dir='ltr'>ον</span> <span class='ocrx_word' id='word_1_443' title='bbox 642 4910 733 4972; x_wconf 75' lang='grc' dir='ltr'>θῶν</span> <span class='ocrx_word' id='word_1_444' title='bbox 749 4909 796 4976; x_wconf 81' lang='grc' dir='ltr'>τδς</span> <span class='ocrx_word' id='word_1_445' title='bbox 806 4915 852 4969; x_wconf 79' lang='grc' dir='ltr'>τοῦ</span> <span class='ocrx_word' id='word_1_446' title='bbox 871 4908 998 4989; x_wconf 89' lang='grc' dir='ltr'>τυράννου</span> <span class='ocrx_word' id='word_1_447' title='bbox 1020 4931 1074 4968; x_wconf 88' lang='grc' dir='ltr'>πα·</span> 
     </span>
     <span class='ocr_line' id='line_1_52' title="bbox 296 4992 1074 5082; baseline 0.004 -28"><span class='ocrx_word' id='word_1_448' title='bbox 296 5022 309 5049; x_wconf 85' lang='grc' dir='ltr'>ι</span> <span class='ocrx_word' id='word_1_449' title='bbox 325 5000 468 5075; x_wconf 87' lang='grc' dir='ltr'>ρανομίας,</span> <span class='ocrx_word' id='word_1_450' title='bbox 499 4998 539 5081; x_wconf 80' lang='grc' dir='ltr'>ἐρ’</span> <span class='ocrx_word' id='word_1_451' title='bbox 576 4992 618 5068; x_wconf 82' lang='grc' dir='ltr'>αἶς</span> <span class='ocrx_word' id='word_1_452' title='bbox 648 5002 697 5082; x_wconf 79' lang='grc' dir='ltr'>οὐχ</span> <span class='ocrx_word' id='word_1_453' title='bbox 732 4998 819 5071; x_wconf 81' lang='grc' dir='ltr'>άπαξ,</span> <span class='ocrx_word' id='word_1_454' title='bbox 844 4996 913 5059; x_wconf 83' lang='grc' dir='ltr'>ἀλλά</span> <span class='ocrx_word' id='word_1_455' title='bbox 946 4998 1074 5065; x_wconf 89' lang='grc' dir='ltr'>πολλάκις</span> 
     </span>
    </p>

    <p class='ocr_par' dir='ltr' id='par_1_34' title="bbox 258 5082 1074 5257">
     <span class='ocr_line' id='line_1_53' title="bbox 258 5082 1073 5161; baseline 0.004 -20"><span class='ocrx_word' id='word_1_456' title='bbox 258 5132 261 5139; x_wconf 91' lang='grc'>.</span> <span class='ocrx_word' id='word_1_457' title='bbox 294 5111 307 5138; x_wconf 89' lang='grc' dir='ltr'>ι</span> <span class='ocrx_word' id='word_1_458' title='bbox 323 5082 407 5145; x_wconf 79' lang='grc' dir='ltr'>ἅπασι</span> <span class='ocrx_word' id='word_1_459' title='bbox 424 5088 523 5156; x_wconf 89' lang='grc' dir='ltr'>δίκαιος</span> <span class='ocrx_word' id='word_1_460' title='bbox 543 5089 718 5149; x_wconf 75' lang='grc' dir='ltr'>ἀπολωλέναι.</span> <span class='ocrx_word' id='word_1_461' title='bbox 762 5088 874 5161; x_wconf 76' lang='grc' dir='ltr'>Ἐπειδὴ</span> <span class='ocrx_word' id='word_1_462' title='bbox 895 5089 918 5148; x_wconf 84' lang='grc' dir='ltr'>δ’</span> <span class='ocrx_word' id='word_1_463' title='bbox 934 5087 950 5147; x_wconf 84' lang='lat'>6</span> <span class='ocrx_word' id='word_1_464' title='bbox 967 5110 996 5145; x_wconf 88' lang='grc' dir='ltr'>τε</span> <span class='ocrx_word' id='word_1_465' title='bbox 1015 5110 1073 5151; x_wconf 84' lang='grc' dir='ltr'>και-</span> 
     </span>
     <span class='ocr_line' id='line_1_54' title="bbox 296 5166 1074 5257; baseline 0.004 -26"><span class='ocrx_word' id='word_1_466' title='bbox 296 5171 365 5252; x_wconf 83' lang='grc' dir='ltr'>ιρδς</span> <span class='ocrx_word' id='word_1_467' title='bbox 378 5171 407 5232; x_wconf 90' lang='grc' dir='ltr'>δν</span> <span class='ocrx_word' id='word_1_468' title='bbox 421 5176 453 5233; x_wconf 88' lang='grc' dir='ltr'>τδι</span> <span class='ocrx_word' id='word_1_469' title='bbox 476 5177 624 5257; x_wconf 88' lang='grc' dir='ltr'>πράγματά</span> <span class='ocrx_word' id='word_1_470' title='bbox 637 5201 682 5255; x_wconf 88' lang='grc' dir='ltr'>μοι</span> <span class='ocrx_word' id='word_1_471' title='bbox 705 5179 796 5237; x_wconf 84' lang='grc' dir='ltr'>δίδωσι</span> <span class='ocrx_word' id='word_1_472' title='bbox 814 5176 928 5257; x_wconf 76' lang='grc' dir='ltr'>βραχὺς,</span> <span class='ocrx_word' id='word_1_473' title='bbox 945 5179 972 5235; x_wconf 83' lang='grc' dir='ltr'>ἐν</span> <span class='ocrx_word' id='word_1_474' title='bbox 987 5166 1009 5257; x_wconf 77' lang='grc' dir='ltr'><em>ᾧ</em></span> <span class='ocrx_word' id='word_1_475' title='bbox 1027 5174 1074 5234; x_wconf 85' lang='grc' dir='ltr'>λί-</span> 
     </span>
    </p>
   </div>
   <div class='ocr_carea' id='block_1_6' title="bbox 1148 997 1900 1066">
    <p class='ocr_par' dir='ltr' id='par_1_35' title="bbox 1148 997 1900 1066">
     <span class='ocr_line' id='line_1_55' title="bbox 1148 997 1900 1066; baseline 0.001 -17"><span class='ocrx_word' id='word_1_476' title='bbox 1148 1001 1268 1050; x_wconf 82' lang='lat' dir='ltr'><strong>Lxxt&#39;il.</strong></span> <span class='ocrx_word' id='word_1_477' title='bbox 1278 1018 1291 1042; x_wconf 89' lang='grc' dir='ltr'>ι</span> <span class='ocrx_word' id='word_1_478' title='bbox 1300 1001 1339 1050; x_wconf 85' lang='lat' dir='ltr'><strong>De</strong></span> <span class='ocrx_word' id='word_1_479' title='bbox 1347 997 1492 1050; x_wconf 85' lang='lat' dir='ltr'><strong>necessariis</strong></span> <span class='ocrx_word' id='word_1_480' title='bbox 1501 1012 1532 1049; x_wconf 85' lang='lat' dir='ltr'>ac</span> <span class='ocrx_word' id='word_1_481' title='bbox 1545 998 1655 1050; x_wconf 86' lang='lat' dir='ltr'><strong>honestis</strong></span> <span class='ocrx_word' id='word_1_482' title='bbox 1666 1000 1740 1050; x_wconf 82' lang='lat' dir='ltr'><strong>rebus</strong></span> <span class='ocrx_word' id='word_1_483' title='bbox 1748 999 1900 1066; x_wconf 82' lang='lat' dir='ltr'><strong>verisaepud</strong></span> 
     </span>
    </p>
   </div>
   <div class='ocr_carea' id='block_1_7' title="bbox 1118 1094 1902 1457">
    <p class='ocr_par' dir='ltr' id='par_1_36' title="bbox 1118 1094 1902 1457">
     <span class='ocr_line' id='line_1_56' title="bbox 1118 1094 1901 1161; baseline 0.011 -20"><span class='ocrx_word' id='word_1_484' title='bbox 1118 1116 1131 1141; x_wconf 67' lang='lat' dir='ltr'><strong>a</strong></span> <span class='ocrx_word' id='word_1_485' title='bbox 1145 1110 1193 1149; x_wconf 84' lang='lat' dir='ltr'>vos</span> <span class='ocrx_word' id='word_1_486' title='bbox 1200 1097 1319 1158; x_wconf 75' lang='lat' dir='ltr'><strong>incurvus,</strong></span> <span class='ocrx_word' id='word_1_487' title='bbox 1327 1094 1445 1157; x_wconf 82' lang='lat' dir='ltr'><strong>Quirites,</strong></span> <span class='ocrx_word' id='word_1_488' title='bbox 1457 1094 1603 1160; x_wconf 76' lang='grc' dir='ltr'>θανασίμου</span> <span class='ocrx_word' id='word_1_489' title='bbox 1614 1110 1692 1161; x_wconf 80' lang='lat' dir='ltr'><strong>pauca</strong></span> <span class='ocrx_word' id='word_1_490' title='bbox 1701 1097 1810 1161; x_wconf 86' lang='lat' dir='ltr'><strong>primum</strong></span> <span class='ocrx_word' id='word_1_491' title='bbox 1817 1097 1901 1150; x_wconf 81' lang='lat' dir='ltr'><strong>dicero</strong></span> 
     </span>
     <span class='ocr_line' id='line_1_57' title="bbox 1119 1196 1901 1264; baseline 0.006 -18"><span class='ocrx_word' id='word_1_492' title='bbox 1119 1197 1210 1248; x_wconf 75' lang='lat' dir='ltr'><strong>«volo.</strong></span> <span class='ocrx_word' id='word_1_493' title='bbox 1242 1198 1356 1247; x_wconf 74' lang='lat' dir='ltr'>Fortasse</span> <span class='ocrx_word' id='word_1_494' title='bbox 1380 1196 1446 1247; x_wconf 88' lang='lat' dir='ltr'><strong>euim</strong></span> <span class='ocrx_word' id='word_1_495' title='bbox 1466 1197 1589 1248; x_wconf 85' lang='lat' dir='ltr'><strong>nonnuliis</strong></span> <span class='ocrx_word' id='word_1_496' title='bbox 1609 1200 1733 1259; x_wconf 87' lang='lat' dir='ltr'><strong>vestrum,</strong></span> <span class='ocrx_word' id='word_1_497' title='bbox 1749 1200 1800 1249; x_wconf 89' lang='lat' dir='ltr'>imo</span> <span class='ocrx_word' id='word_1_498' title='bbox 1818 1201 1901 1264; x_wconf 84' lang='lat' dir='ltr'><strong>potius</strong></span> 
     </span>
     <span class='ocr_line' id='line_1_58' title="bbox 1119 1293 1901 1362; baseline 0.004 -17"><span class='ocrx_word' id='word_1_499' title='bbox 1119 1293 1231 1359; x_wconf 74' lang='lat' dir='ltr'><strong>«(qnod</strong></span> <span class='ocrx_word' id='word_1_500' title='bbox 1253 1294 1328 1359; x_wconf 82' lang='lat' dir='ltr'><strong>probe</strong></span> <span class='ocrx_word' id='word_1_501' title='bbox 1347 1294 1411 1358; x_wconf 85' lang='lat' dir='ltr'><strong>scio)</strong></span> <span class='ocrx_word' id='word_1_502' title='bbox 1432 1294 1557 1359; x_wconf 85' lang='lat' dir='ltr'><strong>plerisque</strong></span> <span class='ocrx_word' id='word_1_503' title='bbox 1588 1295 1695 1347; x_wconf 79' lang='lat' dir='ltr'><strong>Insanim</strong></span> <span class='ocrx_word' id='word_1_504' title='bbox 1712 1296 1833 1357; x_wconf 84' lang='lat' dir='ltr'><strong>videbor,</strong></span> <span class='ocrx_word' id='word_1_505' title='bbox 1857 1297 1901 1362; x_wconf 90' lang='lat' dir='ltr'><strong>qui</strong></span> 
     </span>
     <span class='ocr_line' id='line_1_59' title="bbox 1118 1390 1902 1457; baseline 0.014 -22"><span class='ocrx_word' id='word_1_506' title='bbox 1118 1411 1131 1435; x_wconf 71' lang='lat' dir='ltr'><strong>a</strong></span> <span class='ocrx_word' id='word_1_507' title='bbox 1148 1392 1186 1441; x_wconf 85' lang='lat' dir='ltr'><strong>vir</strong></span> <span class='ocrx_word' id='word_1_508' title='bbox 1204 1390 1292 1440; x_wconf 86' lang='lat' dir='ltr'><strong>mentis</strong></span> <span class='ocrx_word' id='word_1_509' title='bbox 1313 1404 1361 1441; x_wconf 91' lang='lat' dir='ltr'>non</span> <span class='ocrx_word' id='word_1_510' title='bbox 1376 1404 1476 1456; x_wconf 86' lang='lat' dir='ltr'><strong>compos</strong></span> <span class='ocrx_word' id='word_1_511' title='bbox 1498 1392 1531 1442; x_wconf 87' lang='lat' dir='ltr'><strong>de</strong></span> <span class='ocrx_word' id='word_1_512' title='bbox 1555 1391 1630 1443; x_wconf 85' lang='lat' dir='ltr'><strong>rebus</strong></span> <span class='ocrx_word' id='word_1_513' title='bbox 1647 1393 1799 1457; x_wconf 78' lang='lat' dir='ltr'><strong>gravissimis</strong></span> <span class='ocrx_word' id='word_1_514' title='bbox 1817 1395 1902 1447; x_wconf 88' lang='lat' dir='ltr'><strong>dicere</strong></span> 
     </span>
    </p>
   </div>
   <div class='ocr_carea' id='block_1_8' title="bbox 1118 1488 1900 1557">
    <p class='ocr_par' dir='ltr' id='par_1_37' title="bbox 1118 1488 1900 1557">
     <span class='ocr_line' id='line_1_60' title="bbox 1118 1488 1900 1557; baseline 0.011 -20.319"><span class='ocrx_word' id='word_1_515' title='bbox 1118 1488 1284 1553; x_wconf 74' lang='lat' dir='ltr'><strong>«aggrediar,</strong></span> <span class='ocrx_word' id='word_1_516' title='bbox 1302 1489 1342 1539; x_wconf 91' lang='lat' dir='ltr'><strong>cui</strong></span> <span class='ocrx_word' id='word_1_517' title='bbox 1360 1490 1446 1553; x_wconf 87' lang='lat' dir='ltr'><strong>utpote</strong></span> <span class='ocrx_word' id='word_1_518' title='bbox 1458 1489 1583 1540; x_wconf 85' lang='lat' dir='ltr'><strong>malesano</strong></span> <span class='ocrx_word' id='word_1_519' title='bbox 1601 1492 1756 1542; x_wconf 78' lang='lat' dir='ltr'><strong>curatoribus</strong></span> <span class='ocrx_word' id='word_1_520' title='bbox 1776 1504 1840 1557; x_wconf 83' lang='lat' dir='ltr'><strong>opus</strong></span> <span class='ocrx_word' id='word_1_521' title='bbox 1858 1493 1900 1545; x_wconf 89' lang='lat' dir='ltr'><strong>sii.</strong></span> 
     </span>
    </p>
   </div>
   <div class='ocr_carea' id='block_1_9' title="bbox 1057 1588 1903 3350">
    <p class='ocr_par' dir='ltr' id='par_1_38' title="bbox 1057 1588 1903 3350">
     <span class='ocr_line' id='line_1_61' title="bbox 1118 1588 1901 1656; baseline 0.015 -24"><span class='ocrx_word' id='word_1_522' title='bbox 1118 1609 1131 1632; x_wconf 64' lang='lat' dir='ltr'><strong>a</strong></span> <span class='ocrx_word' id='word_1_523' title='bbox 1146 1588 1233 1638; x_wconf 79' lang='lat' dir='ltr'><strong>Sciatis</strong></span> <span class='ocrx_word' id='word_1_524' title='bbox 1245 1588 1320 1652; x_wconf 73' lang='lat' dir='ltr'><strong>igitur</strong></span> <span class='ocrx_word' id='word_1_525' title='bbox 1331 1589 1458 1651; x_wconf 79' lang='lat' dir='ltr'><strong>vuigarem</strong></span> <span class='ocrx_word' id='word_1_526' title='bbox 1477 1589 1544 1640; x_wconf 88' lang='lat' dir='ltr'><strong>iiiam</strong></span> <span class='ocrx_word' id='word_1_527' title='bbox 1561 1590 1710 1654; x_wconf 87' lang='lat' dir='ltr'><strong>opinionem,</strong></span> <span class='ocrx_word' id='word_1_528' title='bbox 1721 1605 1797 1656; x_wconf 88' lang='lat' dir='ltr'><strong>quam</strong></span> <span class='ocrx_word' id='word_1_529' title='bbox 1816 1607 1901 1645; x_wconf 90' lang='lat' dir='ltr'><strong>omnes</strong></span> 
     </span>
     <span class='ocr_line' id='line_1_62' title="bbox 1118 1684 1900 1757; baseline 0.013 -25"><span class='ocrx_word' id='word_1_530' title='bbox 1118 1705 1130 1728; x_wconf 89' lang='lat'>«</span> <span class='ocrx_word' id='word_1_531' title='bbox 1148 1684 1179 1734; x_wconf 89' lang='lat' dir='ltr'><strong>de</strong></span> <span class='ocrx_word' id='word_1_532' title='bbox 1199 1699 1239 1737; x_wconf 86' lang='lat' dir='ltr'><strong>rue</strong></span> <span class='ocrx_word' id='word_1_533' title='bbox 1260 1689 1376 1750; x_wconf 84' lang='lat' dir='ltr'><strong>tauquam</strong></span> <span class='ocrx_word' id='word_1_534' title='bbox 1393 1686 1425 1739; x_wconf 84' lang='lat' dir='ltr'>dc</span> <span class='ocrx_word' id='word_1_535' title='bbox 1442 1687 1519 1738; x_wconf 87' lang='lat' dir='ltr'><strong>stulto</strong></span> <span class='ocrx_word' id='word_1_536' title='bbox 1543 1687 1685 1749; x_wconf 83' lang='lat' dir='ltr'><strong>habebatis,</strong></span> <span class='ocrx_word' id='word_1_537' title='bbox 1706 1689 1793 1741; x_wconf 79' lang='lat' dir='ltr'><strong>rusam</strong></span> <span class='ocrx_word' id='word_1_538' title='bbox 1811 1691 1900 1757; x_wconf 60' lang='lat' dir='ltr'><strong>rursm</strong></span> 
     </span>
     <span class='ocr_line' id='line_1_63' title="bbox 1057 1785 1899 1851; baseline 0.017 -23"><span class='ocrx_word' id='word_1_539' title='bbox 1057 1796 1064 1817; x_wconf 78' lang='grc' dir='ltr'>ι</span> <span class='ocrx_word' id='word_1_540' title='bbox 1119 1805 1131 1829; x_wconf 71' lang='grc' dir='ltr'>ι</span> <span class='ocrx_word' id='word_1_541' title='bbox 1146 1786 1172 1835; x_wconf 87' lang='lat' dir='ltr'>et</span> <span class='ocrx_word' id='word_1_542' title='bbox 1186 1785 1280 1835; x_wconf 86' lang='lat' dir='ltr'><strong>nntium</strong></span> <span class='ocrx_word' id='word_1_543' title='bbox 1289 1785 1364 1836; x_wconf 86' lang='lat' dir='ltr'><strong>atium</strong></span> <span class='ocrx_word' id='word_1_544' title='bbox 1376 1788 1465 1849; x_wconf 77' lang='lat' dir='ltr'><strong>proter</strong></span> <span class='ocrx_word' id='word_1_545' title='bbox 1475 1800 1515 1838; x_wconf 88' lang='lat' dir='ltr'>me</span> <span class='ocrx_word' id='word_1_546' title='bbox 1524 1789 1605 1851; x_wconf 80' lang='lat' dir='ltr'><strong>ipsum</strong></span> <span class='ocrx_word' id='word_1_547' title='bbox 1615 1788 1669 1839; x_wconf 83' lang='lat' dir='ltr'><strong>eius</strong></span> <span class='ocrx_word' id='word_1_548' title='bbox 1682 1788 1758 1841; x_wconf 85' lang='lat' dir='ltr'><strong>tuisse</strong></span> <span class='ocrx_word' id='word_1_549' title='bbox 1765 1795 1899 1843; x_wconf 87' lang='lat' dir='ltr'><strong>auctorem.</strong></span> 
     </span>
     <span class='ocr_line' id='line_1_64' title="bbox 1121 1876 1901 1946; baseline 0.01 -20"><span class='ocrx_word' id='word_1_550' title='bbox 1121 1896 1133 1920; x_wconf 89' lang='grc' dir='ltr'>ιι</span> <span class='ocrx_word' id='word_1_551' title='bbox 1147 1876 1223 1939; x_wconf 85' lang='lat' dir='ltr'><strong>Quod</strong></span> <span class='ocrx_word' id='word_1_552' title='bbox 1246 1880 1329 1927; x_wconf 87' lang='lat' dir='ltr'><strong>autom</strong></span> <span class='ocrx_word' id='word_1_553' title='bbox 1352 1879 1432 1942; x_wconf 77' lang='lat' dir='ltr'><strong>coegit</strong></span> <span class='ocrx_word' id='word_1_554' title='bbox 1450 1892 1490 1929; x_wconf 90' lang='lat' dir='ltr'>me</span> <span class='ocrx_word' id='word_1_555' title='bbox 1509 1879 1603 1940; x_wconf 85' lang='lat' dir='ltr'><strong>vivere,</strong></span> <span class='ocrx_word' id='word_1_556' title='bbox 1620 1894 1668 1935; x_wconf 82' lang='lat' dir='ltr'>oon</span> <span class='ocrx_word' id='word_1_557' title='bbox 1687 1886 1762 1945; x_wconf 80' lang='lat' dir='ltr'><strong>prout</strong></span> <span class='ocrx_word' id='word_1_558' title='bbox 1777 1882 1901 1946; x_wconf 71' lang='lat' dir='ltr'><strong>ingenium</strong></span> 
     </span>
     <span class='ocr_line' id='line_1_65' title="bbox 1119 1969 1901 2038; baseline 0.012 -21"><span class='ocrx_word' id='word_1_559' title='bbox 1119 1989 1131 2012; x_wconf 86' lang='lat'>«</span> <span class='ocrx_word' id='word_1_560' title='bbox 1148 1969 1297 2032; x_wconf 64' lang='lat' dir='ltr'><strong>&#39;vastatabat</strong></span> <span class='ocrx_word' id='word_1_561' title='bbox 1313 1982 1394 2032; x_wconf 85' lang='lat' dir='ltr'><strong>neque</strong></span> <span class='ocrx_word' id='word_1_562' title='bbox 1411 1972 1440 2023; x_wconf 88' lang='lat' dir='ltr'><strong>ut</strong></span> <span class='ocrx_word' id='word_1_563' title='bbox 1456 1985 1497 2021; x_wconf 89' lang='lat' dir='ltr'>me</span> <span class='ocrx_word' id='word_1_564' title='bbox 1519 1971 1631 2032; x_wconf 80' lang='lat' dir='ltr'><strong>decebat,</strong></span> <span class='ocrx_word' id='word_1_565' title='bbox 1648 1971 1692 2023; x_wconf 80' lang='lat' dir='ltr'>sed</span> <span class='ocrx_word' id='word_1_566' title='bbox 1706 1978 1782 2036; x_wconf 81' lang='lat' dir='ltr'><strong>prout</strong></span> <span class='ocrx_word' id='word_1_567' title='bbox 1796 1975 1901 2038; x_wconf 86' lang='lat' dir='ltr'><strong>Tarqui-</strong></span> 
     </span>
     <span class='ocr_line' id='line_1_66' title="bbox 1120 2066 1901 2135; baseline 0.006 -18"><span class='ocrx_word' id='word_1_568' title='bbox 1120 2087 1133 2111; x_wconf 89' lang='grc' dir='ltr'>ιι</span> <span class='ocrx_word' id='word_1_569' title='bbox 1147 2066 1286 2118; x_wconf 81' lang='lat' dir='ltr'><strong>uioiioeoat</strong></span> <span class='ocrx_word' id='word_1_570' title='bbox 1295 2070 1321 2117; x_wconf 89' lang='lat' dir='ltr'>et</span> <span class='ocrx_word' id='word_1_571' title='bbox 1332 2068 1393 2118; x_wconf 87' lang='lat' dir='ltr'><strong>mihi</strong></span> <span class='ocrx_word' id='word_1_572' title='bbox 1405 2068 1465 2118; x_wconf 89' lang='lat' dir='ltr'><strong>utiio</strong></span> <span class='ocrx_word' id='word_1_573' title='bbox 1475 2070 1528 2120; x_wconf 87' lang='lat' dir='ltr'><strong>iore</strong></span> <span class='ocrx_word' id='word_1_574' title='bbox 1540 2069 1680 2132; x_wconf 84' lang='lat' dir='ltr'><strong>videbatur,</strong></span> <span class='ocrx_word' id='word_1_575' title='bbox 1697 2070 1745 2120; x_wconf 86' lang='lat' dir='ltr'><strong>tuit</strong></span> <span class='ocrx_word' id='word_1_576' title='bbox 1760 2071 1819 2121; x_wconf 84' lang='lat' dir='ltr'><strong>vitas</strong></span> <span class='ocrx_word' id='word_1_577' title='bbox 1832 2073 1901 2135; x_wconf 79' lang='lat' dir='ltr'><strong>peri·</strong></span> 
     </span>
     <span class='ocr_line' id='line_1_67' title="bbox 1120 2165 1901 2233; baseline 0.01 -18"><span class='ocrx_word' id='word_1_578' title='bbox 1120 2185 1133 2209; x_wconf 88' lang='grc' dir='ltr'>ιι</span> <span class='ocrx_word' id='word_1_579' title='bbox 1149 2165 1232 2216; x_wconf 89' lang='lat' dir='ltr'><strong>culum</strong></span> <span class='ocrx_word' id='word_1_580' title='bbox 1256 2180 1286 2217; x_wconf 89' lang='lat' dir='ltr'>ac</span> <span class='ocrx_word' id='word_1_581' title='bbox 1307 2170 1398 2219; x_wconf 81' lang='lat' dir='ltr'><strong>metus.</strong></span> <span class='ocrx_word' id='word_1_582' title='bbox 1422 2168 1572 2233; x_wconf 78' lang='lat' dir='ltr'><strong>Tarquinius</strong></span> <span class='ocrx_word' id='word_1_583' title='bbox 1592 2169 1657 2219; x_wconf 87' lang='lat' dir='ltr'><strong>enim</strong></span> <span class='ocrx_word' id='word_1_584' title='bbox 1671 2182 1735 2220; x_wconf 80' lang='lat' dir='ltr'><strong>caeso</strong></span> <span class='ocrx_word' id='word_1_585' title='bbox 1756 2173 1826 2233; x_wconf 78' lang='lat' dir='ltr'><strong>patre</strong></span> <span class='ocrx_word' id='word_1_586' title='bbox 1844 2184 1901 2223; x_wconf 87' lang='lat' dir='ltr'>meo</span> 
     </span>
     <span class='ocr_line' id='line_1_68' title="bbox 1120 2262 1902 2331; baseline 0.008 -22"><span class='ocrx_word' id='word_1_587' title='bbox 1120 2262 1296 2328; x_wconf 68' lang='lat' dir='ltr'><strong>«simulatque</strong></span> <span class='ocrx_word' id='word_1_588' title='bbox 1319 2278 1421 2328; x_wconf 77' lang='lat' dir='ltr'><strong>regnum</strong></span> <span class='ocrx_word' id='word_1_589' title='bbox 1445 2269 1484 2316; x_wconf 89' lang='lat' dir='ltr'>est</span> <span class='ocrx_word' id='word_1_590' title='bbox 1507 2267 1621 2331; x_wconf 83' lang='lat' dir='ltr'><strong>adeptus,</strong></span> <span class='ocrx_word' id='word_1_591' title='bbox 1649 2270 1678 2317; x_wconf 90' lang='lat' dir='ltr'><strong>ut</strong></span> <span class='ocrx_word' id='word_1_592' title='bbox 1703 2267 1756 2317; x_wconf 86' lang='lat' dir='ltr'><strong>eius</strong></span> <span class='ocrx_word' id='word_1_593' title='bbox 1789 2265 1902 2317; x_wconf 79' lang='lat' dir='ltr'>fortunas</span> 
     </span>
     <span class='ocr_line' id='line_1_69' title="bbox 1119 2358 1901 2430; baseline 0.012 -23"><span class='ocrx_word' id='word_1_594' title='bbox 1119 2384 1131 2407; x_wconf 69' lang='lat' dir='ltr'><strong>a</strong></span> <span class='ocrx_word' id='word_1_595' title='bbox 1149 2358 1313 2427; x_wconf 83' lang='lat' dir='ltr'><strong>amplissimas</strong></span> <span class='ocrx_word' id='word_1_596' title='bbox 1332 2362 1484 2427; x_wconf 81' lang='lat' dir='ltr'><strong>possideret,</strong></span> <span class='ocrx_word' id='word_1_597' title='bbox 1506 2366 1533 2415; x_wconf 92' lang='lat' dir='ltr'>et</span> <span class='ocrx_word' id='word_1_598' title='bbox 1549 2362 1622 2415; x_wconf 83' lang='lat' dir='ltr'><strong>tratre</strong></span> <span class='ocrx_word' id='word_1_599' title='bbox 1636 2364 1737 2424; x_wconf 78' lang='lat' dir='ltr'><strong>maiore,</strong></span> <span class='ocrx_word' id='word_1_600' title='bbox 1758 2365 1801 2430; x_wconf 83' lang='lat' dir='ltr'><strong>qni</strong></span> <span class='ocrx_word' id='word_1_601' title='bbox 1825 2365 1901 2430; x_wconf 83' lang='lat' dir='ltr'><strong>patris</strong></span> 
     </span>
     <span class='ocr_line' id='line_1_70' title="bbox 1120 2457 1899 2524; baseline 0.009 -17"><span class='ocrx_word' id='word_1_602' title='bbox 1120 2475 1132 2498; x_wconf 79' lang='grc' dir='ltr'>ιι</span> <span class='ocrx_word' id='word_1_603' title='bbox 1147 2457 1240 2508; x_wconf 76' lang='lat' dir='ltr'><strong>cosdem</strong></span> <span class='ocrx_word' id='word_1_604' title='bbox 1253 2461 1306 2510; x_wconf 80' lang='lat' dir='ltr'><strong>erat</strong></span> <span class='ocrx_word' id='word_1_605' title='bbox 1324 2461 1438 2523; x_wconf 85' lang='lat' dir='ltr'><strong>ulturos,</strong></span> <span class='ocrx_word' id='word_1_606' title='bbox 1461 2460 1508 2511; x_wconf 85' lang='lat' dir='ltr'><strong>nisi</strong></span> <span class='ocrx_word' id='word_1_607' title='bbox 1524 2461 1639 2512; x_wconf 89' lang='lat' dir='ltr'><strong>sublatus</strong></span> <span class='ocrx_word' id='word_1_608' title='bbox 1652 2461 1685 2511; x_wconf 91' lang='lat' dir='ltr'><strong>de</strong></span> <span class='ocrx_word' id='word_1_609' title='bbox 1700 2460 1784 2512; x_wconf 90' lang='lat' dir='ltr'><strong>medio</strong></span> <span class='ocrx_word' id='word_1_610' title='bbox 1804 2461 1899 2524; x_wconf 81' lang='lat' dir='ltr'><strong>suisset,</strong></span> 
     </span>
     <span class='ocr_line' id='line_1_71' title="bbox 1120 2554 1898 2626; baseline 0.008 -21"><span class='ocrx_word' id='word_1_611' title='bbox 1120 2575 1133 2598; x_wconf 89' lang='grc' dir='ltr'>ι</span> <span class='ocrx_word' id='word_1_612' title='bbox 1145 2554 1242 2606; x_wconf 89' lang='lat' dir='ltr'><strong>occulta</strong></span> <span class='ocrx_word' id='word_1_613' title='bbox 1259 2558 1337 2608; x_wconf 84' lang='lat' dir='ltr'><strong>morte</strong></span> <span class='ocrx_word' id='word_1_614' title='bbox 1352 2559 1476 2618; x_wconf 82' lang='lat' dir='ltr'><strong>consecto,</strong></span> <span class='ocrx_word' id='word_1_615' title='bbox 1489 2564 1556 2609; x_wconf 80' lang='lat' dir='ltr'><strong>cerm</strong></span> <span class='ocrx_word' id='word_1_616' title='bbox 1569 2572 1602 2609; x_wconf 87' lang='lat' dir='ltr'><strong>ne</strong></span> <span class='ocrx_word' id='word_1_617' title='bbox 1619 2557 1678 2608; x_wconf 89' lang='lat' dir='ltr'><strong>mihi</strong></span> <span class='ocrx_word' id='word_1_618' title='bbox 1695 2558 1798 2625; x_wconf 88' lang='lat' dir='ltr'><strong>quidem</strong></span> <span class='ocrx_word' id='word_1_619' title='bbox 1811 2573 1898 2626; x_wconf 81' lang='lat' dir='ltr'><strong>peper-</strong></span> 
     </span>
     <span class='ocr_line' id='line_1_72' title="bbox 1120 2651 1899 2718; baseline 0.006 -17"><span class='ocrx_word' id='word_1_620' title='bbox 1120 2669 1132 2693; x_wconf 86' lang='grc' dir='ltr'>ιι</span> <span class='ocrx_word' id='word_1_621' title='bbox 1147 2651 1235 2714; x_wconf 77' lang='lat' dir='ltr'><strong>sisset,</strong></span> <span class='ocrx_word' id='word_1_622' title='bbox 1267 2652 1311 2718; x_wconf 90' lang='lat' dir='ltr'><strong>qui</strong></span> <span class='ocrx_word' id='word_1_623' title='bbox 1337 2653 1404 2704; x_wconf 90' lang='lat' dir='ltr'><strong>omni</strong></span> <span class='ocrx_word' id='word_1_624' title='bbox 1429 2654 1625 2705; x_wconf 87' lang='lat' dir='ltr'><strong>necessariorum</strong></span> <span class='ocrx_word' id='word_1_625' title='bbox 1650 2653 1744 2704; x_wconf 80' lang='lat' dir='ltr'><strong>auxilio</strong></span> <span class='ocrx_word' id='word_1_626' title='bbox 1763 2654 1899 2706; x_wconf 88' lang='lat' dir='ltr'><strong>destitutus</strong></span> 
     </span>
     <span class='ocr_line' id='line_1_73' title="bbox 1120 2744 1900 2807; baseline 0.004 -12"><span class='ocrx_word' id='word_1_627' title='bbox 1120 2763 1133 2787; x_wconf 84' lang='grc' dir='ltr'>ιι</span> <span class='ocrx_word' id='word_1_628' title='bbox 1146 2758 1222 2807; x_wconf 76' lang='grc' dir='ltr'>αιτιοι,</span> <span class='ocrx_word' id='word_1_629' title='bbox 1245 2745 1291 2795; x_wconf 84' lang='lat' dir='ltr'><strong>nisi</strong></span> <span class='ocrx_word' id='word_1_630' title='bbox 1312 2745 1452 2796; x_wconf 73' lang='lat' dir='ltr'><strong>simulatam</strong></span> <span class='ocrx_word' id='word_1_631' title='bbox 1471 2745 1601 2797; x_wconf 78' lang='lat' dir='ltr'><strong>stultitiam</strong></span> <span class='ocrx_word' id='word_1_632' title='bbox 1626 2744 1771 2796; x_wconf 80' lang='lat' dir='ltr'><strong>induissem.</strong></span> <span class='ocrx_word' id='word_1_633' title='bbox 1791 2749 1850 2797; x_wconf 75' lang='lat' dir='ltr'><strong>Hoc</strong></span> <span class='ocrx_word' id='word_1_634' title='bbox 1864 2749 1900 2798; x_wconf 93' lang='lat' dir='ltr'>si·</span> 
     </span>
     <span class='ocr_line' id='line_1_74' title="bbox 1120 2837 1901 2906; baseline 0.005 -20"><span class='ocrx_word' id='word_1_635' title='bbox 1120 2855 1132 2878; x_wconf 81' lang='grc' dir='ltr'>ιι</span> <span class='ocrx_word' id='word_1_636' title='bbox 1147 2837 1250 2887; x_wconf 87' lang='lat' dir='ltr'><strong>mutatio</strong></span> <span class='ocrx_word' id='word_1_637' title='bbox 1262 2852 1278 2887; x_wconf 91' lang='lat' dir='ltr'><strong>a</strong></span> <span class='ocrx_word' id='word_1_638' title='bbox 1288 2840 1393 2901; x_wconf 82' lang='lat' dir='ltr'><strong>tyranno</strong></span> <span class='ocrx_word' id='word_1_639' title='bbox 1411 2837 1504 2889; x_wconf 83' lang='lat' dir='ltr'><strong>creviita</strong></span> <span class='ocrx_word' id='word_1_640' title='bbox 1519 2838 1603 2893; x_wconf 76' lang='lat' dir='ltr'><strong>etsocit</strong></span> <span class='ocrx_word' id='word_1_641' title='bbox 1615 2850 1646 2889; x_wconf 81' lang='lat' dir='ltr'><strong>ne</strong></span> <span class='ocrx_word' id='word_1_642' title='bbox 1656 2838 1743 2889; x_wconf 88' lang='lat' dir='ltr'><strong>eadem</strong></span> <span class='ocrx_word' id='word_1_643' title='bbox 1758 2839 1836 2901; x_wconf 85' lang='lat' dir='ltr'><strong>maia‚&#39;</strong></span> <span class='ocrx_word' id='word_1_644' title='bbox 1845 2853 1901 2906; x_wconf 78' lang='lat' dir='ltr'>quo</span> 
     </span>
     <span class='ocr_line' id='line_1_75' title="bbox 1121 2921 1899 2996; baseline 0.01 -20"><span class='ocrx_word' id='word_1_645' title='bbox 1121 2949 1134 2975; x_wconf 77' lang='grc' dir='ltr'>ιι</span> <span class='ocrx_word' id='word_1_646' title='bbox 1149 2928 1184 2979; x_wconf 91' lang='lat' dir='ltr'><strong>ilii</strong></span> <span class='ocrx_word' id='word_1_647' title='bbox 1197 2921 1305 2995; x_wconf 57' lang='lat' dir='ltr'><strong>perpesssi</strong></span> <span class='ocrx_word' id='word_1_648' title='bbox 1327 2937 1393 2991; x_wconf 84' lang='lat' dir='ltr'><strong>sunt,</strong></span> <span class='ocrx_word' id='word_1_649' title='bbox 1418 2930 1543 2995; x_wconf 80' lang='lat' dir='ltr'><strong>experirer</strong></span> <span class='ocrx_word' id='word_1_650' title='bbox 1554 2933 1610 2992; x_wconf 75' lang='lat' dir='ltr'><strong>,et</strong></span> <span class='ocrx_word' id='word_1_651' title='bbox 1629 2930 1662 2982; x_wconf 86' lang='lat' dir='ltr'>ad</span> <span class='ocrx_word' id='word_1_652' title='bbox 1678 2930 1725 2982; x_wconf 93' lang='lat' dir='ltr'>hoc</span> <span class='ocrx_word' id='word_1_653' title='bbox 1742 2945 1823 2996; x_wconf 87' lang='lat' dir='ltr'><strong>usquo</strong></span> <span class='ocrx_word' id='word_1_654' title='bbox 1837 2935 1899 2989; x_wconf 86' lang='lat' dir='ltr'><strong>tem-</strong></span> 
     </span>
     <span class='ocr_line' id='line_1_76' title="bbox 1120 3025 1901 3089; baseline 0.006 -15"><span class='ocrx_word' id='word_1_655' title='bbox 1120 3044 1132 3067; x_wconf 86' lang='grc' dir='ltr'>ιι</span> <span class='ocrx_word' id='word_1_656' title='bbox 1150 3037 1198 3088; x_wconf 84' lang='lat' dir='ltr'><strong>pus</strong></span> <span class='ocrx_word' id='word_1_657' title='bbox 1211 3036 1251 3074; x_wconf 87' lang='lat' dir='ltr'>mo</span> <span class='ocrx_word' id='word_1_658' title='bbox 1266 3025 1382 3074; x_wconf 86' lang='lat' dir='ltr'><strong>servavit.</strong></span> <span class='ocrx_word' id='word_1_659' title='bbox 1399 3027 1451 3074; x_wconf 88' lang='lat' dir='ltr'>iam</span> <span class='ocrx_word' id='word_1_660' title='bbox 1467 3038 1527 3075; x_wconf 85' lang='lat' dir='ltr'><strong>vero</strong></span> <span class='ocrx_word' id='word_1_661' title='bbox 1545 3025 1647 3075; x_wconf 82' lang='lat' dir='ltr'><strong>tandem</strong></span> <span class='ocrx_word' id='word_1_662' title='bbox 1660 3039 1715 3076; x_wconf 88' lang='lat' dir='ltr'>eam</span> <span class='ocrx_word' id='word_1_663' title='bbox 1728 3026 1816 3089; x_wconf 88' lang='lat' dir='ltr'><strong>(adest</strong></span> <span class='ocrx_word' id='word_1_664' title='bbox 1836 3027 1901 3079; x_wconf 86' lang='lat' dir='ltr'><strong>enim</strong></span> 
     </span>
     <span class='ocr_line' id='line_1_77' title="bbox 1121 3117 1899 3184; baseline 0.005 -17"><span class='ocrx_word' id='word_1_665' title='bbox 1121 3135 1132 3157; x_wconf 83' lang='grc' dir='ltr'>ιι</span> <span class='ocrx_word' id='word_1_666' title='bbox 1148 3120 1246 3181; x_wconf 80' lang='lat' dir='ltr'><strong>tempus</strong></span> <span class='ocrx_word' id='word_1_667' title='bbox 1255 3117 1322 3181; x_wconf 92' lang='lat' dir='ltr'><strong>quod</strong></span> <span class='ocrx_word' id='word_1_668' title='bbox 1338 3119 1454 3182; x_wconf 84' lang='lat' dir='ltr'><strong>optabam</strong></span> <span class='ocrx_word' id='word_1_669' title='bbox 1465 3124 1492 3169; x_wconf 90' lang='lat' dir='ltr'>et</span> <span class='ocrx_word' id='word_1_670' title='bbox 1506 3117 1699 3184; x_wconf 82' lang='lat' dir='ltr'><strong>exspectabam)</strong></span> <span class='ocrx_word' id='word_1_671' title='bbox 1712 3133 1758 3183; x_wconf 85' lang='lat' dir='ltr'><strong>per</strong></span> <span class='ocrx_word' id='word_1_672' title='bbox 1771 3134 1849 3171; x_wconf 87' lang='lat' dir='ltr'><strong>annos</strong></span> <span class='ocrx_word' id='word_1_673' title='bbox 1863 3121 1899 3170; x_wconf 88' lang='lat' dir='ltr'><strong>vi-</strong></span> 
     </span>
     <span class='ocr_line' id='line_1_78' title="bbox 1120 3209 1903 3278; baseline 0.006 -19"><span class='ocrx_word' id='word_1_674' title='bbox 1120 3228 1133 3252; x_wconf 81' lang='grc' dir='ltr'>ιι</span> <span class='ocrx_word' id='word_1_675' title='bbox 1145 3209 1206 3271; x_wconf 71' lang='lat' dir='ltr'><strong>giuti</strong></span> <span class='ocrx_word' id='word_1_676' title='bbox 1228 3211 1340 3275; x_wconf 86' lang='lat' dir='ltr'><strong>quinque</strong></span> <span class='ocrx_word' id='word_1_677' title='bbox 1355 3213 1480 3262; x_wconf 82' lang='lat' dir='ltr'><strong>servatoru</strong></span> <span class='ocrx_word' id='word_1_678' title='bbox 1494 3212 1597 3277; x_wconf 82' lang='lat' dir='ltr'><strong>depono.</strong></span> <span class='ocrx_word' id='word_1_679' title='bbox 1632 3214 1713 3276; x_wconf 75' lang='lat' dir='ltr'><strong>Atque</strong></span> <span class='ocrx_word' id='word_1_680' title='bbox 1728 3212 1784 3263; x_wconf 79' lang='lat' dir='ltr'><strong>iraec</strong></span> <span class='ocrx_word' id='word_1_681' title='bbox 1801 3213 1903 3278; x_wconf 88' lang='lat' dir='ltr'><strong>quidem</strong></span> 
     </span>
     <span class='ocr_line' id='line_1_79' title="bbox 1121 3296 1380 3350; baseline 0.004 -3"><span class='ocrx_word' id='word_1_682' title='bbox 1121 3317 1132 3340; x_wconf 90' lang='grc' dir='ltr'>ιι</span> <span class='ocrx_word' id='word_1_683' title='bbox 1152 3296 1184 3347; x_wconf 87' lang='lat' dir='ltr'><strong>de</strong></span> <span class='ocrx_word' id='word_1_684' title='bbox 1199 3311 1238 3348; x_wconf 87' lang='lat' dir='ltr'><strong>mc</strong></span> <span class='ocrx_word' id='word_1_685' title='bbox 1250 3299 1380 3350; x_wconf 85' lang='lat' dir='ltr'><strong>sufficiant.</strong></span> 
     </span>
    </p>
   </div>
   <div class='ocr_carea' id='block_1_10' title="bbox 1151 3394 1904 3461">
    <p class='ocr_par' dir='ltr' id='par_1_39' title="bbox 1151 3394 1904 3461">
     <span class='ocr_line' id='line_1_80' title="bbox 1151 3394 1904 3461; baseline 0.005 -18"><span class='ocrx_word' id='word_1_686' title='bbox 1151 3394 1282 3445; x_wconf 78' lang='lat' dir='ltr'><strong>Lxxvtir.</strong></span> <span class='ocrx_word' id='word_1_687' title='bbox 1305 3414 1317 3437; x_wconf 93' lang='grc' dir='ltr'>ι</span> <span class='ocrx_word' id='word_1_688' title='bbox 1337 3396 1385 3444; x_wconf 82' lang='lat' dir='ltr'><strong>lies</strong></span> <span class='ocrx_word' id='word_1_689' title='bbox 1396 3408 1456 3445; x_wconf 85' lang='lat' dir='ltr'><strong>vero</strong></span> <span class='ocrx_word' id='word_1_690' title='bbox 1465 3396 1578 3456; x_wconf 74' lang='lat' dir='ltr'><strong>numilem,</strong></span> <span class='ocrx_word' id='word_1_691' title='bbox 1586 3408 1694 3460; x_wconf 85' lang='lat' dir='ltr'><strong>quarum</strong></span> <span class='ocrx_word' id='word_1_692' title='bbox 1704 3409 1904 3461; x_wconf 78' lang='lat' dir='ltr'><strong>mossaegovos</strong></span> 
     </span>
    </p>
   </div>
   <div class='ocr_carea' id='block_1_11' title="bbox 1121 3484 1906 5238">
    <p class='ocr_par' dir='ltr' id='par_1_40' title="bbox 1121 3484 1906 5238">
     <span class='ocr_line' id='line_1_81' title="bbox 1121 3484 1904 3552; baseline 0.015 -24"><span class='ocrx_word' id='word_1_693' title='bbox 1121 3503 1134 3528; x_wconf 69' lang='lat' dir='ltr'><strong>a</strong></span> <span class='ocrx_word' id='word_1_694' title='bbox 1151 3484 1184 3533; x_wconf 86' lang='lat' dir='ltr'>ad</span> <span class='ocrx_word' id='word_1_695' title='bbox 1197 3485 1339 3536; x_wconf 82' lang='lat' dir='ltr'><strong>concionem</strong></span> <span class='ocrx_word' id='word_1_696' title='bbox 1359 3486 1509 3547; x_wconf 76' lang='lat' dir='ltr'><strong>convocavi,</strong></span> <span class='ocrx_word' id='word_1_697' title='bbox 1529 3484 1570 3537; x_wconf 77' lang='lat' dir='ltr'><strong>hm</strong></span> <span class='ocrx_word' id='word_1_698' title='bbox 1583 3490 1650 3537; x_wconf 88' lang='lat' dir='ltr'><strong>sunt.</strong></span> <span class='ocrx_word' id='word_1_699' title='bbox 1669 3486 1845 3552; x_wconf 82' lang='lat' dir='ltr'><strong>Tarquinium,</strong></span> <span class='ocrx_word' id='word_1_700' title='bbox 1861 3488 1904 3552; x_wconf 88' lang='lat' dir='ltr'><strong>qui</strong></span> 
     </span>
     <span class='ocr_line' id='line_1_82' title="bbox 1122 3577 1904 3644; baseline 0.01 -19"><span class='ocrx_word' id='word_1_701' title='bbox 1122 3600 1133 3622; x_wconf 83' lang='lat'>«</span> <span class='ocrx_word' id='word_1_702' title='bbox 1151 3592 1232 3642; x_wconf 82' lang='lat' dir='ltr'><strong>neque</strong></span> <span class='ocrx_word' id='word_1_703' title='bbox 1251 3577 1320 3628; x_wconf 77' lang='lat' dir='ltr'><strong>iuxta</strong></span> <span class='ocrx_word' id='word_1_704' title='bbox 1340 3578 1403 3628; x_wconf 88' lang='lat' dir='ltr'><strong>ritus</strong></span> <span class='ocrx_word' id='word_1_705' title='bbox 1419 3579 1514 3643; x_wconf 88' lang='lat' dir='ltr'><strong>patrios</strong></span> <span class='ocrx_word' id='word_1_706' title='bbox 1528 3581 1554 3629; x_wconf 90' lang='lat' dir='ltr'>et</span> <span class='ocrx_word' id='word_1_707' title='bbox 1572 3578 1637 3642; x_wconf 78' lang='lat' dir='ltr'><strong>icgcs</strong></span> <span class='ocrx_word' id='word_1_708' title='bbox 1652 3578 1821 3644; x_wconf 84' lang='lat' dir='ltr'><strong>principatum</strong></span> <span class='ocrx_word' id='word_1_709' title='bbox 1836 3581 1904 3635; x_wconf 82' lang='lat' dir='ltr'><strong>obti-</strong></span> 
     </span>
     <span class='ocr_line' id='line_1_83' title="bbox 1123 3671 1904 3740; baseline 0.013 -25"><span class='ocrx_word' id='word_1_710' title='bbox 1123 3692 1135 3715; x_wconf 73' lang='grc' dir='ltr'>ιι</span> <span class='ocrx_word' id='word_1_711' title='bbox 1152 3671 1217 3729; x_wconf 77' lang='lat' dir='ltr'><strong>uruit,</strong></span> <span class='ocrx_word' id='word_1_712' title='bbox 1232 3684 1320 3736; x_wconf 75' lang='grc' dir='ltr'>παραυ,</span> <span class='ocrx_word' id='word_1_713' title='bbox 1341 3675 1472 3735; x_wconf 87' lang='lat' dir='ltr'><strong>postquam</strong></span> <span class='ocrx_word' id='word_1_714' title='bbox 1491 3685 1549 3721; x_wconf 87' lang='lat' dir='ltr'>eum</span> <span class='ocrx_word' id='word_1_715' title='bbox 1565 3671 1790 3735; x_wconf 73' lang='lat' dir='ltr'><strong>quomodocunque</strong></span> <span class='ocrx_word' id='word_1_716' title='bbox 1800 3674 1904 3740; x_wconf 79' lang='lat' dir='ltr'><strong>adeptus</strong></span> 
     </span>
     <span class='ocr_line' id='line_1_84' title="bbox 1122 3761 1905 3826; baseline 0.004 -12"><span class='ocrx_word' id='word_1_717' title='bbox 1122 3782 1134 3805; x_wconf 89' lang='grc' dir='ltr'>ιι</span> <span class='ocrx_word' id='word_1_718' title='bbox 1151 3766 1198 3823; x_wconf 85' lang='lat' dir='ltr'><strong>est,</strong></span> <span class='ocrx_word' id='word_1_719' title='bbox 1212 3761 1354 3813; x_wconf 84' lang='lat' dir='ltr'><strong>honesteac</strong></span> <span class='ocrx_word' id='word_1_720' title='bbox 1365 3761 1430 3826; x_wconf 77' lang='lat' dir='ltr'><strong>regie</strong></span> <span class='ocrx_word' id='word_1_721' title='bbox 1444 3775 1472 3812; x_wconf 91' lang='lat' dir='ltr'>se</span> <span class='ocrx_word' id='word_1_722' title='bbox 1487 3762 1513 3811; x_wconf 89' lang='lat' dir='ltr'><strong>iu</strong></span> <span class='ocrx_word' id='word_1_723' title='bbox 1529 3762 1680 3826; x_wconf 78' lang='lat' dir='ltr'><strong>eogesserit,</strong></span> <span class='ocrx_word' id='word_1_724' title='bbox 1705 3762 1751 3814; x_wconf 86' lang='lat' dir='ltr'>sod</span> <span class='ocrx_word' id='word_1_725' title='bbox 1767 3763 1865 3816; x_wconf 83' lang='lat' dir='ltr'><strong>iniuriis</strong></span> <span class='ocrx_word' id='word_1_726' title='bbox 1880 3769 1905 3817; x_wconf 92' lang='lat' dir='ltr'>et</span> 
     </span>
     <span class='ocr_line' id='line_1_85' title="bbox 1124 3856 1902 3923; baseline 0.012 -23"><span class='ocrx_word' id='word_1_727' title='bbox 1124 3876 1136 3901; x_wconf 86' lang='lat'>«</span> <span class='ocrx_word' id='word_1_728' title='bbox 1151 3856 1270 3908; x_wconf 86' lang='lat' dir='ltr'><strong>iniustitia</strong></span> <span class='ocrx_word' id='word_1_729' title='bbox 1283 3869 1369 3907; x_wconf 89' lang='lat' dir='ltr'><strong>omnes</strong></span> <span class='ocrx_word' id='word_1_730' title='bbox 1379 3860 1505 3921; x_wconf 65' lang='lat' dir='ltr'><strong>turannos,</strong></span> <span class='ocrx_word' id='word_1_731' title='bbox 1515 3856 1560 3920; x_wconf 91' lang='lat' dir='ltr'><strong>qui</strong></span> <span class='ocrx_word' id='word_1_732' title='bbox 1571 3869 1680 3920; x_wconf 90' lang='lat' dir='ltr'><strong>unquam</strong></span> <span class='ocrx_word' id='word_1_733' title='bbox 1694 3856 1787 3908; x_wconf 84' lang='lat' dir='ltr'><strong>suerint</strong></span> <span class='ocrx_word' id='word_1_734' title='bbox 1799 3868 1902 3923; x_wconf 83' lang='lat' dir='ltr'><strong>supera·</strong></span> 
     </span>
     <span class='ocr_line' id='line_1_86' title="bbox 1123 3949 1906 4017; baseline 0.004 -18"><span class='ocrx_word' id='word_1_735' title='bbox 1123 3971 1135 3994; x_wconf 90' lang='grc' dir='ltr'>ιι</span> <span class='ocrx_word' id='word_1_736' title='bbox 1151 3949 1191 4010; x_wconf 88' lang='lat' dir='ltr'><strong>rit,</strong></span> <span class='ocrx_word' id='word_1_737' title='bbox 1205 3949 1237 4001; x_wconf 86' lang='lat' dir='ltr'><strong>de</strong></span> <span class='ocrx_word' id='word_1_738' title='bbox 1254 3952 1377 4001; x_wconf 86' lang='lat' dir='ltr'><strong>communi</strong></span> <span class='ocrx_word' id='word_1_739' title='bbox 1390 3950 1512 4002; x_wconf 84' lang='lat' dir='ltr'><strong>sententia</strong></span> <span class='ocrx_word' id='word_1_740' title='bbox 1523 3962 1568 4002; x_wconf 90' lang='lat' dir='ltr'>nos</span> <span class='ocrx_word' id='word_1_741' title='bbox 1582 3952 1678 4015; x_wconf 82' lang='lat' dir='ltr'><strong>patricii</strong></span> <span class='ocrx_word' id='word_1_742' title='bbox 1694 3952 1796 4015; x_wconf 79' lang='lat' dir='ltr'><strong>imperio</strong></span> <span class='ocrx_word' id='word_1_743' title='bbox 1807 3951 1906 4017; x_wconf 79' lang='lat' dir='ltr'><strong>privare</strong></span> 
     </span>
     <span class='ocr_line' id='line_1_87' title="bbox 1123 4038 1906 4105; baseline 0.003 -14"><span class='ocrx_word' id='word_1_744' title='bbox 1123 4060 1136 4084; x_wconf 91' lang='grc' dir='ltr'>ι</span> <span class='ocrx_word' id='word_1_745' title='bbox 1149 4040 1305 4091; x_wconf 86' lang='lat' dir='ltr'><strong>decr&#39;cvimus</strong></span> <span class='ocrx_word' id='word_1_746' title='bbox 1317 4059 1324 4090; x_wconf 81' lang='grc' dir='ltr'>τ</span> <span class='ocrx_word' id='word_1_747' title='bbox 1336 4038 1405 4103; x_wconf 90' lang='lat' dir='ltr'><strong>quod</strong></span> <span class='ocrx_word' id='word_1_748' title='bbox 1416 4039 1512 4104; x_wconf 84' lang='lat' dir='ltr'><strong>pridem</strong></span> <span class='ocrx_word' id='word_1_749' title='bbox 1524 4038 1618 4090; x_wconf 84' lang='lat' dir='ltr'><strong>iactum</strong></span> <span class='ocrx_word' id='word_1_750' title='bbox 1628 4040 1767 4105; x_wconf 81' lang='lat' dir='ltr'><strong>oportebat,</strong></span> <span class='ocrx_word' id='word_1_751' title='bbox 1777 4041 1824 4093; x_wconf 91' lang='lat' dir='ltr'>sed</span> <span class='ocrx_word' id='word_1_752' title='bbox 1841 4056 1906 4094; x_wconf 88' lang='lat' dir='ltr'><strong>nunc</strong></span> 
     </span>
     <span class='ocr_line' id='line_1_88' title="bbox 1124 4134 1903 4200; baseline 0.004 -15"><span class='ocrx_word' id='word_1_753' title='bbox 1124 4154 1136 4178; x_wconf 91' lang='grc' dir='ltr'>ιι</span> <span class='ocrx_word' id='word_1_754' title='bbox 1150 4134 1251 4186; x_wconf 90' lang='lat' dir='ltr'><strong>demum</strong></span> <span class='ocrx_word' id='word_1_755' title='bbox 1263 4139 1362 4199; x_wconf 88' lang='lat' dir='ltr'><strong>tempus</strong></span> <span class='ocrx_word' id='word_1_756' title='bbox 1371 4136 1536 4198; x_wconf 82' lang='lat' dir='ltr'><strong>opportunum</strong></span> <span class='ocrx_word' id='word_1_757' title='bbox 1550 4135 1616 4184; x_wconf 89' lang='lat' dir='ltr'><strong>nacti</strong></span> <span class='ocrx_word' id='word_1_758' title='bbox 1634 4135 1680 4185; x_wconf 83' lang='lat' dir='ltr'>hoc</span> <span class='ocrx_word' id='word_1_759' title='bbox 1691 4134 1775 4200; x_wconf 84' lang='lat' dir='ltr'><strong>ipsum</strong></span> <span class='ocrx_word' id='word_1_760' title='bbox 1786 4136 1903 4197; x_wconf 79' lang='lat' dir='ltr'><strong>iacimus3</strong></span> 
     </span>
     <span class='ocr_line' id='line_1_89' title="bbox 1125 4227 1905 4293; baseline 0.004 -14"><span class='ocrx_word' id='word_1_761' title='bbox 1125 4243 1255 4293; x_wconf 83' lang='lat' dir='ltr'><strong>«vosque,</strong></span> <span class='ocrx_word' id='word_1_762' title='bbox 1270 4230 1387 4289; x_wconf 84' lang='lat' dir='ltr'><strong>Quirites,</strong></span> <span class='ocrx_word' id='word_1_763' title='bbox 1402 4228 1605 4291; x_wconf 84' lang='lat' dir='ltr'><strong>convocavimus,</strong></span> <span class='ocrx_word' id='word_1_764' title='bbox 1620 4230 1648 4279; x_wconf 92' lang='lat' dir='ltr'><strong>ut</strong></span> <span class='ocrx_word' id='word_1_765' title='bbox 1660 4227 1766 4279; x_wconf 82' lang='lat' dir='ltr'><strong>indicata</strong></span> <span class='ocrx_word' id='word_1_766' title='bbox 1779 4231 1905 4282; x_wconf 80' lang='lat' dir='ltr'><strong>voluntate</strong></span> 
     </span>
     <span class='ocr_line' id='line_1_90' title="bbox 1126 4322 1905 4388; baseline 0.003 -15"><span class='ocrx_word' id='word_1_767' title='bbox 1126 4326 1239 4374; x_wconf 77' lang='lat' dir='ltr'><strong>«nostra</strong></span> <span class='ocrx_word' id='word_1_768' title='bbox 1255 4337 1299 4373; x_wconf 87' lang='lat' dir='ltr'>vos</span> <span class='ocrx_word' id='word_1_769' title='bbox 1322 4337 1479 4388; x_wconf 76' lang='lat' dir='ltr'><strong>rogaremus.</strong></span> <span class='ocrx_word' id='word_1_770' title='bbox 1507 4325 1536 4372; x_wconf 92' lang='lat' dir='ltr'><strong>ut</strong></span> <span class='ocrx_word' id='word_1_771' title='bbox 1559 4335 1606 4372; x_wconf 88' lang='lat' dir='ltr'>uos</span> <span class='ocrx_word' id='word_1_772' title='bbox 1624 4322 1649 4371; x_wconf 92' lang='lat' dir='ltr'><strong>in</strong></span> <span class='ocrx_word' id='word_1_773' title='bbox 1669 4322 1803 4374; x_wconf 81' lang='lat' dir='ltr'><strong>asserenda</strong></span> <span class='ocrx_word' id='word_1_774' title='bbox 1821 4325 1905 4388; x_wconf 76' lang='lat' dir='ltr'><strong>patrio</strong></span> 
     </span>
     <span class='ocr_line' id='line_1_91' title="bbox 1126 4414 1906 4482; baseline -0.001 -15"><span class='ocrx_word' id='word_1_775' title='bbox 1126 4436 1139 4460; x_wconf 91' lang='grc' dir='ltr'>ιι</span> <span class='ocrx_word' id='word_1_776' title='bbox 1154 4416 1270 4467; x_wconf 77' lang='lat' dir='ltr'><strong>libertato</strong></span> <span class='ocrx_word' id='word_1_777' title='bbox 1286 4417 1386 4476; x_wconf 88' lang='lat' dir='ltr'><strong>iuvetis,</strong></span> <span class='ocrx_word' id='word_1_778' title='bbox 1405 4432 1455 4482; x_wconf 84' lang='lat' dir='ltr'>qua</span> <span class='ocrx_word' id='word_1_779' title='bbox 1467 4428 1546 4478; x_wconf 88' lang='lat' dir='ltr'><strong>neque</strong></span> <span class='ocrx_word' id='word_1_780' title='bbox 1558 4414 1629 4466; x_wconf 84' lang='lat' dir='ltr'><strong>nobis</strong></span> <span class='ocrx_word' id='word_1_781' title='bbox 1646 4420 1704 4466; x_wconf 83' lang='lat' dir='ltr'><strong>onte</strong></span> <span class='ocrx_word' id='word_1_782' title='bbox 1714 4416 1764 4466; x_wconf 84' lang='lat' dir='ltr'><strong>troi</strong></span> <span class='ocrx_word' id='word_1_783' title='bbox 1781 4416 1861 4480; x_wconf 82' lang='lat' dir='ltr'><strong>licuit,</strong></span> <span class='ocrx_word' id='word_1_784' title='bbox 1875 4430 1906 4468; x_wconf 79' lang='lat' dir='ltr'><strong>ea</strong></span> 
     </span>
     <span class='ocr_line' id='line_1_92' title="bbox 1126 4511 1905 4578; baseline 0.004 -17"><span class='ocrx_word' id='word_1_785' title='bbox 1126 4532 1138 4555; x_wconf 90' lang='grc' dir='ltr'>ιι</span> <span class='ocrx_word' id='word_1_786' title='bbox 1153 4526 1203 4578; x_wconf 91' lang='lat' dir='ltr'>quo</span> <span class='ocrx_word' id='word_1_787' title='bbox 1218 4513 1369 4577; x_wconf 72' lang='lat' dir='ltr'><strong>Tarquinius</strong></span> <span class='ocrx_word' id='word_1_788' title='bbox 1387 4525 1489 4577; x_wconf 79' lang='lat' dir='ltr'><strong>regnum</strong></span> <span class='ocrx_word' id='word_1_789' title='bbox 1507 4511 1651 4576; x_wconf 80' lang='lat' dir='ltr'><strong>occupavit,</strong></span> <span class='ocrx_word' id='word_1_790' title='bbox 1665 4524 1747 4575; x_wconf 89' lang='lat' dir='ltr'><strong>neque</strong></span> <span class='ocrx_word' id='word_1_791' title='bbox 1769 4516 1859 4577; x_wconf 84' lang='lat' dir='ltr'><strong>postea</strong></span> <span class='ocrx_word' id='word_1_792' title='bbox 1875 4511 1905 4563; x_wconf 85' lang='lat' dir='ltr'>ii-</span> 
     </span>
     <span class='ocr_line' id='line_1_93' title="bbox 1127 4605 1905 4673; baseline -0.001 -14"><span class='ocrx_word' id='word_1_793' title='bbox 1127 4630 1138 4652; x_wconf 85' lang='grc' dir='ltr'>ιι</span> <span class='ocrx_word' id='word_1_794' title='bbox 1153 4607 1269 4673; x_wconf 82' lang='lat' dir='ltr'><strong>ccbit,·si</strong></span> <span class='ocrx_word' id='word_1_795' title='bbox 1287 4621 1351 4658; x_wconf 88' lang='lat' dir='ltr'><strong>nunc</strong></span> <span class='ocrx_word' id='word_1_796' title='bbox 1367 4609 1499 4672; x_wconf 71' lang='lat' dir='ltr'><strong>imiuuiter</strong></span> <span class='ocrx_word' id='word_1_797' title='bbox 1517 4621 1563 4657; x_wconf 85' lang='lat' dir='ltr'>nos</span> <span class='ocrx_word' id='word_1_798' title='bbox 1574 4605 1732 4671; x_wconf 75' lang='lat' dir='ltr'><strong>gesserImus.</strong></span> <span class='ocrx_word' id='word_1_799' title='bbox 1766 4608 1802 4657; x_wconf 76' lang='lat' dir='ltr'>Ac</span> <span class='ocrx_word' id='word_1_800' title='bbox 1820 4607 1905 4658; x_wconf 86' lang='lat' dir='ltr'><strong>sitan·</strong></span> 
     </span>
     <span class='ocr_line' id='line_1_94' title="bbox 1127 4700 1906 4766; baseline 0.005 -17"><span class='ocrx_word' id='word_1_801' title='bbox 1127 4724 1140 4749; x_wconf 71' lang='lat' dir='ltr'><strong>a</strong></span> <span class='ocrx_word' id='word_1_802' title='bbox 1153 4706 1207 4753; x_wconf 90' lang='lat' dir='ltr'>tum</span> <span class='ocrx_word' id='word_1_803' title='bbox 1222 4704 1340 4766; x_wconf 83' lang='lat' dir='ltr'><strong>temporis</strong></span> <span class='ocrx_word' id='word_1_804' title='bbox 1355 4702 1472 4753; x_wconf 84' lang='lat' dir='ltr'><strong>haberem</strong></span> <span class='ocrx_word' id='word_1_805' title='bbox 1486 4705 1607 4764; x_wconf 85' lang='lat' dir='ltr'><strong>quantum</strong></span> <span class='ocrx_word' id='word_1_806' title='bbox 1622 4700 1729 4761; x_wconf 87' lang='lat' dir='ltr'><strong>vetlem,</strong></span> <span class='ocrx_word' id='word_1_807' title='bbox 1749 4704 1776 4751; x_wconf 87' lang='lat' dir='ltr'><strong>ct</strong></span> <span class='ocrx_word' id='word_1_808' title='bbox 1786 4701 1853 4766; x_wconf 86' lang='lat' dir='ltr'><strong>apud</strong></span> <span class='ocrx_word' id='word_1_809' title='bbox 1866 4714 1906 4752; x_wconf 88' lang='lat' dir='ltr'><strong>re·</strong></span> 
     </span>
     <span class='ocr_line' id='line_1_95' title="bbox 1127 4795 1905 4862; baseline 0.006 -19"><span class='ocrx_word' id='word_1_810' title='bbox 1127 4818 1141 4843; x_wconf 78' lang='grc' dir='ltr'>ιι</span> <span class='ocrx_word' id='word_1_811' title='bbox 1153 4813 1209 4850; x_wconf 90' lang='lat' dir='ltr'><strong>rum</strong></span> <span class='ocrx_word' id='word_1_812' title='bbox 1229 4798 1327 4862; x_wconf 79' lang='lat' dir='ltr'><strong>ignaros</strong></span> <span class='ocrx_word' id='word_1_813' title='bbox 1348 4796 1425 4847; x_wconf 84' lang='lat' dir='ltr'><strong>verba</strong></span> <span class='ocrx_word' id='word_1_814' title='bbox 1444 4797 1565 4855; x_wconf 84' lang='lat' dir='ltr'><strong>iacerem,</strong></span> <span class='ocrx_word' id='word_1_815' title='bbox 1587 4796 1671 4847; x_wconf 91' lang='lat' dir='ltr'><strong>omnia</strong></span> <span class='ocrx_word' id='word_1_816' title='bbox 1696 4795 1795 4860; x_wconf 81' lang='lat' dir='ltr'><strong>tyranni</strong></span> <span class='ocrx_word' id='word_1_817' title='bbox 1815 4796 1905 4848; x_wconf 80' lang='lat' dir='ltr'><strong>scelera</strong></span> 
     </span>
     <span class='ocr_line' id='line_1_96' title="bbox 1127 4890 1906 4961; baseline -0.004 -17"><span class='ocrx_word' id='word_1_818' title='bbox 1127 4913 1140 4937; x_wconf 90' lang='grc' dir='ltr'>ι</span> <span class='ocrx_word' id='word_1_819' title='bbox 1156 4907 1331 4960; x_wconf 81' lang='lat' dir='ltr'><strong>pmsequerer,</strong></span> <span class='ocrx_word' id='word_1_820' title='bbox 1359 4892 1449 4957; x_wconf 83' lang='lat' dir='ltr'><strong>quibus</strong></span> <span class='ocrx_word' id='word_1_821' title='bbox 1465 4905 1514 4941; x_wconf 89' lang='lat' dir='ltr'>non</span> <span class='ocrx_word' id='word_1_822' title='bbox 1530 4903 1606 4940; x_wconf 89' lang='lat' dir='ltr'><strong>unum</strong></span> <span class='ocrx_word' id='word_1_823' title='bbox 1624 4890 1669 4940; x_wconf 88' lang='lat' dir='ltr'><strong>scd</strong></span> <span class='ocrx_word' id='word_1_824' title='bbox 1686 4890 1765 4941; x_wconf 88' lang='lat' dir='ltr'><strong>mnita</strong></span> <span class='ocrx_word' id='word_1_825' title='bbox 1788 4890 1906 4961; x_wconf 79' lang='lat' dir='ltr'><strong>suppiida</strong></span> 
     </span>
     <span class='ocr_line' id='line_1_97' title="bbox 1128 4983 1905 5049; baseline -0.006 -10"><span class='ocrx_word' id='word_1_826' title='bbox 1128 5007 1141 5032; x_wconf 88' lang='grc' dir='ltr'>ιι</span> <span class='ocrx_word' id='word_1_827' title='bbox 1154 4988 1265 5039; x_wconf 87' lang='lat' dir='ltr'><strong>omnium</strong></span> <span class='ocrx_word' id='word_1_828' title='bbox 1285 4987 1377 5037; x_wconf 88' lang='lat' dir='ltr'><strong>iudicio</strong></span> <span class='ocrx_word' id='word_1_829' title='bbox 1394 4985 1547 5036; x_wconf 89' lang='lat' dir='ltr'><strong>commeruit.</strong></span> <span class='ocrx_word' id='word_1_830' title='bbox 1582 4985 1676 5035; x_wconf 80' lang='lat' dir='ltr'><strong>verum</strong></span> <span class='ocrx_word' id='word_1_831' title='bbox 1698 4983 1756 5046; x_wconf 88' lang='lat' dir='ltr'><strong>quia</strong></span> <span class='ocrx_word' id='word_1_832' title='bbox 1778 4985 1905 5049; x_wconf 80' lang='lat' dir='ltr'><strong>temporis,</strong></span> 
     </span>
     <span class='ocr_line' id='line_1_98' title="bbox 1128 5077 1906 5147; baseline -0.006 -14"><span class='ocrx_word' id='word_1_833' title='bbox 1128 5082 1224 5147; x_wconf 81' lang='lat' dir='ltr'><strong>«quod</strong></span> <span class='ocrx_word' id='word_1_834' title='bbox 1240 5095 1281 5135; x_wconf 87' lang='lat' dir='ltr'>res</span> <span class='ocrx_word' id='word_1_835' title='bbox 1304 5080 1364 5131; x_wconf 88' lang='lat' dir='ltr'><strong>mihi</strong></span> <span class='ocrx_word' id='word_1_836' title='bbox 1382 5078 1535 5138; x_wconf 86' lang='lat' dir='ltr'><strong>concedunt,</strong></span> <span class='ocrx_word' id='word_1_837' title='bbox 1561 5078 1680 5141; x_wconf 73' lang='lat' dir='ltr'><strong>angustias</strong></span> <span class='ocrx_word' id='word_1_838' title='bbox 1703 5090 1784 5143; x_wconf 83' lang='lat' dir='ltr'><strong>pauca</strong></span> <span class='ocrx_word' id='word_1_839' title='bbox 1807 5077 1906 5145; x_wconf 87' lang='lat' dir='ltr'><strong>quidem</strong></span> 
     </span>
     <span class='ocr_line' id='line_1_99' title="bbox 1129 5169 1904 5238; baseline -0.006 -12"><span class='ocrx_word' id='word_1_840' title='bbox 1129 5195 1141 5220; x_wconf 90' lang='grc' dir='ltr'>ι</span> <span class='ocrx_word' id='word_1_841' title='bbox 1156 5175 1232 5226; x_wconf 85' lang='lat' dir='ltr'><strong>verba</strong></span> <span class='ocrx_word' id='word_1_842' title='bbox 1244 5179 1268 5226; x_wconf 87' lang='lat' dir='ltr'>et</span> <span class='ocrx_word' id='word_1_843' title='bbox 1279 5174 1344 5225; x_wconf 85' lang='lat' dir='ltr'><strong>tacta</strong></span> <span class='ocrx_word' id='word_1_844' title='bbox 1354 5173 1431 5224; x_wconf 87' lang='lat' dir='ltr'><strong>multo</strong></span> <span class='ocrx_word' id='word_1_845' title='bbox 1441 5172 1576 5238; x_wconf 83' lang='lat' dir='ltr'><strong>postulant,</strong></span> <span class='ocrx_word' id='word_1_846' title='bbox 1593 5184 1623 5222; x_wconf 89' lang='lat' dir='ltr'>ac</span> <span class='ocrx_word' id='word_1_847' title='bbox 1637 5169 1713 5222; x_wconf 84' lang='lat' dir='ltr'><strong>eiiam</strong></span> <span class='ocrx_word' id='word_1_848' title='bbox 1723 5170 1789 5235; x_wconf 79' lang='lat' dir='ltr'><strong>aqud</strong></span> <span class='ocrx_word' id='word_1_849' title='bbox 1803 5183 1849 5220; x_wconf 88' lang='lat' dir='ltr'>vos</span> <span class='ocrx_word' id='word_1_850' title='bbox 1868 5181 1904 5221; x_wconf 82' lang='lat' dir='ltr'>rc·</span> 
     </span>
    </p>
   </div>
   <div class='ocr_carea' id='block_1_12' title="bbox 295 5261 1906 5346">
    <p class='ocr_par' dir='ltr' id='par_1_41' title="bbox 295 5261 1906 5346">
     <span class='ocr_line' id='line_1_100' title="bbox 295 5261 1906 5346; baseline -0.005 -24"><span class='ocrx_word' id='word_1_851' title='bbox 295 5291 308 5315; x_wconf 80' lang='grc' dir='ltr'>ι</span> <span class='ocrx_word' id='word_1_852' title='bbox 324 5286 378 5343; x_wconf 90' lang='grc' dir='ltr'>γειν</span> <span class='ocrx_word' id='word_1_853' title='bbox 394 5261 441 5342; x_wconf 76' lang='grc' dir='ltr'>μὲν</span> <span class='ocrx_word' id='word_1_854' title='bbox 462 5264 538 5342; x_wconf 84' lang='grc' dir='ltr'>ὀλίγα</span> <span class='ocrx_word' id='word_1_855' title='bbox 553 5266 606 5339; x_wconf 81' lang='grc' dir='ltr'>δεῖ,</span> <span class='ocrx_word' id='word_1_856' title='bbox 625 5266 750 5344; x_wconf 87' lang='grc' dir='ltr'>πράττειν</span> <span class='ocrx_word' id='word_1_857' title='bbox 766 5264 794 5325; x_wconf 81' lang='grc' dir='ltr'>δέ</span> <span class='ocrx_word' id='word_1_858' title='bbox 818 5262 923 5338; x_wconf 76' lang='grc' dir='ltr'>πολλὰ,</span> <span class='ocrx_word' id='word_1_859' title='bbox 941 5262 988 5322; x_wconf 81' lang='grc' dir='ltr'>καλ</span> <span class='ocrx_word' id='word_1_860' title='bbox 1011 5264 1075 5346; x_wconf 80' lang='grc' dir='ltr'>πρὸς</span> <span class='ocrx_word' id='word_1_861' title='bbox 1128 5293 1142 5321; x_wconf 83' lang='grc' dir='ltr'>ιι</span> <span class='ocrx_word' id='word_1_862' title='bbox 1155 5286 1213 5323; x_wconf 90' lang='lat' dir='ltr'>rom</span> <span class='ocrx_word' id='word_1_863' title='bbox 1233 5283 1323 5333; x_wconf 77' lang='lat' dir='ltr'><strong>gnaros</strong></span> <span class='ocrx_word' id='word_1_864' title='bbox 1336 5268 1412 5320; x_wconf 80' lang='lat' dir='ltr'><strong>verim</strong></span> <span class='ocrx_word' id='word_1_865' title='bbox 1428 5268 1499 5329; x_wconf 83' lang='lat' dir='ltr'><strong>tucio,</strong></span> <span class='ocrx_word' id='word_1_866' title='bbox 1512 5267 1620 5319; x_wconf 80' lang='lat' dir='ltr'><strong>facinora</strong></span> <span class='ocrx_word' id='word_1_867' title='bbox 1635 5266 1690 5318; x_wconf 87' lang='lat' dir='ltr'><strong>eius</strong></span> <span class='ocrx_word' id='word_1_868' title='bbox 1706 5263 1906 5329; x_wconf 59' lang='lat' dir='ltr'><strong>gravissumo</strong></span> 
     </span>
    </p>
   </div>
   <div class='ocr_carea' id='block_1_13' title="bbox 0 0 2058 5936">
    <p class='ocr_par' dir='ltr' id='par_1_42' title="bbox 0 0 2058 5936">
     <span class='ocr_line' id='line_1_101' title="bbox 0 0 2058 5936; baseline 0 0"><span class='ocrx_word' id='word_1_869' title='bbox 0 0 2058 5936; x_wconf 95' lang='lat' dir='ltr'> </span> 
     </span>
    </p>
   </div>
  </div>
 </body>
</html>
