3980 5936
583 426 877 500 ANTIQUITATUM
899 426 1049 489 ROMAN.
1072 429 1144 490 tta.
1167 431 1210 492 Χ.
1652 443 1715 504 619

105 584 118 611 ιι
131 557 259 631 διεξῆλθε·
273 556 305 616 τό
316 553 344 617 δέ
357 555 395 634 μὴ
406 555 574 636 μεταδιδόναι
585 557 664 635 λόγου
675 565 730 625 τοῖς
742 557 875 628 ἀντιλέξαι
933 587 946 612 ιι
959 571 1013 632 ret,
1031 570 1058 621 td
1071 571 1221 635 accinctum
1237 587 1300 636 esse,
1320 589 1367 626 nec
1380 576 1493 629 moribus
1504 579 1611 633 civitatis
1625 595 1714 648 recep·

105 672 117 698 ιι
133 644 298 726 βουλομένοις
322 643 382 705 οὔτε
401 644 501 705 δίκαιον
520 644 663 727 ἀπέφαινεν
689 644 748 705 οὔτε
772 648 875 707 πολιτι·
931 684 944 710 ιι
959 672 1014 719 tum
1027 665 1140 732 dicebat,
1152 672 1292 734 presertim
1305 687 1385 736 quum
1399 675 1431 726 dc
1451 675 1505 741 lege
1518 683 1641 742 ageretur,
1653 695 1714 746 qum

104 763 116 788 ιι
129 735 191 813 κόν,
211 735 298 802 ἄλλως
312 757 342 794 τι
356 734 403 794 καί
422 733 484 815 περὶ
498 734 578 811 νόμον
591 739 638 807 *ἧς
654 735 787 806 ζητήσω(
804 758 876 814 im·
932 783 944 806 ι
955 763 1008 827 luri
1028 768 1113 817 eontra
1133 768 1276 821 violentiam
1296 772 1399 823 tereret.
1433 776 1481 825 Eos
1494 777 1575 837 enim,
1591 779 1633 842 qut
1650 778 1713 831 nihil

104 851 116 875 ι
129 824 224 898 μένης,
234 821 262 889 δς
273 820 369 898 ίμιλλε
383 821 519 902 κρείττονα
536 819 658 894 ποιήσειν
671 822 719 894 τὴν
737 822 812 894 δίκην
827 826 876 894 τῆς

62 950 77 987 ,
103 940 115 963 ιι
129 911 198 991 βίας.
241 909 402 991 Ταότῃγάρ
417 914 523 992 ἀφορμῇ
543 912 691 991 χρήσεσθαι
712 910 772 980 τοὺς
793 909 875 990 μηδάν

103 1026 115 1049 ιι
129 997 183 1059 ίσον
198 998 244 1058 καὶ
260 997 359 1057 δίκαιον
373 1001 428 1065 τοῖς
446 998 552 1066 πολλοῖς
569 1003 744 1080 ρρονοῶντας,
764 1004 811 1059 τοῦ
824 1022 875 1058 τα-

104 1114 114 1137 ιι
130 1085 231 1168 μάττειν
250 1087 331 1147 πάλιν
355 1085 400 1145 καὶ
429 1085 560 1145 διιστιίναι
584 1086 618 1145 τὰ
640 1086 805 1169 συμφέροντα
829 1092 875 1160 τῆς

102 1200 115 1229 ι
128 1175 239 1241 πολεως.
251 1201 264 1227 ιι
279 1177 374 1236 Ταῦτα
389 1171 484 1248 είπῶν,
503 1177 549 1234 καὶ
563 1175 611 1248 τὴν
626 1177 750 1235 ἀπιοῦσαν
764 1176 875 1238 ἀποδεί-

101 1262 143 1332 ξας
154 1264 257 1342 ἡμέραν
278 1271 331 1331 τοῖς
353 1263 510 1345 κατηγόροις
523 1271 569 1324 τοῦ
588 1266 691 1343 νόμου,
708 1266 811 1326 διέλυσε
825 1266 874 1339 τὴν

46 1374 75 1414 10
99 1352 248 1425 ἐκκλησίαν.
293 1356 330 1413 Οἱ
351 1352 378 1411 δέ
394 1351 508 1425 θπατοι,
527 1353 721 1434 συναγαγόντες
742 1354 873 1416 ίδιιιιιεικθν

99 1440 227 1521 συνέδριον
249 1441 398 1519 πατρικίων
418 1445 472 1501 τῶν
495 1443 685 1524 ἀνδρειοτάτων
701 1467 730 1503 τι
753 1444 800 1504 καί
820 1448 873 1522 μά-

98 1530 172 1588 λιστα
188 1531 214 1587 έν
230 1533 263 1608 τῇ
278 1529 353 1587 πολει
374 1526 429 1587 τότ’
444 1528 607 1606 ἀνθούντων,
628 1530 765 1591 ἐδίδασκον
782 1532 874 1600 αὖτοὺς

97 1619 132 1684 ῶς
146 1644 159 1671 ιι
176 1615 314 1684 Κωλυτέος
327 1614 368 1691 τίη
388 1615 475 1696 σρίσιν
491 1621 505 1676 ό
518 1617 615 1698 νόμος,
629 1618 715 1700 λόγοις
730 1619 777 1697 μὲν
796 1624 872 1700 πρῶ·

98 1732 110 1757 ιι
125 1729 185 1779 τον,
197 1704 241 1763 tte
264 1704 291 1763 δὲ
315 1704 354 1781 μὴ
369 1705 479 1765 πείθωσι
492 1705 537 1765 τόν
561 1708 662 1784 δῆμον,
680 1707 773 1787 ἔργοις.
794 1707 873 1771 'Eae'-

41 1826 68 1863 ις
97 1824 110 1847 ιι
121 1796 194 1856 λαιόν
208 1819 237 1854 τε
252 1792 351 1854 ἅπασιν
375 1792 450 1867 ἥκειν
465 1793 543 1855 ίωθεν
560 1799 596 1863 είς
611 1795 661 1869 τὴν
685 1796 798 1875 ἀγορὰν,
815 1797 872 1875 ἅμα

99 1894 176 1953 «τοῖς
190 1884 301 1966 ἑταίροις
323 1906 353 1943 τε
376 1883 422 1942 καί
443 1884 584 1953 πελάταις,
609 1885 680 1953 όσοις
704 1884 736 1944 ἀν
766 1884 873 1948 έκαστοι

96 2002 109 2027 ιι
122 1975 252 2041 πλιίσποις
272 1974 410 2033 δύνωνται·
424 1972 516 2033 έπειτα
539 1974 597 2042 τοὺς
613 1974 662 2052 μέν
684 1976 746 2056 περί
760 1977 825 2036 αὐτὸ
841 1978 875 2037 τί)Ἰ

95 2064 198 2141 «βῆμα
213 2060 306 2120 καὶτὸ
323 2060 560 2141 ἐκκλησιαστήριον
579 2067 695 2129 ἑστῶτας
713 2064 870 2143 ὑπομένειν,

95 2149 179 2218 ιιτοθς
193 2149 221 2209 δέ
235 2149 305 2209 κατά
321 2148 408 2210 πολλὰ
419 2154 465 2221 τῆς
477 2155 574 2229 ἀγορᾶς
589 2152 658 2232 μέρη
671 2153 872 2236 συστρέψαντας

34 2256 67 2295 ab
94 2265 107 2291 ιι
121 2237 227 2306 έαυτοθς
245 2240 401 2315 διαστῆναι,
422 2238 491 2298 ῶστε
506 2240 654 2320 διειλὴρθαι
675 2242 706 2300 τὸ
728 2242 870 2316 δημοτικὸν

94 2354 106 2377 ιι
124 2325 330 2402 διεσπασμένον,
355 2326 400 2384 καὶ
413 2324 560 2385 κωλύεσθαι
586 2328 650 2405 πρὸς
673 2327 760 2386 αὐτῶν
784 2329 821 2397 είς
841 2326 871 2386 έν

93 2442 106 2467 ιι
120 2418 257 2476 συνελθεῖν.
272 2441 285 2468 ιι
338 2412 445 2475 Ἐδόκει
463 2420 548 2473 ταῦτα
571 2414 700 2495 κριίτιστα
727 2406 809 2490 εἶναι,
824 2416 870 2476 καί

92 2503 152 2581 πρὶν
165 2500 267 2581 ἡμέραν
287 2502 414 2580 λαμπρὰν
430 2503 567 2581 γενέσθαι,
583 2503 617 2563 τά
639 2503 728 2563 πολλὰ
746 2507 792 2578 τὴς
807 2507 871 2583 ἀγυ-

94 2599 140 2672 ρδίς
153 2590 290 2669 κατείχετο
305 2589 356 2647 θπθ
369 2593 421 2648 τῶν
439 2589 598 2669 πατρικίων.

29 2714 62 2753 25
130 2679 207 2741 XLI.
230 2677 310 2738 Μετά
328 2680 413 2736 ταῦτα
452 2677 479 2736 ol
493 2702 521 2736 τε
538 2678 671 2757 δὴμαρχοι
697 2677 743 2738 καὶ
761 2680 785 2739 oi
800 2679 868 2741 θπιι·

92 2789 133 2827 τοι
146 2770 293 2846 παρῆσαν,
315 2764 361 2826 καί
378 2765 465 2844 λέγειν
479 2769 494 2825 ὁ
508 2765 591 2847 κ’ἡρυξ
609 2766 730 2827 ἐκέλευσε
749 2767 792 2827 τὸν
807 2771 871 2849 βου-

89 2854 201 2933 λόρκνον
215 2860 263 2914 τοῦ
277 2853 358 2932 νόμου
373 2861 539 2935 κατηγορεῖν.
572 2858 685 2916 Πολλῶν
696 2855 725 2917 δέ
740 2857 786 2917 καὶ
801 2860 870 2941 ἀγα-

89 2947 139 3005 θῶν
160 2946 264 3025 ἀνδρῶν
293 2944 456 3023 παριόντων,
481 2945 584 3011 οὐδενὸς
611 2944 766 3015 ἐξάκουστος
795 2936 828 3021 ἡν
855 2952 869 3008 θ

87 3032 172 3113 λόγος,
187 3033 238 3093 ὑπὸ
253 3038 300 3094 τοῦ
315 3032 426 3113 θορύθου
440 3056 469 3093 τε
485 3037 591 3117 καὶτῆς
609 3033 740 3111 ἀκοσμίας
755 3036 809 3094 τῶν
821 3040 868 3095 ix-

28 3152 61 3191 au
87 3121 293 3197 alteralitatem.
306 3123 342 3182 0t
356 3120 404 3196 μέν
418 3121 469 3202 γάρ
482 3120 636 3181 έπειιέλευόν
651 3123 738 3181 τεκαὶ
757 3124 869 3207 ἀπεθόρ·

88 3233 163 3291 ρυνον
182 3208 241 3277 τυθς
265 3208 403 3287 λέγοντας,
426 3213 449 3271 οἱ
472 3210 495 3269 δ’
517 3208 657 3278 ἐξέθαλλόν
678 3233 708 3269 τε
731 3211 776 3272 καί
790 3235 869 3273 καττ-

87 3300 165 3362 odon.
185 3297 311 3379 Ἐκριίτει
325 3298 353 3357 δὲ
366 3296 427 3358 οὔτε
442 3301 456 3356 ό
471 3302 523 3357 τῶν
536 3297 777 3373 συλλαμόανόντων
794 3300 868 3362 έπαι·

86 3410 144 3463 νος,
164 3385 249 3447 οὔτεό
271 3389 323 3446 τῶν
345 3387 574 3466 ἀντιπραττόντων
590 3387 711 3466 θόρυόυς.
755 3390 866 3471 'Apono-

86 3478 217 3538 κτοθντων
231 3474 259 3536 δί
272 3481 325 3545 τῶν
337 3476 444 3536 ὑπιίτων
456 3476 502 3534 καὶ
516 3476 746 3555 μαρτυρομένων,
763 3480 804 3540 ὅτι
818 3486 866 3551 τῆς

23 3592 56 3634 αα
88 3566 174 3645 βίαςό
191 3567 271 3642 δῆμος
286 3564 363 3645 ἀρχει
375 3564 452 3642 λόγον
465 3567 514 3623 οίικ
529 3563 607 3632 ἀξιῶν
627 3563 783 3639 ὑπομένειν,
799 3568 862 3626 ιἰπε·

85 3658 212 3734 λογοῦντο
227 3656 251 3714 oi
267 3653 400 3735 θὴμαρχοι
414 3652 479 3733 πρὸς
495 3657 580 3712 ταῦτα
601 3652 656 3727 ότι,
670 3651 722 3725 ἡδη
742 3651 864 3731 πέμπτον

84 3744 142 3812 ἔτος
157 3745 210 3801 τῶν
225 3744 310 3802 αὐτῶν
324 3743 465 3809 ἀκούοντες
483 3741 582 3821 λόγων,
597 3741 670 3802 οὐθέν
684 3746 787 3801 ποιοῦσι
803 3748 865 3802 bau·

84 3833 208 3910 μαστόν,
225 3833 248 3891 τί
264 3830 302 3908 μὴ
319 3830 433 3900 ἀξιοῦσιν
448 3831 588 3906 ὑπομένειν
603 3830 699 3898 ἑώλους
718 3830 764 3889 καί
778 3837 863 3903 καθη-

84 3918 252 3999 μοιξευμένας
266 3918 426 3996 ἀντιλογίας.
449 3916 499 3986 Ὡς
512 3916 540 3978 di
554 3918 584 3979 τὸ
599 3918 689 3978 πλεῖον
702 3923 749 3991 τῆς
764 3920 865 4002 ἡμέρας

18 4034 53 4073 ιιι
84 4012 122 4076 εἰς
142 4014 227 4069 ταῦτα
244 4006 410 4080 ἐδαπανήθη,
434 4009 508 4066 καὶὸ
531 4007 614 4080 δῆμος
636 4006 734 4087 ἀπῄτει
749 4007 796 4076 τάς
810 4007 864 4091 dri·

932 878 944 901 ι
958 858 1025 923 equi
1038 875 1084 913 nec
1100 862 1162 928 iusti
1173 864 1205 916 de
1216 866 1287 930 plebe
1303 867 1452 932 sentiebant,
1464 869 1529 922 banc
1553 873 1712 926 occasionem

931 974 943 997 ι
957 953 1062 1008 tortasse
1084 964 1243 1024 arrepturus,
1268 965 1299 1013 ut
1321 964 1450 1016 civitatem
1475 968 1565 1018 iterum
1583 969 1715 1023 turbarent

932 1070 944 1093 ι
959 1055 986 1103 et
1005 1053 1107 1106 dissidia
1122 1057 1260 1120 perniciosa
1281 1064 1307 1111 in
1323 1074 1354 1111 ea
1370 1067 1489 1115 sererent.
1506 1085 1519 1109 ιι
1552 1067 1598 1117 ilis
1621 1068 1715 1130 dictis,
1745 1074 1747 1079 ’

927 1148 1054 1213 iussisque
1076 1150 1252 1206 incrastinum
1270 1154 1372 1220 edesse,
1401 1159 1445 1224 qui
1466 1158 1546 1225 legem
1568 1162 1714 1215 dissuadere

930 1246 1034 1309 vellent,
1054 1248 1199 1300 ‘concionem
1220 1249 1322 1302 dimisit.
1369 1255 1553 1317 accensuros,
1577 1261 1712 1309 conuocato

928 1340 997 1394 domi
1017 1345 1231 1410 mucillopatrum
1243 1360 1343 1410 eorum,
1362 1349 1406 1414 qui
1428 1349 1556 1403 tortissimi
1579 1357 1659 1413 eraut,
1680 1356 1710 1406 ct

930 1441 972 1506 qui
985 1445 1045 1494 tunc
1062 1443 1089 1495 in
1102 1444 1229 1509 republica
1240 1446 1349 1498 maxime
1364 1446 1498 1512 tiorebant,
1516 1463 1560 1501 eos
1571 1450 1714 1503 docuerunt

932 1559 944 1585 ιι
957 1540 1071 1593 omnibus
1082 1544 1163 1594 modis
1176 1544 1254 1610 legem
1275 1546 1460 1611 impediendam
1472 1563 1544 1611 csse,
1558 1550 1640 1601 uerbis
1658 1552 1714 1615 pri·

932 1652 1026 1691 amum
1042 1644 1077 1703 et,
1096 1642 1144 1692 nisi
1167 1647 1230 1694 rem‘
1242 1636 1308 1708 plebi
1330 1645 1479 1710 persuadere
1502 1650 1617 1710 possent,
1639 1648 1712 1701 tactio

931 1758 943 1782 ι
956 1737 1044 1800 etiam;
1055 1738 1232 1805 iusseruntque
1250 1756 1336 1794 omnes
1350 1756 1423 1794 mane
1433 1757 1490 1794 eum
1500 1744 1585 1794 amicis
1598 1748 1624 1796 et
1637 1744 1712 1798 clien-

932 1853 944 1879 ιι
957 1834 1038 1896 tibus,
1052 1850 1127 1900 quam
1137 1838 1250 1900 plurimis
1260 1840 1367 1905 quisque
1376 1843 1469 1905 posset,
1482 1840 1507 1891 in
1522 1840 1604 1891 torum
1615 1841 1708 1894 venire.

932 1954 945 1978 ιι
958 1935 1053 1986 Deinde
1065 1935 1127 1987 alios
1141 1940 1207 1988 circa
1219 1940 1302 2004 ipsum
1314 1940 1424 1992 tribunal
1438 1943 1464 1992 et
1478 1941 1606 1992 comitium
1615 1943 1712 1993 consis-

932 2050 944 2074 ι
961 2037 1011 2080 tere
1022 2035 1048 2081 ct
1059 2045 1086 2081 se
1109 2037 1270 2096 exspectare,
1286 2034 1349 2085 alios
1363 2035 1461 2086 diuersa
1479 2036 1526 2086 tori
1538 2036 1593 2088 loce
1610 2040 1711 2102 conglo-

932 2144 945 2169 ι
958 2125 1029 2176 batos
1046 2139 1179 2191 occupare,
1193 2133 1223 2179 ut
1233 2130 1304 2194 plebs
1325 2131 1398 2182 variis
1408 2133 1469 2184 locis
1482 2132 1595 2199 dispersa
1613 2136 1712 2187 interci-

932 2228 1096 2289 «permutet,
1113 2239 1145 2277 ne
1161 2226 1188 2276 ln
1200 2241 1277 2278 uuum
1288 2228 1379 2292 coiret,
1395 2229 1486 2282 abillis
1499 2232 1682 2296 prohiberetur.
1696 2256 1712 2281 ι

929 2323 982 2373 Hoc
992 2322 1121 2373 consitum
1137 2323 1221 2374 risum
1240 2327 1279 2375 est
1294 2326 1431 2390 optimum,
1453 2332 1530 2393 atque
1542 2334 1600 2381 ante
1616 2331 1709 2384 claram

928 2418 1012 2470 lucem
1029 2419 1105 2471 varim
1121 2420 1169 2472 lori
1188 2423 1272 2487 partes
1295 2423 1438 2487 aputriciis
1454 2429 1583 2489 occupatae
1598 2425 1712 2481 luerunt.

959 2694 1022 2745 XLI·
1049 2699 1140 2749 Pootea
1154 2696 1246 2749 tribuni
1265 2704 1341 2766 atque
1358 2701 1473 2754 consules
1487 2717 1518 2754 eo
1537 2709 1668 2767 venerunt,
1681 2708 1710 2758 et

925 2784 1053 2849 iusserunt
1069 2801 1114 2852 per
1123 2803 1261 2852 praeconem
1273 2805 1316 2842 eoa
1329 2794 1443 2858 prodire,
1457 2798 1500 2861 qui
1512 2796 1605 2848 vellent
1621 2801 1711 2850 contra

927 2876 1006 2939 legem
1019 2877 1110 2932 dloere.
1142 2883 1226 2939 Quum
1252 2887 1336 2935 autern
1355 2884 1428 2937 multi
1444 2899 1474 2936 ac
1494 2887 1567 2951 probi
1585 2888 1631 2939 viri
1646 2903 1710 2953 pro·
1802 2911 1807 2921 ·

926 2967 1045 3033 diissent,
1059 2985 1144 3023 eorum
1155 2975 1234 3025 oratio
1251 2989 1303 3040 praa
1323 2979 1434 3028 tumultu
1446 2983 1473 3030 et
1487 2981 1632 3033 contusione
1644 2996 1710 3033 con·

926 3061 1029 3113 elonisa
1041 3063 1110 3114 nullo
1118 3066 1232 3118 exaudiri
1246 3071 1354 3132 poterat.
1386 3073 1452 3121 Nam
1465 3084 1518 3134 eos,
1528 3074 1572 3137 qui
1583 3073 1707 3141 dicebant,

926 3156 968 3208 alii
989 3154 1196 3219 adhortabantur,
1211 3160 1356 3226 animosque
1379 3162 1428 3214 bbs
1450 3165 1585 3231 addebant3
1605 3167 1649 3219 alii
1662 3183 1706 3220 eos

926 3251 1103 3316 explodebant,
1116 3257 1143 3304 et
1155 3253 1302 3306 clamoribus
1316 3256 1348 3306 iis
1370 3257 1557 3323 obstrepebant.
1590 3261 1640 3312 Sed
1661 3275 1707 3312 nee

926 3346 996 3396 lavor
1008 3345 1191 3411 adjuvantium,
1205 3362 1253 3399 uec
1267 3349 1390 3400 tumuitus
1414 3351 1600 3404 adversantium
1616 3355 1705 3407 vince·

926 3437 978 3489 bat.
1011 3439 1076 3489 Τιιιιι
1093 3438 1238 3489 consulibus
1251 3438 1277 3489 id
1297 3440 1395 3505 indigne
1411 3441 1561 3506 terentibus,
1576 3447 1602 3494 et
1613 3446 1706 3496 testan-

924 3530 1002 3588 tibus,
1017 3529 1142 3580 rioleutira
1151 3530 1249 3580 initium
1260 3546 1275 3581 a
1287 3531 1357 3596 plebe
1377 3533 1444 3595 lieri,
1459 3534 1528 3599 quod
1545 3534 1637 3587 nullius
1648 3551 1706 3587 ora·

924 3621 1017 3672 tionem
1033 3621 1119 3672 audire
1135 3623 1223 3686 uellet,
1249 3622 1282 3672 ad
1294 3623 1349 3676 bac
1362 3625 1456 3677 tribuni
1473 3628 1655 3693 responderunt
1668 3642 1704 3692 se,

923 3727 1001 3779 quum
1011 3715 1063 3779 jam
1073 3715 1185 3779 quintum
1198 3730 1289 3768 annum
1299 3718 1385 3769 eadem
1405 3719 1481 3771 verba
1502 3720 1624 3781 audirent,
1641 3718 1705 3771 nibil

923 3808 1062 3860 mirandum
1081 3809 1171 3872 tacere,
1186 3809 1207 3859 ai
1222 3809 1348 3862 obsoletas
1361 3811 1417 3862 illas
1433 3815 1459 3863 et
1476 3813 1547 3863 tritas
1564 3812 1705 3862 altercatio·

921 3905 1145 3970 nesampliuspati
1165 3906 1267 3958 nollent.
1302 3910 1339 3959 lta
1361 3907 1436 3972 igitur
1448 3908 1498 3960 diei
1524 3909 1617 3959 maiore
1631 3912 1703 3973 parte

921 3998 946 4050 ln
962 3999 1018 4050 boee
1028 3999 1156 4062 absumta,
1175 4003 1201 4052 et
1214 4001 1285 4066 plebe
1297 4001 1406 4053 αιΙοιιΙοι
1425 4002 1578 4067 postulante,
1595 4001 1700 4063 iuvenes

83 4122 162 4172 οσυς,
184 4098 271 4157 οὐκέτι
295 4096 441 4176 ἀνασχετὸν
466 4096 633 4175 ἡγησάμενοι
652 4097 682 4155 τό
704 4106 817 4176 πρᾶγμα
840 4099 864 4157 οί
920 4094 1025 4158 patricii,
1052 4108 1104 4146 ‘0¹¹¹
1124 4108 1174 4144 ¹¹⁰⁰
1194 4094 1302 4159 811Ψέίῑῑθ
1315 4094 1440 4147 ίθῐθῠθθω
1463 4096 1525 4155 Πῑίι
1545 4094 1655 4160 P¹⁰b⁰3⁰⁸
1677 4095 1703 4146 5¹¹

82 4164 210 4248 θεόντατοι
223 4189 277 4246 τῶν
298 4186 460 4266 πατρικίων,
481 4185 631 4245 διίστασθαί
653 4208 681 4244 τε
697 4185 864 4265 βουλομένοις
919 4202 977 4239 suas
990 4187 1071 4239 tribus
1081 4189 1196 4241 accedere
1207 4193 1321 4254 parantes
1327 4189 1505 4254 impellebant,
1517 4193 1544 4241 et
1558 4204 1632 4241 umas
1645 4204 1703 4241 cum

81 4276 155 4337 κατθι
175 4273 257 4356 ρυλάς
271 4281 326 4343 τοῖς
336 4272 480 4351 δημόταις,
504 4274 627 4353 ἐμποδὼν
642 4273 757 4353 ἐγίνοντο
771 4276 817 4334 καί
830 4274 864 4335 τά
920 4280 1021 4331 calculis
1043 4280 1215 4332 dirlbitoribus
1244 4281 1396 4347 eripiebant,
1424 4286 1452 4334 et
1478 4282 1605 4334 ministros
1623 4282 1656 4332 ad
1675 4280 1701 4332 id

81 4369 180 4446 ἀγγεῖα
199 4368 252 4423 τῶν
266 4364 361 4447 ψὴρων
379 4363 440 4432 τοὺς
454 4364 563 4444 ἔχοντας
580 4368 738 4444 ἀφῃροῦντο,
751 4364 797 4424 καί
811 4368 864 4424 τῶν
920 4374 1078 4434 constitutos,
1094 4376 1116 4425 si
1129 4375 1173 4439 qui
1186 4374 1303 4426 nolebant
1316 4375 1384 4427 abbe
1416 4376 1570 4428 ceadendoet
1583 4371 1703 4440 pulsando

15 4486 49 4525 45,
80 4452 284 4535 ὑπηρετούντων
307 4452 368 4524 τοίις
390 4454 427 4532 μὴ
453 4455 627 4535 βουλομένους
652 4460 736 4515 ταῦτα
760 4454 865 4536 ἀφιέναι
919 4462 1083 4528 expellebant.
1117 4463 1234 4516 'tribunis
1253 4478 1313 4515 vero
1332 4465 1543 4527 vociferantibus,
1564 4467 1591 4516 et
1608 4464 1701 4515 inme·

79 4543 224 4613 τύπτοντές
240 4568 269 4604 τε
284 4544 329 4603 καί
342 4546 469 4611 decenn<
492 4542 644 4612 έέέόαλλυν.
687 4542 864 4625 Κεκραγότων
918 4552 986 4603 diam
1000 4566 1086 4604 eorum
1097 4554 1236 4604 mrbumse
1252 4554 1454 4620 conitcientibus,
1473 4555 1534 4619 ipsia
1551 4553 1651 4619 quidem
1660 4568 1702 4607 ce·

80 4632 112 4693 δέ
123 4635 177 4693 τῶν
192 4633 351 4714 δημάρχων,
370 4633 416 4691 καί
431 4634 468 4699 είς
482 4631 577 4709 μέσους
593 4629 686 4699 «θεοὺς
695 4631 863 4709 ὠθουμένων,
919 4641 1012 4693 debent
1022 4678 1028 4703 ,
1039 4654 1131 4706 eosque
1149 4643 1222 4703 tuto,
1243 4656 1401 4707 quaeumque
1414 4656 1442 4694 sc
1455 4643 1605 4702 intulissent,
1618 4645 1701 4696 trans·

80 4721 192 4792 ἰκτίνοις
208 4724 255 4799 μίν
269 4722 421 4803 ὑπεχώρουν
435 4722 481 4781 καὶ
496 4731 640 4800 παρεῖχον,
656 4719 716 4780 ὅποι
730 4719 865 4799 βούλοιντο
920 4731 955 4783 ίιο
973 4732 1086 4783 sinebant
1106 4750 1113 4782 ι
1137 4734 1163 4782 at
1177 4731 1297 4796 reliquam
1322 4732 1436 4792 turbam,
1453 4746 1509 4796 quta
1532 4731 1621 4795 partim
1645 4731 1698 4783 ittcs

78 4815 181 4892 χωρεῖν
198 4813 299 4891 ἀδεῶς,
315 4817 361 4872 τοῦ
380 4809 408 4871 δέ
433 4809 514 4869 ἄλλοι
533 4808 619 4885 δὴμου
642 4806 702 4875 τοὺς
725 4807 866 4887 tropitae<
919 4822 1078 4885 sequebatur,
1093 4820 1445 4886 pertimetiamincompcsito
1456 4820 1566 4871 tumultu
1580 4821 1700 4873 concitatu

16 4930 49 4969 ιιι
80 4899 245 4983 αὔτοῐς[καί
261 4901 368 4960 τὸκατ’
386 4898 455 4957 ἀλλα
473 4897 519 4956 καί
539 4898 608 4956 ἀλλα
623 4894 693 4977 μέρη
705 4899 753 4967 rii<
768 4902 865 4976 ἀγορᾶς
919 4909 943 4959 in
964 4909 1031 4974 ipsos
1042 4923 1087 4975 per
1105 4909 1187 4960 uarias
1205 4909 1252 4959 tori
1267 4912 1351 4974 partes
1371 4909 1505 4970 terebatur,
1521 4924 1569 4960 nnn
1584 4908 1701 4960 admitte·

80 4990 137 5051 ted
156 4989 266 5072 θορόόου
281 4988 327 5048 καί
351 4986 458 5055 ἀταξίας
472 4984 624 5062 κινούμενον
645 4987 687 5044 ἀπ’
703 4984 814 5065 αὐτοὺς]
833 4988 862 5045 οὗ
919 4996 994 5057 Ιιιιιί;
1008 4997 1042 5047 ita
1061 5000 1090 5049 ut
1108 4998 1262 5049 tribunorum
1275 4997 1393 5048 auxidam
1411 4998 1477 5062 plebi
1489 4998 1549 5049 nibil
1563 4998 1700 5063 prodesset.

81 5078 238 5161 παρίεσαν,
253 5077 317 5137 ὥστ’
333 5074 468 5156 ἀνωρελὴς
482 5065 515 5147 ἡν
531 5076 588 5153 [τῷ
604 5072 698 5154 δὴμῳ]
719 5077 803 5146 ἡτῶν
818 5078 866 5152 ἀρ-
919 5083 1028 5135 'landem
1056 5085 1133 5150 igitur
1152 5085 1267 5136 uicerunt
1287 5085 1402 5148 patricii,
1428 5099 1474 5136 nec
1499 5086 1580 5151 legem
1597 5086 1701 5151 perferri

80 5169 188 5249 γόνασιν
205 5166 323 5243 βοὴθεια.
366 5163 490 5231 Τέλοςδά
507 5156 552 5223 οὖν
568 5163 752 5243 ἀπεκράτησαν
768 5166 793 5222 οἱ
806 5186 864 5223 πα-
920 5173 1066 5239 passiaunt.
1098 5173 1147 5232 Qui
1162 5187 1223 5225 vero
1242 5174 1392 5239 precipuum
1406 5187 1506 5239 operam
1519 5175 1544 5225 in
1560 5178 1702 5226 eaoontea·

80 5258 202 5342 τρίκιοι,
215 5256 261 5316 καί
274 5255 424 5316 ὠκιίασαν
439 5255 633 5335 ἐπικυρωθῆναι
648 5251 692 5312 τθν
705 5251 796 5331 νόμον.
831 5255 868 5316 0t
920 5262 988 5314 tione
1011 5262 1156 5314 consulibus
1182 5262 1299 5315 alacriter
1317 5262 1656 5325 navasseenistimabantur,
1671 5273 1702 5313 ex
