4048 5924
278 428 343 517 lsi,
801 421 969 484 DlONYSll
991 422 1370 488 HALlCARNASSENSlS

280 540 362 621 ίίτῶν
383 582 429 619 και
452 560 556 632 πόλεις,
573 557 603 624 ἃς
627 554 677 616 ῦπδ
698 555 844 631 Ῥωμαίων
871 555 1057 638 ἀφῃρέθησαν-

281 674 297 705 α
314 650 398 714 ἄλλως
411 648 437 706 δὲ
451 645 505 706 οὐτ’
522 646 628 726 είρήνην
640 644 699 705 οὐτε
710 645 839 727 φιλότητα
853 645 963 725 βεθαίαν
977 647 1058 728 ὐπάρ·

283 738 362 804 ιιξειν
385 740 480 802 αὐτοῖς.
530 736 570 797 Τί)
593 735 644 814 γίιρ
668 735 838 810 ἀδικούμενον
866 733 907 793 ἀεὶ
931 734 1056 812 πολέμιον

223 875 227 887 .
283 847 297 884 ιι
313 815 379 883 ε’ίναι
392 828 430 901 τῷ
445 827 645 901 πλημμελοῦντι
655 822 740 903 φύσει.
754 822 858 893 Ἠξίουν
870 845 900 882 τε
914 823 953 901 μὴ
966 846 1059 882 κατα-

282 918 410 983 (ιστῆσαι
434 923 500 994 σφᾶς
529 914 564 977 είς
590 911 706 990 ἀνάγκην
729 911 846 989 πολέμου
873 915 925 971 τῶν
952 912 1059 971 δικαίων

225 1008 227 1015 ’
282 1024 298 1059 ιι
314 1002 583 1083 ἀποτυγχάνοντας.»

318 1094 356 1153 Χ.
381 1092 427 1159 Ὡς
441 1090 469 1149 δί
481 1095 567 1150 ταῦτα
591 1081 665 1150 ι’ίπον
678 1088 708 1169 ἰοί
724 1087 861 1172 πρίσθεις,
891 1089 1060 1150 ἐόουλεύοντο

279 1179 348 1239 κατὰ
362 1186 430 1259 σφᾶς
448 1180 472 1237 σί
487 1177 604 1260 σύνεδροι
627 1179 859 1257 μεταστησάμενοι
879 1178 939 1246 τοὺς
953 1181 1057 1259 ἄνδρας.

282 1268 334 1328 Ιίαί
349 1266 441 1339 ἐπειδὴ
460 1267 563 1347 ἐκριναν
582 1267 613 1334 ἀς
635 1266 687 1347 χρὴ
706 1267 858 1349 ἀποκρίσεις
879 1267 1058 1346 ποιήσασθαι,

278 1355 435 1423 καλέσαντες
453 1354 547 1423 αὐτούς
568 1355 648 1413 πάλιν
667 1356 710 1413 ἐπί
726 1354 770 1414 τὸν
793 1355 938 1435 σύλλογον,
959 1355 1058 1427 ταύτην

278 1443 372 1503 ἔδοσαν
384 1443 432 1517 τὴν
448 1443 595 1521 ἀπόφασιν·
609 1470 622 1495 «
635 1445 676 1504 Οὐ
688 1441 823 1502 λανθάνεθ
838 1447 909 1519 ἡμᾶς
921 1493 929 1521 ‚
943 1430 966 1499 ίθ
985 1445 1057 1505 Οὐο-

283 1535 434 1611 ιιλοῦσκοι,
458 1531 544 1612 φιλίας
564 1530 611 1609 μὲν
627 1531 701 1592 οὐδὲν
727 1531 860 1608 δεόμενοι,
882 1531 1015 1614 πρόφασιν
1030 1531 1058 1592 δὲ

281 1646 296 1676 ιι
312 1625 431 1702 εὐπρεπῆ
446 1620 538 1679 λαθεῖν
554 1619 708 1700 βουλόμενοι
729 1625 774 1678 τοῦ
789 1619 919 1692 πολέμου.
957 1616 993 1679 Ἃ
1007 1621 1058 1701 γὰρ

280 1709 389 1781 «ἥκετε
411 1709 474 1789 παρ’
493 1712 569 1785 ἡμῶν
586 1711 776 1785 ἀπαιτοῦντες,
801 1710 889 1776 καλῶς
914 1711 1056 1769 ἐπίστασθε

281 1822 296 1852 ιι
313 1798 437 1859 οὐδέποτε
458 1797 617 1879 ληψόμενοι·
638 1797 750 1877 χρῄζετε
768 1795 820 1879 γάρ
845 1795 943 1857 ἀδίκων
968 1798 1059 1858 τεκαὶ

282 1910 297 1946 ιι
313 1886 457 1949 ἀδυνάτων.
471 1888 507 1947 Et
517 1884 563 1962 μίν
579 1876 623 1944 οὐν
638 1888 725 1951 δόντες
738 1888 801 1962 ἡμῖν
811 1883 845 1944 τότ
855 1883 952 1965 χωρία,
967 1884 1058 1945 ἔπειτα

281 1998 296 2030 α
314 1973 457 2050 μεταδόξαν
472 1974 534 2051 ύμῖν
548 1977 593 2030 νῦν
609 1973 760 2045 ἀπαιτεῖτε,
775 1973 906 2030 ἀδικεῖσθε
921 1970 959 2048 μὴ
980 1995 1059 2051 κομι·

284 2087 298 2121 ιι
312 2065 429 2143 ζόμενοι·
442 2069 489 2123 νῦν
505 2062 532 2121 δὲ
549 2062 658 2143 πολέμῳ
671 2061 853 2142 ἀφαιρεθέντες
868 2060 955 2120 οὐκέτι
971 2065 1057 2121 αὐτῶν

283 2155 385 2221 (εόντες
414 2151 498 2234 κύριοι
528 2153 642 2211 ἀδικεῖτε
664 2154 716 2208 τῶν
744 2150 889 2228 ἀλλοτρίων
916 2149 1056 2231 ἐφιέμενοι.

285 2266 299 2301 ιι
314 2241 408 2319 Ἡμεῖς
421 2241 450 2300 δὲ
470 2239 613 2320 κρατίστας
632 2237 768 2317 ἡγούμεθα
784 2238 903 2310 κτήσεις,
917 2238 948 2304 ἃς
961 2238 993 2296 ἂν
1004 2262 1057 2298 πο-

284 2352 298 2386 ιι
313 2326 387 2407 λέμῳ
408 2326 589 2405 κρατήσαντες
608 2324 749 2399 λάθωμεν·
773 2322 831 2379 οὐτε
855 2324 956 2399 πρῶτοι
974 2342 1057 2377 κατα-

283 2414 473 2492 ιιστησάμενοι
499 2413 578 2489 νόμον
608 2413 697 2484 τόνδε,
718 2409 777 2470 οὐτε
807 2408 883 2468 αὐτόν
911 2407 1055 2487 ἀνθρώπων

283 2502 452 2582 ιιὴγούμενοι
467 2493 534 2562 εἶναι
547 2501 648 2579 μᾶλλόν
661 2525 690 2561 τε
705 2498 793 2579 ἢούχί
808 2501 888 2557 θεῶν·
900 2495 1018 2562 ἅπαντάς
1026 2518 1054 2554 τε

282 2590 486 2665 ικαιἝλληνας
498 2591 543 2652 καί
556 2590 702 2671 βαρόάρους
712 2587 806 2654 εἰδότες
817 2587 888 2664 αὐτῷ
895 2585 1057 2665 χρωμένους,

284 2706 298 2741 ιι
314 2686 362 2743 οὐκ
374 2683 406 2740 ἀν
420 2681 556 2757 ἐνδοίημεν
570 2685 630 2756 ὑμῖν
643 2679 762 2757 μαλακόν
772 2676 856 2747 οὐδὲν,
875 2676 932 2732 οὐδ’
945 2672 975 2732 ἀν
991 2675 1057 2731 ἀπο-

285 2793 299 2827 ιι
314 2769 442 2845 σταίημιν
457 2770 496 2827 έτι
516 2771 568 2827 τῶν
586 2768 762 2846 δορυκτήτων.
780 2762 872 2835 Πολλὴ
900 2762 951 2844 γὰρ
966 2766 996 2821 ἀν
1015 2760 1057 2834 είη

284 2880 299 2916 ιι
316 2856 440 2929 κακότης,
450 2855 519 2924 εἴτις
530 2857 546 2916 ἃ
557 2860 615 2932 μετ’
626 2861 719 2937 ἀρετῆς
727 2855 772 2914 καί
788 2853 907 2935 ἀνδρείας
915 2850 1055 2924 ἐκτήσατο,

285 2969 300 3005 ιι
315 2950 398 3004 ταῦτα
417 2945 468 3003 ὐπὸ
484 2945 585 3024 μωρίας
598 2956 631 3004 τε
646 2945 691 3004 καὶ
706 2943 804 3011 δειλίας
823 2940 981 3025 ἀφαιρεθείν.
1000 2941 1053 2999 Πο-

219 3024 222 3031 λ
286 3056 299 3092 ιι
313 3034 401 3110 λεμεῖν
414 3057 442 3093 τε
456 3031 515 3092 οὐτε
528 3033 565 3110 μί,
582 3032 753 3112 βουλομένους
774 3032 840 3109 ope<
858 3032 1053 3110 ἀναγκάζομεν,

285 3147 300 3183 ιι
317 3121 376 3182 οὐτε
386 3121 617 3202 προθυμουμένους
630 3122 838 3200 παραιτούμεθα,
849 3120 881 3180 διν
893 3122 916 3179 δ’
931 3118 1053 3200 ἄρξησθε,

285 3209 497 3289 «ἀμυνούμεθα.
540 3213 635 3271 Ταῦτα
667 3212 842 3279 Οὐολούσκοις
875 3207 1054 3285 ἀπαγγέλλετε
1081 3234 1084 3267 ι

286 3322 301 3359 ιι
315 3304 361 3359 καί
380 3299 487 3378 λέγετε,
513 3300 553 3360 ὅτι
574 3300 704 3382 λήψονται
725 3298 772 3378 μίν
788 3299 909 3379 πρότεροι
931 3296 966 3354 τά
984 3293 1054 3353 ὅπλα

285 3412 301 3450 α
317 3390 419 3463 ἐκεῖνοι,
438 3388 552 3464 θήσομεν
567 3391 590 3448 δ’
607 3395 682 3465 ἡμεῖς
698 3390 811 3463 ὐστεροι.
827 3411 842 3446 ιν

207 3508 213 3525 ·
317 3479 367 3541 lll.
393 3475 500 3540 Ταύτας
514 3475 537 3531 ol
549 3470 672 3552 πρέσόεις
686 3471 734 3538 τίς
753 3470 905 3550 ἀποκρίσεις
920 3470 1054 3549 λαθόντες,

226 3572 252 3609 ³⁵
279 3566 441 3644 ἀπήγγειλαν
460 3566 499 3622 τῶ
520 3562 615 3633 πλήθει
631 3563 682 3618 τῶν
703 3559 888 3619 Οὐολούσκων.
949 3561 1055 3643 Συναχ-

277 3657 363 3727 θείσης
386 3641 436 3714 οὐν
457 3656 529 3717 αυθις
555 3648 697 3722 ἐκκλησίας
731 3649 798 3724 μετὰ
820 3653 898 3708 τοῦτο
930 3655 1053 3729 κυροῦται

276 3743 364 3822 δόγμα
377 3740 463 3802 κοινόν
476 3744 521 3799 τοῦ
535 3739 621 3805 ἔθνους
635 3745 769 3817 προειπεῖν
785 3736 931 3815 Ῥωμαίοις
949 3736 993 3796 τδν
1004 3739 1053 3800 πό·

275 3833 366 3907 λεμον.
409 3828 515 3889 Ἔπειθ’
530 3829 664 3905 αἱροῦνται
681 3824 841 3904 στρατηγοὺς
860 3826 1053 3909 αὐτοκράτορας

275 3926 321 3979 τοῦ
336 3920 463 3997 πολέμου,
484 3917 589 3978 Τύλλον
606 3938 636 3975 τε
650 3915 694 3973 καί
719 3915 860 3994 Μάρκιον,
889 3916 1010 3993 δυνάμεις
1025 3944 1053 3980 τε

220 4035 247 4073 ιο
275 4009 430 4087 ψηφίζονται
445 4005 623 4086 καταγράφειν
651 4006 695 4062 καὶ
716 4004 844 4084 χρήματα
859 4006 986 4085 εἰσφέρειν
1007 4008 1053 4067 καί

275 4094 360 4152 τᾶλλα
373 4094 642 4174 παρασκευάσασθαι,
659 4090 727 4151 ὅσων
740 4091 927 4168 ὑπελάμθανον
949 4092 1051 4166 δεήσειν

275 4185 313 4262 τῷ
324 4181 441 4262 πολέμῳ.
459 4183 617 4256 Μελλούσης
631 4182 659 4241 δὲ
675 4179 828 4240 διαλύεσθαι
843 4185 889 4254 τῆς
909 4183 1052 4254 ἐκκλησίας

275 4271 389 4337 ἀναστάς
402 4275 416 4330 ὁ
433 4270 552 4351 Μάρκιος
563 4271 622 4355 ίφη·
635 4300 647 4326 ι
661 4270 693 4331 Ἃ
707 4268 754 4346 μὲν
767 4268 910 4351 ἐψήφισται
921 4271 952 4332 τό
967 4274 1051 4334 κοινὸν

277 4388 290 4415 u
307 4362 396 4437 ὑμῶν,
422 4359 478 4439 ἔχει
492 4361 592 4435 καλῶς,
613 4361 659 4421 καί
679 4360 791 4439 γινέσθω
809 4359 878 4420 κατίι
898 4360 942 4421 τδν
957 4367 1051 4424 οἰκεῖον

217 4472 243 4511 ιο
276 4476 288 4501 ι
307 4450 407 4509 ἕκαστα
424 4448 523 4527 καιρόν.
564 4446 611 4509 Ἐν
625 4447 679 4528 δσιρ
693 4447 769 4506 δὲτὰ
784 4448 972 4529 στρατεύματα
987 4452 1051 4528 μέλ·

275 4564 289 4590 ιι
305 4540 364 4598 λιτε
379 4535 558 4616 καταγράφειν
580 4536 626 4597 καί
640 4537 716 4596 τᾶλλ’
732 4537 891 4616 εὐτρεπίζειν
906 4538 998 4605 ἕξοντά
1014 4563 1051 4598 τι·

275 4652 288 4677 ν
305 4650 351 4695 νας
366 4626 457 4706 ὥσπερ
471 4623 539 4692 είκδς
554 4624 680 4706 ἀσχολίας
696 4624 742 4683 καί
756 4623 910 4702 διατριθάς,
934 4625 986 4704 ἐγὼ
1005 4626 1051 4686 καί

274 4742 287 4767 «ι
304 4713 407 4783 Τύλλος
425 4715 502 4794 ἔργου
518 4713 644 4794 ἐχόμεθα.
687 4709 782 4779 Ὅσοις
798 4705 843 4773 οὐν
862 4717 936 4789 ὐμῶν
954 4715 1048 4793 βουλο-

273 4828 286 4855 ιι
304 4803 390 4881 μίνοις
419 4805 476 4862 ἐστὶ
497 4807 675 4882 προνομεῦσαι
699 4800 747 4873 τὴν
773 4807 825 4862 τῶν
845 4801 979 4878 πολεμίων
1004 4804 1050 4863 καί

230 4908 257 4948 su
273 4916 286 4943 ι
303 4891 402 4962 πολλὴν
424 4891 602 4965 ἀπονίμεσθαι
625 4890 714 4961 λείαν,
739 4888 780 4950 ίτε
805 4891 852 4950 οὐν
869 4894 945 4968 ἡμῖν.
962 4892 1049 4953 Ὺπο·

272 4981 413 5060 «δέχομαι
430 4982 546 5058 δ’ὐμῐν,
566 4982 611 5042 ἐάν
635 4981 691 5048 θεδς
715 4979 855 5059 συλλάθη,
875 4979 976 5048 πολλθς
1002 4983 1049 5042 καί

272 5092 285 5118 ι
305 5070 391 5135 καλδις
411 5070 503 5130 δώσειν
525 5069 663 5150 ὠφελείας.
705 5066 767 5128 'Est
792 5068 842 5145 γὰρ
866 5070 1049 5148 ἀπαράσκευοί

269 5181 283 5233 .“
304 5157 354 5213 εἰσι
371 5152 500 5233 Ῥωμαῖοι
517 5159 628 5234 δύναμιν
643 5155 718 5217 ούπω
732 5165 923 5226 συνεστηκυῖαν
939 5162 1047 5240 δρῶντες

268 5272 282 5299 τι
301 5243 442 5323 ὑμετέραν.
483 5243 566 5315 'ssus'
582 5248 663 5317 ἀδεῶς
676 5248 741 5328 ἡμῖν
755 5242 864 5326 ὑπάρξει
877 5252 966 5306 πᾶσαν
981 5247 1045 5321 δσην
1075 5282 1077 5285 v

1115 586 1127 610 ι
1142 565 1199 630 pldu
1218 580 1233 616 a
1255 569 1371 619 ltomauis
1393 572 1478 635 erepta
1494 570 1633 635 reciperent
1651 585 1658 615 ι
1683 571 1754 622 aliter
1772 582 1829 620 uero
1843 584 1883 621 nec

1114 676 1127 700 ι
1142 669 1242 719 pacem,
1253 670 1299 708 neo
1311 658 1446 709 amicitiam
1456 673 1513 710 cum
1524 660 1585 725 ipsis
1596 661 1691 712 firmam
1703 660 1765 710 iore.
1798 662 1883 711 Natum

1114 763 1126 787 ι
1138 744 1203 793 enim
1215 744 1248 795 ita
1259 751 1428 811 comparatum
1440 761 1508 809 essa,
1523 751 1552 799 ut
1562 750 1591 807 ei,
1604 750 1647 812 qui
1661 749 1776 800 iniuriam
1789 751 1881 814 petitur,

1114 853 1127 875 «
1141 832 1258 883 iniuriam
1274 834 1365 886 iaciens
1380 837 1413 886 sit
1425 849 1522 901 semper
1538 835 1634 887 hostis:
1649 838 1816 903 rogabantque
1829 853 1881 901 eos,

1114 942 1127 966 «ι
1140 934 1172 972 ne
1185 922 1231 973 sibi
1242 921 1300 972 belli
1312 925 1484 975 necessitatem
1501 925 1656 990 imponerent
1671 940 1756 977 rerum
1769 927 1882 979 iustrmm

1116 1030 1128 1053 ι
1140 1010 1265 1075 repulsam
1284 1011 1427 1063 serentibus.
1444 1034 1457 1057 κ

1145 1100 1174 1147 ll.
1190 1100 1253 1148 Cum
1265 1098 1339 1163 legati
1353 1100 1407 1148 bruc
1420 1099 1550 1162 dixissent,
1564 1103 1655 1166 patres,
1671 1102 1720 1153 illis
1732 1116 1746 1152 e
1760 1101 1885 1153 curiosul-

1114 1185 1204 1247 motis‚
1219 1187 1282 1236 iuter
1292 1200 1318 1237 se
1327 1186 1509 1238 consultaruut.
1526 1192 1616 1241 Postea
1633 1205 1703 1253 cum,
1719 1192 1779 1255 quid
1792 1205 1886 1257 respon·

1113 1274 1314 1337 dendumesset‚
1330 1273 1511 1337 decrevissent,
1531 1276 1581 1327 illis
1591 1276 1617 1327 iu
1635 1282 1749 1329 senatum
1767 1280 1885 1330 reuocatis

1113 1359 1160 1410 hoc
1182 1359 1304 1411 dederunt
1327 1374 1473 1425 responsum
1492 1381 1499 1413 ι
1516 1383 1529 1408 ι
1551 1366 1607 1414 Νοιι
1631 1364 1693 1416 lutet
1713 1380 1774 1427 nos,
1794 1368 1887 1421 Volsci.

1115 1470 1126 1491 ι
1141 1447 1275 1498 arnicitiam
1294 1449 1394 1512 quidem
1413 1463 1428 1500 a
1446 1451 1516 1502 robis
1536 1466 1585 1502 non
1602 1453 1672 1517 peti,
1694 1453 1739 1504 sed
1758 1455 1888 1518 speciosam

1113 1558 1125 1576 ε
1139 1535 1196 1586 belli
1217 1536 1371 1588 occasionem
1390 1539 1476 1601 quaeri.
1511 1542 1572 1590 Nam
1585 1554 1643 1604 quae
1663 1543 1764 1592 anobis
1782 1547 1889 1606 petentes

1114 1643 1126 1666 ι
1144 1623 1193 1672 Ιιυι.
1207 1623 1321 1684 venistis,
1332 1625 1409 1689 probe
1427 1626 1496 1677 scitis
1509 1641 1554 1677 vos
1566 1640 1692 1691 nunquam
1705 1630 1887 1693 impetraturos.

1115 1734 1126 1756 ι
1143 1711 1277 1764 Postulatis
1289 1713 1355 1763 enim
1374 1714 1458 1778 iniqua
1473 1719 1499 1766 et
1512 1730 1569 1780 quse
1584 1716 1638 1767 lieri
1650 1731 1699 1767 uon
1720 1724 1837 1782 possunt.
1867 1721 1888 1768 Si

1114 1823 1127 1846 ι
1144 1801 1210 1851 enim
1228 1800 1298 1851 nobis
1313 1803 1403 1867 oppidu
1415 1803 1561 1866 dedissetis,
1574 1808 1660 1869 postea
1678 1805 1824 1870 poenitentis
1835 1809 1890 1859 muli

1115 1908 1127 1931 ι
1143 1902 1174 1938 eu
1187 1887 1345 1951 repeteretis,
1362 1892 1429 1940 oerte
1441 1890 1530 1942 iniuria
1547 1892 1705 1954 retruderet,
1721 1893 1769 1945 nisi
1786 1909 1820 1946 ea
1831 1896 1888 1946 reci·

1114 1996 1127 2019 «ι
1139 1975 1240 2039 petetis.
1252 1978 1324 2025 Nunc
1338 1990 1397 2026 vero
1409 1978 1462 2029 iure
1476 1978 1534 2030 belli
1546 1981 1576 2030 iis
1592 1981 1710 2044 spoliati,
1725 1995 1783 2032 cum
1798 1984 1889 2034 nullon

1113 2080 1126 2103 ι
1141 2060 1248 2124 uruplius
1268 2060 1293 2109 in
1304 2074 1335 2111 ea
1355 2061 1492 2113 dominium
1515 2063 1643 2126 habeatis,
1661 2066 1777 2118 iniuriam
1794 2069 1888 2129 facitis,

1113 2168 1126 2193 ι
1139 2149 1183 2212 qui
1198 2160 1238 2197 res
1253 2147 1346 2199 aliems
1358 2150 1488 2214 appetatis.
1523 2154 1573 2202 Nos
1587 2152 1654 2204 enim
1671 2154 1821 2209 iustissimas
1831 2172 1888 2222 pos·

1113 2256 1126 2279 a
1143 2234 1265 2286 sessiones
1287 2236 1402 2287 ducimus
1422 2251 1484 2301 quas
1513 2240 1589 2290 armis
1615 2241 1722 2293 victores
1748 2245 1887 2308 quissimus,

1114 2346 1126 2367 ι
1140 2335 1220 2387 neque
1234 2321 1307 2385 primi
1318 2336 1374 2373 eam
1387 2325 1466 2388 legem
1480 2326 1674 2390 constituentes,
1689 2343 1736 2381 uec
1744 2345 1800 2383 eum
1814 2332 1887 2383 bomi-

1113 2434 1126 2459 ι
1141 2425 1201 2463 num
1221 2410 1314 2476 potius,
1338 2426 1414 2475 quam
1433 2413 1537 2465 deorum
1559 2416 1742 2481 existimantem
1767 2423 1812 2473 sed
1834 2438 1888 2474 cunr

1114 2522 1125 2545 ο
1140 2512 1226 2551 omnes
1239 2503 1291 2549 tam
1306 2502 1407 2550 Grseoos
1420 2515 1496 2566 quam
1512 2503 1632 2556 barbaros
1651 2506 1698 2559 bno
1711 2510 1749 2560 uti
1768 2511 1888 2576 sciamus,

1112 2612 1125 2634 n
1140 2587 1200 2638 nituit
1210 2587 1319 2639 molliter
1328 2589 1400 2640 robis
1413 2591 1583 2655 remittemus,
1597 2608 1643 2645 nec
1652 2598 1728 2647 rebus
1741 2598 1809 2650 bello
1824 2616 1888 2665 qna·

1113 2709 1125 2732 ε
1140 2687 1194 2739 sitis
1209 2687 1334 2739 cedemus.
1361 2691 1449 2753 Magna
1463 2689 1529 2741 enim
1540 2696 1606 2742 esset
1618 2692 1730 2757 ignavia,
1748 2697 1840 2762 siquis
1853 2713 1890 2750 res

1113 2800 1125 2823 «ι
1141 2778 1233 2829 virtute
1246 2781 1273 2829 et
1286 2778 1430 2830 fortitudine
1445 2784 1547 2843 partas,
1560 2787 1709 2847 permotum
1723 2789 1747 2836 et
1761 2787 1889 2838 stultitiam

1112 2856 1125 2913 ἰ
1139 2866 1273 2918 amitteret.
1307 2868 1404 2918 Nullam
1424 2873 1509 2919 autem
1529 2869 1636 2921 bellandi
1651 2871 1721 2923 robis
1741 2873 1828 2925 invitis
1848 2890 1890 2927 ne·

1113 2955 1281 3005 «cessitatem
1304 2954 1468 3019 imponimus,
1491 2970 1537 3006 nec
1555 2957 1577 3008 si
1589 2961 1617 3007 ιἰι
1636 2958 1665 3008 id
1689 2963 1803 3026 propensi
1818 2963 1889 3021 estis,

1112 3064 1124 3085 ο
1139 3041 1300 3106 deprecamur
1315 3041 1377 3091 :sed
1392 3042 1413 3092 si
1427 3042 1521 3108 priores
1532 3043 1624 3094 bellum
1634 3044 1783 3109 intuleritis,
1797 3050 1890 3100 illatum

1114 3155 1124 3178 a
1142 3134 1348 3199 propulsabimus.
1382 3134 1441 3182 llaec
1453 3131 1549 3183 volscis
1561 3134 1709 3195 renuntiate,
1723 3139 1749 3188 et
1760 3137 1847 3199 dicite,
1862 3138 1891 3188 il·

1112 3242 1125 3264 a
1138 3221 1175 3270 los
1190 3220 1283 3284 priores
1293 3233 1361 3269 arma
1373 3221 1517 3283 sumpturos
1527 3258 1533 3282 ,
1545 3221 1593 3271 bos
1605 3235 1666 3273 uero
1679 3224 1830 3287 posteriores
1844 3227 1889 3278 de-

1113 3328 1125 3351 ιι
1138 3307 1270 3371 posituros.
1291 3326 1304 3349 ¹⁰

1143 3481 1185 3530 lll.
1203 3479 1287 3544 Legati
1302 3478 1357 3531 lroec
1369 3492 1488 3544 responsu
1499 3485 1600 3547 accepta
1612 3483 1646 3534 ad
1661 3486 1806 3538 volscorum
1821 3503 1891 3542 rem-
1995 3540 1996 3543 ,

1110 3560 1234 3630 publicum
1248 3563 1393 3615 retulerunt.
1429 3568 1524 3618 ltursus
1539 3567 1613 3632 igitur
1624 3574 1760 3623 conuocato
1777 3576 1891 3637 concilio,
1995 3580 1996 3583 ’

1110 3657 1196 3717 postea
1209 3651 1241 3702 de
1252 3647 1375 3700 communi
1387 3648 1467 3712 gentis
1476 3651 1598 3702 sententia
1610 3652 1741 3706 decretum
1750 3660 1789 3707 est
1802 3660 1893 3724 populo

1109 3739 1219 3786 Romano
1234 3732 1326 3784 bellum
1346 3730 1464 3783 indicere.
1498 3733 1592 3785 Deinde
1607 3735 1708 3788 'lullum
1726 3742 1752 3790 ct
1768 3742 1890 3794 Marcium

1109 3822 1185 3871 duces
1196 3817 1337 3883 elegerunt,
1350 3813 1382 3862 ud
1400 3828 1463 3879 quos
1479 3815 1558 3866 totius
1576 3816 1634 3868 belli
1653 3832 1776 3872 summam
1796 3824 1894 3878 detule-

1108 3910 1181 3968 runt3
1199 3911 1225 3956 ct
1241 3906 1418 3964 decreuerunt,
1433 3907 1463 3954 ut
1475 3903 1553 3968 sopite
1568 3903 1791 3968 conscriberentur,
1814 3913 1841 3959 et
1854 3923 1894 3974 pe·

1107 3991 1187 4042 cunire
1197 3990 1379 4051 conferrentur,
1390 3991 1417 4040 et
1428 4002 1468 4039 res
1487 3992 1576 4039 cetere
1594 3991 1749 4051 pararentur,
1765 4005 1893 4055 quascun-

1106 4090 1155 4142 que
1169 4075 1201 4126 ad
1212 4089 1274 4126 usus
1284 4075 1385 4126 bellicos
1399 4073 1548 4125 necessarius
1561 4073 1613 4124 lore
1629 4073 1818 4132 existimabant.
1832 4081 1893 4131 cum

1107 4160 1251 4212 antemium
1263 4160 1424 4212 dimittendus
1437 4163 1505 4210 esset
1519 4162 1663 4219 conventus,
1676 4173 1813 4226 assurgens
1827 4168 1893 4217 Mar·

1104 4246 1158 4296 cius
1181 4246 1216 4297 sic
1233 4246 1332 4299 locutus
1355 4249 1415 4298 est=
1434 4265 1447 4288 ν
1464 4247 1527 4302 Qum
1540 4242 1567 4292 iu
1588 4243 1637 4293 isto
1657 4244 1763 4296 concilio
1782 4254 1893 4301 avam

1106 4350 1118 4374 ι
1135 4332 1259 4397 republica
1277 4333 1378 4384 decreta
1396 4329 1540 4393 sunt,bene
1555 4341 1583 4379 se
1596 4327 1703 4391 babent,
1717 4335 1744 4382 et
1763 4349 1891 4400 suoqure·

1106 4440 1119 4464 ι
1135 4419 1379 4485 quodanttempore.
1411 4417 1459 4471 Sed
1476 4417 1592 4479 interim,
1607 4416 1811 4471 dum'exercitus
1822 4436 1894 4473 oons-

1106 4523 1118 4547 ι
1135 4503 1275 4565 cribentur,
1296 4509 1323 4557 et
1345 4505 1394 4556 ulla
1415 4503 1584 4569 parabuntur,
1606 4516 1664 4566 quas
1686 4506 1733 4567 (ut
1756 4507 1894 4558 verisimile

1105 4605 1119 4629 o
1133 4587 1187 4648 est)
1199 4587 1252 4637 sine
1269 4588 1352 4652 aliquo
1365 4588 1464 4654 negotio
1474 4591 1501 4639 et
1513 4599 1583 4637 mora
1596 4587 1678 4651 parari
1695 4602 1743 4639 non
1759 4594 1892 4654 poterunt.

1105 4683 1177 4735 «ego
1191 4673 1217 4722 et
1235 4672 1321 4723 Tullus
1343 4686 1395 4724 rem
1418 4670 1595 4737 aggrediemur.
1630 4671 1679 4729 Qui
1703 4671 1780 4736 igitur
1800 4690 1893 4740 agrum

1105 4775 1117 4800 «ι
1133 4753 1248 4805 hostilem
1263 4755 1423 4821 depopulari,
1446 4755 1606 4821 predamque
1627 4754 1750 4819 ingentem
1772 4757 1833 4809 inde
1854 4775 1893 4812 re·

1105 4860 1117 4884 ν
1134 4844 1232 4903 portum
1257 4842 1375 4907 cupiunt,
1399 4841 1529 4893 nobiscum
1546 4842 1654 4892 ueniant.
1680 4841 1802 4893 Polliceor
1825 4845 1893 4895 enim

1105 4946 1117 4970 ι
1132 4927 1203 4978 vobis
1216 4927 1281 4989 (deo
1302 4928 1417 4992 serente)
1430 4942 1471 4979 me
1483 4942 1597 4991 maguum
1613 4933 1639 4979 et
1656 4927 1764 4992 opimam
1776 4930 1893 4992 praedam

1105 5029 1116 5051 ι
1132 5009 1203 5060 robis
1216 5010 1352 5071 daturum3
1367 5011 1448 5062 adbuc
1471 5012 1537 5063 enim
1558 5013 1662 5063 Romani
1678 5016 1736 5063 sunt
1757 5011 1893 5077 imparati,

1105 5111 1117 5134 ι
1132 5092 1200 5155 quod
1220 5095 1301 5145 nullus
1315 5094 1376 5146 dum
1389 5098 1487 5146 nostras
1506 5097 1590 5160 copies
1605 5096 1631 5145 in
1651 5110 1729 5147 unum
1744 5100 1894 5149 contractas

1106 5196 1118 5220 τ
1134 5177 1226 5229 rident.
1263 5182 1348 5243 ltrque
1376 5193 1462 5230 eorum
1493 5181 1544 5245 agri
1566 5184 1688 5245 quantum
1715 5181 1892 5245 voluerimus,

1107 5275 1120 5300 ι
1136 5257 1189 5308 εἰπε
1205 5258 1256 5309 ullo
1274 5262 1343 5310 metu
1361 5272 1507 5323 percurrere
1521 5259 1612 5312 licebit.
1630 5280 1642 5305 ι
