4068 5924
270 427 329 486 {28

270 560 425 633 ἐπίκλησιν·
446 560 577 638 Ῥωμαῖοι
597 565 619 622 δ’
641 565 727 643 ὀλίγον
750 568 875 647 ἐνδοτέρω
896 568 939 627 τὸν
956 572 1044 644 ἀπιτη·

269 647 400 709 δειότατον
412 653 448 715 εἰς
461 650 665 724 στρατοπεδείαν
676 652 755 711 τόπον
771 653 946 731 ἐκλεξάμενοι.
968 657 1045 717 'Enni

269 737 296 796 δί
324 737 439 795 συνεῖδον
466 736 588 808 ἀλλήλων
615 739 757 819 ἀμφότεροι
778 741 824 808 τὰς
847 744 968 821 δυνάμεις
985 740 1062 806 οὔτε

268 824 363 896 πλήθει
379 826 535 900 λειπομένας
554 825 608 883 οὗθ’
624 829 763 903 ὁπλισμοῖς
777 831 889 898 εὐτελεῖς
905 832 964 891 οὔτε
987 842 1044 901 ταῖς

229 929 243 966 s
270 912 361 976 ἄλλαις
376 912 556 988 παρασκευαῖς
572 910 651 979 οὔσας
665 916 920 994 εὐκαταφρονήτους,
933 923 980 989 τῆς
995 919 1040 996 μέν

267 1000 375 1080 ταχείας
389 1003 432 1059 tad
446 1000 490 1058 τὸν
502 1002 582 1079 ἀγῶν’
596 1003 695 1080 ὁρμῆς,
708 1002 741 1073 ἣν
752 1007 811 1063 κατ’
828 1005 912 1085 ἀρχάς
926 997 996 1087 εἶχον
1008 1010 1043 1075 ὡς

267 1092 332 1167 αὐτῇ
349 1087 435 1167 ἐφόδῳ
455 1088 610 1169 τρεψόμενοι
624 1088 683 1156 τούς
699 1092 856 1169 πολεμίους,
873 1094 1041 1168 ἀπέστησαν·

267 1179 384 1258 φυλακῆς
413 1176 441 1233 δέ
466 1178 566 1252 μᾶλλον
597 1176 614 1248 ἢ
650 1179 892 1260 προεπιχειρήσεως
917 1182 1041 1263 πρόνοιαν

267 1262 415 1341 ἐλάμόανον
442 1266 620 1345 ὑψηλοτέρους
650 1265 790 1347 ἐγείροντες
821 1269 880 1337 τούς
909 1273 1038 1350 χάρακας.

216 1368 241 1408 ιο
267 1354 361 1434 Elegea
376 1353 400 1412 τ’
420 1355 505 1413 αύτῶν
517 1363 570 1421 τοῖς
584 1357 767 1436 χαριεστάτοις
779 1358 904 1436 λογισμὸς
917 1363 953 1427 ὡς
966 1363 996 1419 ού
1008 1360 1041 1419 τά

266 1443 395 1521 κράτιστα
410 1442 604 1520 βουλευομένοις
617 1442 663 1501 καί
675 1443 844 1526 κατάμεμψις
856 1450 907 1505 τῶν
921 1449 948 1506 ἐν
962 1448 1040 1507 τέλει.

269 1525 428 1607 Ἑλκομενου
443 1529 471 1589 οέ
489 1554 533 1589 του
550 1553 646 1611 χρονου
661 1529 703 1590 iri
722 1536 813 1604 κενῆς·
832 1534 972 1614 οὐδὲνγὰρ
989 1535 1042 1595 ότι

265 1619 310 1679 καὶ
323 1618 403 1696 λόγου
417 1616 489 1688 ἀξιον
503 1610 536 1690 ἦν
550 1620 732 1701 καταδρομαῖς
743 1623 827 1702 ψιλῶν
840 1622 858 1690 ἢ
878 1626 1042 1700 συμπλοκαῖς

266 1708 369 1767 ίππέων
384 1705 516 1767 έόλαπτυν
532 1707 679 1779 ἀλλήλους·
693 1712 707 1766 θ
721 1714 765 1768 τοῦ
783 1710 900 1786 πολέμου
916 1709 990 1780 δόξας
1005 1712 1042 1785 αῖ·

214 1814 238 1852 ta
266 1820 319 1863 τιος
332 1795 466 1873 γεγονέναι
481 1794 637 1870 Κλουίλιος,
654 1795 797 1876 ἀχθόμενος
811 1797 898 1878 ἐπἰτῇ
914 1800 1042 1879 ἀπράκτῳ

265 1885 378 1965 καθέδρα
394 1884 502 1964 γνώμην
517 1883 594 1965 έσχεν
609 1878 708 1964 ἐξάγειν
718 1885 766 1956 τήν
779 1887 904 1967 στρατιάν
919 1889 964 1946 καὶ
976 1910 1041 1966 προ·

264 1974 403 2031 καλεῖσθαι
414 1970 473 2040 τοθς
487 1972 628 2048 πολεμίους
643 1974 679 2039 εἰς
691 1972 796 2053 μάχην,
812 1975 856 2031 ἐάν
874 1973 903 2033 δὲ
918 1974 955 2053 μὴ
970 1978 1040 2035 ianu-

265 2060 380 2119 κούσωσι
393 2060 568 2139 προσόάλλειν
581 2062 668 2119 αὐτῶν
685 2061 750 2139 πρὸς
761 2060 794 2120 τά
810 2063 941 2140 ἐρύματα.
984 2065 1042 2122 Πα·

266 2150 495 2228 ρασκευασάμενος
508 2150 536 2207 δέ
551 2148 584 2207 τά
598 2153 662 2228 πρὸς
674 2150 718 2208 τὸν
734 2153 823 2227 ἀγῶνα
837 2152 901 2229 καί,
915 2153 937 2210 εἰ
954 2152 1041 2224 δεήσει

211 2255 238 2294 au
263 2237 453 2318 τειχομαχίας,
467 2234 516 2295 ὅσα
530 2240 569 2317 τῷ
583 2238 692 2317 τοιούτῳ
713 2227 840 2319 πρόσφορ’
863 2239 931 2321 ἔργῳ
948 2263 1040 2319 μηχα-

263 2326 423 2403 νησάμενος,
438 2324 497 2385 ἐπεὶ
509 2323 553 2394 νὺξ
565 2325 667 2406 ἐγένετο
681 2327 815 2386 καθεύδων
830 2331 856 2387 ἐν
870 2333 904 2404 ,ᾗ
925 2351 1040 2409 στρατη-

263 2417 324 2493 γικῇ
346 2418 449 2493 σκηνῇ,
465 2412 598 2492 παρούσης
614 2416 684 2494 αύτῷ
705 2417 752 2484 τῆς
768 2415 887 2482 εἰωθυίας
909 2419 1042 2495 φυλακῆς,

264 2503 324 2582 περὶ
339 2502 381 2561 rie
395 2502 486 2582 όρθρον
500 2502 649 2583 εὑρίσκεται
665 2502 766 2581 νεκρὸς,
784 2502 842 2561 οὔτε
859 2508 962 2583 σφαγῆς
983 2504 1038 2563 οὔτ’

265 2590 380 2669 ἀγχόνης
393 2588 453 2649 οὔτε
468 2590 615 2670 φαρμάκων
633 2587 686 2648 οὔτ’
703 2590 784 2661 ἄλλης
800 2591 887 2670 βιαίου
907 2602 1042 2673 συμφορᾶς

208 2679 236 2717 ²⁵
264 2688 373 2755 σημεῖον
388 2677 432 2736 ἐπὶ
445 2681 491 2736 τοῦ
504 2677 626 2754 σώματος
637 2675 709 2737 οὐδέν
721 2677 800 2757 ἔχων.

302 2767 338 2828 V.
356 2765 511 2847 Παραδόξου
523 2765 551 2825 δέ
568 2772 614 2825 τοῦ
628 2767 734 2839 πάθους,
752 2765 841 2846 ὥσπερ
858 2767 938 2839 εἰκὸς,
957 2768 1042 2827 ἅπασι

262 2854 429 2933 φαινομένου,
441 2854 487 2913 καί
497 2853 657 2931 ζητουμένης
670 2858 716 2926 τῆς
727 2854 890 2922 αἷτίοις·ούδὲ
899 2855 951 2936 γάρ
964 2857 1040 2916 νόσον

263 2941 485 3022 προηγησαμένην
500 2933 558 3023 εἶχέ
571 2967 610 3011 τις
629 2944 814 3002 αἰτιάσασθαι·
834 2949 860 3003 οἱ
875 2944 923 3020 μέν
938 2944 982 3003 ἐπὶ
993 2945 1042 3017 τήν

263 3031 333 3090 θείαν
349 3033 473 3110 πρόνοιαν
499 3031 603 3097 ἀποίσας
624 3030 672 3098 τάς
692 3030 857 3110 ἀνθρωπίνας
871 3031 1042 3111 ἀναφέροντες

208 3131 236 3171 ³⁰
261 3120 343 3202 τύχας
357 3119 426 3181 κατά
440 3121 519 3200 χόλον
534 3118 666 3194 δαιμόνιον
682 3120 769 3193 ἔλεγον
790 3119 867 3178 αὐτὸν
883 3122 1040 3195 ἀποθανεῖν,

261 3208 301 3268 ότι
313 3207 427 3284 πόλεμον
443 3205 566 3274 ἐξέκαυσε
579 3211 611 3286 τῇ
623 3206 782 3286 μητροπόλει
792 3206 856 3284 πρὸς
868 3206 915 3278 τήν
928 3207 1040 3266 ἀπόκτι-

262 3316 302 3351 σιν
323 3294 381 3353 ούτε
402 3294 502 3352 δίκαιον
520 3292 573 3354 οὔτ’
590 3293 746 3371 ἀναγκαῖον·
760 3295 783 3351 ul
806 3292 833 3351 δὲ
854 3294 1041 3373 χρηματισμὸν

261 3382 401 3458 ἡγούμενοι
414 3383 457 3441 τδν
473 3382 589 3455 πολεμον
600 3383 645 3455 καὶ
660 3381 782 3459 μεγάλων
796 3384 990 3460 ἀπεστερῆσθαι
1002 3407 1042 3442 νο·

262 3468 377 3545 μίζοντες
385 3471 517 3551 ὠφελειῶν
528 3474 563 3538 εἰς
571 3470 714 3541 ἐπιόουλήν
724 3470 770 3529 καί
779 3471 870 3548 φθόνον
881 3471 1041 3552 ἀνθρώπινον

207 3573 234 3612 ³⁵
261 3558 291 3618 τὸ
303 3562 377 3637 ἔργον
393 3560 552 3641 μετέφερον,
569 3560 720 3635 αἰτιώμενοι
739 3564 791 3619 τῶν
809 3561 1038 3640 ἀντιπολιτευομέ-

261 3670 311 3706 νων
324 3647 393 3714 τινάς
401 3650 487 3728 οἰφανῖΙ
498 3648 544 3708 καλ
555 3647 732 3727 δυσεξέλεγκτ’
745 3646 893 3727 ἐξευρόντας
903 3648 1040 3727 φάρμακα,

261 3736 477 3796 estredensis
493 3737 566 3818 ἄνδρ’
583 3738 759 3818 ἀνῃρηκέναι·
776 3739 800 3796 οῖ
816 3737 838 3795 δ’
854 3737 905 3795 ύπδ
917 3738 1000 3808 λύπης
1011 3759 1040 3814 τε

260 3825 306 3885 καί
327 3825 480 3905 ἀμηχανίας
501 3825 679 3905 κρατούμενον
701 3825 810 3905 ἑκουσίῳ
827 3826 978 3905 χρήσασθαι
998 3848 1039 3884 τε·

260 3915 341 3993 λευτῇ
354 3915 431 3973 αὐτὸν
444 3915 562 3993 ἔφασαν,
575 3914 665 3984 ἐπειδὴ
676 3913 763 3972 πάντα
775 3911 882 3992 χαλεπά
896 3913 941 3971 καὶ
953 3912 1039 3991 ἀπορα

206 4024 235 4063 tu
263 4002 416 4060 συνέόαινεν
429 4004 519 4082 αὐτῷ,
536 4001 582 4061 καὶ
596 4000 669 4060 οὐδέν
683 4000 777 4081 ἐχώρει
790 3998 858 4058 κατά
875 4005 932 4058 νοῦν
946 4003 998 4057 τῶν
1011 4001 1038 4059 ἐν

263 4092 374 4169 ἀρχαῖς,
389 4088 426 4149 ὅτ’
442 4093 476 4156 εἰς
486 4089 520 4148 τά
533 4090 670 4169 πράγματ’
684 4089 782 4169 εἰσῄει,
797 4088 1038 4168 προσδοκηθέντων.

262 4181 326 4244 Τοῖς
339 4178 361 4235 δ’
376 4177 450 4243 ἐκτὸς
467 4168 525 4236 ιύσι
543 4178 630 4259 φιλίας
644 4178 730 4236 τεκαὶ
749 4177 844 4256 ἔχθρας
856 4180 902 4247 τῆς
917 4176 982 4254 πρὸς
994 4175 1038 4235 τὸν

262 4263 425 4343 στρατηγὸν,
437 4266 482 4322 καλ
495 4266 549 4326 ἀπὸ
563 4265 660 4334 παντὸς
671 4270 717 4325 τοῦ
730 4264 866 4344 βελτίστου
881 4264 997 4343 κρίνουσι
1009 4263 1040 4324 τὸ

262 4353 446 4433 συμόεύηκὲς,
459 4351 513 4413 οὗθ’
527 4357 544 4425 ἡ
558 4356 615 4414 θεία
629 4356 735 4431 νέμεσις
749 4352 802 4412 οὗθ’
813 4360 827 4413 δ
840 4358 892 4412 τῶν
904 4356 1038 4412 ἀντιπολι-

208 4467 234 4506 ts
261 4440 408 4518 σευομένων
425 4439 514 4521 φθόνος
532 4438 620 4513 σύθή
641 4445 694 4500 τῶν
713 4440 877 4521 πραγμάτων
892 4439 1040 4518 ἀπόγνωσις

262 4529 422 4609 ἀνῃρηκέναι
444 4525 489 4586 τὀν
514 4528 586 4608 ἄνδρ’
609 4528 708 4598 ἐδόκει,
731 4529 790 4588 ἀλλ’
817 4533 833 4599 ἡ
863 4531 910 4598 τῆς
937 4527 1039 4607 φύσεως

262 4619 363 4698 ἀνάγκη
377 4618 421 4676 καλ
437 4615 469 4675 τδ
480 4612 582 4695 χρεὼν,
592 4618 627 4682 ὡς
641 4615 866 4695 ἐκπεπληρωκότα
878 4615 926 4685 τήν
938 4617 1038 4695 ὀφειλο-

263 4708 343 4785 μένην
364 4714 473 4785 μοῖραν,
494 4698 526 4778 ής
549 4705 633 4765 ἀπασι
654 4710 708 4771 τοῖς
733 4704 879 4785 γενομένοις
900 4702 1039 4784 πέπρωται

262 4797 361 4875 τυχεῖν.
406 4794 545 4861 Κλουίλιος
565 4792 613 4872 μέν
643 4792 676 4865 δὴ
703 4792 765 4873 πρὶν
784 4792 802 4863 iq
824 4792 942 4869 γενναῖον
969 4792 1038 4849 ἀπο-

208 4902 238 4942 ab
262 4883 395 4952 δείξασθαί
418 4906 443 4940 τι
468 4883 590 4955 τοιαύτης
611 4884 736 4953 τελευτῆς
758 4880 863 4961 έτυχεν·
889 4880 925 4947 εἰς
944 4878 971 4938 δὲ
993 4877 1037 4938 τὸν

261 4969 360 5030 ἐκείνου
378 4970 459 5030 τύπον
489 4971 674 5031 ἀποδείκνυται
698 4970 845 5048 στρατηγὸς
868 4967 1037 5048 αύτοκράτωρ

262 5059 313 5119 ύπδ
327 5062 379 5118 τῶν
395 5060 438 5118 ἐπὶ
456 5061 634 5138 στρατοπέδου
656 5059 758 5125 Μέττος
772 5058 951 5137 Φουφέττιος,
970 5057 1036 5136 ἀνήρ

261 5149 321 5207 οὔτε
345 5145 460 5224 πολέμου
480 5146 586 5225 ἡγεμὼν
608 5146 710 5217 ἱκανὸς,
734 5144 788 5204 οὔτ’
807 5145 910 5223 εἰρήνης
934 5143 1039 5222 βέύαιος

262 5230 361 5317 φύλαξ·
377 5232 405 5300 δς
419 5234 520 5300 οθδενδς
534 5226 612 5305 ἧττον
627 5231 761 5293 Ἀλόανίῖον
775 5231 908 5312 πρόθυμος
928 5230 965 5289 ὢν
978 5234 1037 5291 κατ’

750 484 754 491 ,
786 434 957 497 DIONYSll
981 436 1357 507 flautciRNAssENsts

1099 582 1229 636 dissimum
1241 587 1386 640 iudicarant.
1420 593 1555 657 Postquam
1573 599 1655 645 antem
1671 595 1770 659 utrique
1784 598 1872 649 altero·

1097 692 1153 728 rum
1187 680 1271 744 copias
1302 682 1473 735 intellexerunt
1497 700 1578 750 neque
1612 703 1716 741 numero
1744 690 1874 743 interiores

1096 786 1176 836 neque
1198 774 1241 823 riti
1259 789 1383 827 armornm
1404 792 1492 843 genere
1512 781 1646 834 instructas
1664 798 1745 849 neque
1763 785 1796 836 ob
1813 786 1872 837 rcli·

1096 878 1173 927 quum
1197 874 1342 933 apparatum
1368 874 1572 936 contemnendas,
1589 876 1702 927 ardorem
1729 878 1800 929 illum
1821 894 1873 944 qua

1095 963 1201 1026 primum
1214 965 1246 1016 ad
1260 971 1384 1018 certamen
1401 969 1550 1030 terebantur,
1564 973 1595 1021 ut
1611 971 1691 1036 primo
1708 973 1802 1039 impetu
1820 974 1869 1026 lau·

1095 1066 1147 1113 ates
1161 1065 1284 1127 iugulari,
1299 1066 1416 1116 sedarunt
1437 1082 1444 1112 ι
1465 1067 1541 1118 etde
1561 1067 1587 1118 ri
1603 1070 1769 1134 propulsanda
1788 1072 1870 1136 potius

1095 1178 1170 1228 quum
1183 1165 1307 1217 iulerenda
1316 1166 1425 1229 cogitare
1438 1172 1562 1231 ceperunt
1567 1207 1577 1233 ,
1585 1170 1678 1220 vallum
1686 1172 1785 1234 utrique
1796 1172 1870 1223 altius

1094 1260 1223 1322 erigentes.
1256 1262 1347 1310 Eorum
1360 1274 1419 1310 rem
1438 1261 1595 1313 nobilissimis
1610 1262 1751 1328 quibusque
1764 1265 1790 1315 in
1800 1279 1868 1317 meu·

1095 1356 1146 1405 tem
1159 1355 1226 1405 venit
1237 1368 1265 1405 se
1276 1354 1469 1418 haudquaquam
1482 1356 1576 1420 optimo
1589 1356 1680 1408 iudicio
1691 1370 1744 1408 rem
1756 1358 1870 1423 gessisse,

1097 1454 1124 1503 et
1134 1453 1211 1503 θιισει
1231 1466 1290 1502 suos
1303 1451 1522 1516 reprehenderunt.
1548 1446 1620 1505 'dum
1635 1467 1695 1506 vero
1705 1459 1802 1519 tempus
1816 1456 1872 1507 lru·

1095 1553 1146 1601 stra
1158 1548 1297 1599 traheretur
1310 1549 1381 1613 (nibil
1393 1549 1457 1600 euim
1470 1550 1536 1614 quod
1548 1555 1614 1601 esset
1622 1557 1759 1603 memoratu
1770 1551 1871 1616 dignum

1093 1644 1274 1696 velitationibus
1286 1650 1330 1695 ent
1338 1645 1493 1709 equestribus
1504 1645 1599 1709 proeliis
1608 1659 1636 1696 se
1646 1649 1763 1698 vexantes
1776 1647 1869 1698 eliicie·

1094 1738 1167 1803 bant)
1181 1738 1300 1799 cluilius,
1321 1739 1366 1802 qui
1385 1738 1444 1789 belli
1459 1744 1546 1789 ancmr
1567 1739 1643 1790 luisse
1659 1741 1799 1801 videbatur,
1812 1755 1868 1791 mu-

1093 1833 1156 1884 leste
1166 1834 1248 1884 lereus
1260 1833 1374 1895 ignawm
1388 1834 1468 1884 otium
1485 1834 1597 1885 decrevit
1610 1835 1745 1885 exercitum
1766 1835 1871 1887 educere

1095 1932 1121 1977 et
1140 1928 1224 1978 hostes
1245 1928 1276 1976 ad
1298 1927 1410 1991 proelium
1427 1941 1575 1991 provocare,
1594 1931 1620 1978 et
1637 1928 1658 1977 si
1674 1931 1797 1979 cmumen
1821 1930 1868 1980 de-

1096 2024 1230 2073 trectarent
1248 2036 1334 2072 eorum
1355 2022 1503 2074 munitiones
1526 2024 1625 2076 adoriri.
1659 2029 1755 2089 Quare,
1778 2027 1871 2091 peratis

1094 2119 1207 2168 omnibus
1224 2117 1300 2168 rebus
1318 2117 1351 2167 atl
1372 2131 1479 2183 pugnam
1493 2121 1655 2184 necessariis,
1677 2124 1872 2187 preparatisque

1094 2216 1170 2266 eliam
1179 2253 1187 2278 ,
1197 2214 1220 2266 si
1229 2228 1357 2265 murorum
1370 2216 1550 2281 oppugnatione
1558 2231 1622 2284 opus
1635 2219 1737 2283 luisset,
1747 2221 1777 2269 iis
1789 2221 1871 2271 omui-

1095 2309 1143 2360 bus
1157 2322 1215 2374 qum
1225 2308 1259 2359 ad
1273 2322 1328 2359 eam
1337 2323 1389 2361 rem
1403 2310 1541 2373 iaciebant,
1553 2316 1628 2364 noctu
1646 2314 1672 2363 in
1689 2315 1803 2376 praetorio
1821 2329 1871 2365 en-

1096 2405 1166 2467 bans‚
1180 2407 1277 2456 aemule
1289 2405 1361 2456 solito
1372 2406 1496 2470 prasidio,
1508 2409 1572 2459 cirea
1582 2409 1730 2460 matutinum
1739 2423 1874 2474 crepuscu-

1095 2500 1147 2551 lum
1165 2501 1279 2550 morluus
1296 2500 1411 2553 iuventus
1431 2508 1484 2566 est,
1506 2517 1586 2570 usque
1606 2503 1682 2555 nadis
1695 2516 1775 2568 neque
1789 2507 1872 2571 laquei

1095 2611 1177 2663 neque
1191 2598 1280 2649 veneni
1296 2611 1375 2662 neque
1391 2597 1469 2649 ullum
1487 2598 1556 2650 aliud
1569 2599 1684 2651 violentas
1699 2602 1768 2651 necis
1789 2603 1871 2652 resti·

1095 2695 1162 2760 pum
1179 2694 1205 2745 ln
1217 2708 1319 2758 corpure
1331 2694 1432 2744 babens.

1125 2797 1157 2843 V.
1175 2793 1238 2844 Gom
1252 2795 1334 2842 autem
1359 2792 1407 2842 iste
1429 2805 1501 2842 casus
1528 2791 1605 2841 mirus
1623 2795 1652 2843 nt
1665 2806 1710 2857 par
1725 2796 1778 2843 erat
1789 2795 1872 2843 omui-

1096 2877 1142 2928 bus
1165 2878 1298 2939 siderelur,
1323 2881 1349 2928 et
1383 2890 1470 2927 caussa
1495 2881 1656 2940 quereretur,
1679 2879 1778 2941 (neque
1805 2878 1871 2928 cuim

1095 2966 1210 3017 morbum
1230 2965 1386 3030 precessisse
1412 2965 1542 3029 qnisquam
1563 2968 1659 3029 poterat
1674 2965 1810 3027 massari),
1827 2968 1872 3030 qni

1094 3051 1128 3103 ad
1146 3052 1255 3102 divinam
1275 3049 1454 3115 providentiam
1475 3063 1561 3100 omnes
1584 3049 1705 3100 humanos
1732 3063 1807 3101 casus
1828 3065 1871 3102 rc·

1095 3142 1190 3198 lerunt,
1212 3138 1362 3188 adserebant
1381 3151 1439 3187 eum
1459 3138 1496 3187 ira
1517 3136 1601 3187 divina
1616 3137 1783 3199 exstinctum,
1803 3138 1871 3202 quod

1095 3227 1182 3277 urbem
1195 3227 1320 3289 parentem
1332 3223 1363 3272 ad
1376 3222 1468 3273 bellum
1484 3236 1564 3284 neque
1581 3221 1675 3273 iustum
1691 3238 1771 3288 neque
1784 3238 1870 3276 neces·

1094 3311 1187 3360 sarium
1203 3314 1288 3361 contra
1308 3310 1428 3360 coloniam
1448 3309 1575 3360 incitasset
1598 3328 1604 3358 τ
1630 3311 1675 3374 qui
1691 3324 1751 3361 veru
1772 3312 1799 3362 id
1814 3312 1871 3363 bel·

1094 3401 1146 3450 lum
1167 3400 1214 3451 sibi
1236 3405 1405 3465 quaestuosum
1420 3401 1472 3449 lore
1485 3399 1659 3450 existimabant
1679 3403 1705 3449 el
1727 3415 1755 3452 se
1776 3406 1873 3463 magma

1095 3490 1231 3540 commodis
1243 3491 1352 3554 privatos
1366 3487 1559 3550 arbitrabantur,
1572 3487 1597 3538 ld
1612 3488 1707 3539 lacinus
1725 3490 1755 3539 ad
1767 3488 1872 3542 iusidias

1094 3580 1121 3628 et
1133 3576 1250 3628 invidiam
1262 3577 1396 3627 humanam
1406 3576 1559 3639 relcrcbaut,
1569 3577 1739 3629 insimulantes
1747 3580 1871 3642 quosdam

1094 3665 1148 3716 eius
1167 3666 1337 3727 adversarios,
1351 3666 1419 3730 quud
1436 3664 1534 3715 usualia
1547 3669 1572 3716 et
1585 3665 1739 3729 deprebensu
1759 3667 1871 3719 difficilia

1094 3766 1189 3803 venena
1204 3756 1402 3817 comparassent,
1416 3751 1506 3814 bisque
1522 3751 1647 3802 homiuem
1664 3758 1794 3803 necassent
1811 3756 1873 3806 :alii

1094 3853 1154 3889 veru
1167 3851 1217 3902 prae
1229 3838 1315 3888 dolore
1327 3842 1353 3889 et
1363 3836 1459 3888 consilii
1475 3837 1558 3901 inopia
1574 3850 1633 3887 eum
1647 3837 1695 3887 sibi
1705 3841 1810 3887 mortem
1823 3851 1869 3888 ro·

1093 3925 1225 3976 luntariam
1236 3922 1383 3973 conscivisse
1396 3920 1511 3982 aiebant,
1521 3919 1586 3983 quod
1598 3933 1684 3971 omnes
1697 3933 1754 3970 suos
1766 3922 1870 3970 conatus

1093 4012 1207 4063 difficiles
1221 4015 1248 4061 et
1259 4011 1341 4060 irritus
1356 4010 1435 4060 tactos
1448 4007 1560 4067 videret,
1574 4010 1599 4058 et
1613 4020 1642 4057 ex
1657 4007 1732 4059 animi
1747 4008 1871 4059 sententia

1095 4098 1157 4150 nibil
1169 4112 1255 4149 eurum
1266 4098 1311 4160 ipsi
1324 4095 1482 4156 succederet,
1492 4108 1549 4158 quae
1562 4108 1578 4145 a
1594 4095 1727 4158 principio,
1741 4108 1798 4144 cnm
1814 4108 1870 4146 rem

1094 4184 1275 4251 aggrederetur,
1289 4186 1407 4246 sperarat.
1441 4184 1472 4231 at
1482 4181 1525 4243 qui
1534 4194 1613 4245 neque
1624 4195 1708 4232 amore
1718 4194 1800 4243 neque
1813 4181 1871 4232 odio

1093 4271 1164 4321 (lucis
1188 4269 1363 4327 movebantur,
1390 4266 1434 4317 sed
1454 4267 1546 4332 optima
1571 4265 1666 4315 ratione
1690 4264 1722 4315 de
1744 4279 1774 4315 eo
1801 4266 1870 4329 qued

1093 4355 1216 4408 acciderat
1232 4354 1388 4415 iudicabant,
1405 4353 1579 4404 existimabant
1597 4355 1679 4404 virum
1699 4354 1769 4404 illum
1790 4369 1871 4421 neque

1093 4448 1198 4498 deorum
1206 4442 1369 4508 indignatione
1385 4456 1464 4505 neque
1478 4443 1675 4494 adversariorum
1688 4444 1778 4494 inuidia
1790 4458 1871 4508 neque

1093 4547 1173 4583 rerum
1186 4530 1357 4594 desperatione
1372 4529 1534 4590 exstinctum,
1546 4528 1591 4579 secl
1603 4528 1656 4593 ipsa
1672 4535 1769 4580 naturae
1781 4544 1869 4581 ncces-

1093 4623 1165 4670 srtate
1180 4624 1205 4670 et
1215 4619 1267 4669 latu
1277 4637 1284 4668 τ
1296 4617 1386 4682 quippe
1395 4617 1462 4682 quod
1474 4617 1585 4669 debitam
1595 4622 1703 4679 sortem,
1713 4632 1769 4683 que
1788 4621 1869 4669 omni-

1093 4709 1140 4759 bus
1167 4705 1311 4758 moenibus
1333 4708 1372 4755 est
1394 4706 1529 4767 destinata,
1557 4705 1718 4770 implevisset.
1763 4706 1870 4759 Cluilius

1093 4797 1174 4859 igitur,
1188 4798 1321 4857 autequam
1336 4793 1414 4843 ullum
1425 4792 1551 4856 egregium
1562 4792 1658 4843 lacinus
1671 4792 1774 4853 ederet,
1792 4792 1868 4843 talem

1092 4881 1151 4932 vite
1169 4883 1264 4932 exitum
1281 4883 1321 4929 est
1333 4878 1444 4928 sortitus.
1478 4879 1505 4926 lu
1518 4878 1572 4928 eius
1583 4879 1666 4928 autem
1678 4878 1760 4930 locum
1773 4877 1867 4929 sullec-

1091 4975 1133 5022 tus
1145 4974 1171 5020 et
1184 4968 1290 5019 dictator
1301 4970 1400 5019 creatus
1412 4969 1450 5017 est
1467 4965 1498 5016 ab
1512 4965 1619 5016 exercitu
1630 4967 1723 5016 blettus
1736 4964 1868 5025 Frrlletius,

1092 5060 1131 5110 vir
1141 5071 1221 5121 neque
1234 5056 1292 5107 belli
1305 5055 1355 5105 dim
1367 5055 1470 5105 idoneus
1484 5067 1564 5118 neque
1578 5054 1646 5118 pacis
1663 5056 1747 5102 custos
1759 5051 1866 5103 firmus:

1092 5144 1150 5211 qui,
1161 5145 1183 5196 si
1192 5146 1325 5208 quisquam
1336 5143 1399 5193 alius
1413 5142 1576 5204 abonorum,
1586 5140 1617 5190 ab
1631 5139 1701 5191 initio
1716 5139 1867 5190 discordiam

1093 5230 1156 5281 inter
1179 5228 1292 5280 civitates
1314 5226 1423 5279 excitare
1445 5225 1571 5277 studiosus
1600 5227 1625 5274 ct
1657 5225 1785 5288 propterea
1809 5228 1868 5287 poet
