4048 5924
653 395 943 474 tucioulrnruu
964 405 1110 474 nouum.
1135 414 1209 478 non.
1232 417 1307 480 uu.

157 549 171 577 ιι
188 524 272 600 ἀμᾶς,
292 510 315 579 ὦ
330 520 471 597 Μηνύκιε,
486 523 547 593 τοὺς
564 527 799 609 προχειρισθέντας
825 533 932 607 ὑπὸτῆς

157 636 170 664 ιι
189 612 303 691 βουλῆς,
323 608 387 669 τάδε
411 611 602 693 ἀποκρίνομαί·
625 616 671 674 έάν
693 619 838 679 ἀποδιδῶσι
862 620 935 682 ‘Poo-

156 724 170 751 ιι
187 701 261 774 μαῖοι
272 696 450 767 Οὐολούσκοις
458 701 549 781 χόνραν
559 727 587 762 τε
598 703 662 778 ὅσην
678 706 770 775 αύτούς
782 709 934 790 ἀφῄρηνται

155 811 168 838 ιι
185 785 231 845 καὶ
245 784 350 859 πόλεις,
366 783 430 852 όσας
453 793 611 870 κατέχουσιν
634 794 863 874 ἀνακαλεσάμενοι
877 797 936 865 τοὺς

113 886 127 928 t
155 899 168 928 ιι
185 873 315 946 ἀποίκους,
332 875 422 955 φιλίαν
435 900 465 935 τε
481 879 645 949 ποιήσωνται
657 880 722 961 πρὸς
733 883 826 952 αὐτοὺς
840 886 936 954 olenio

156 988 169 1016 ιι
190 962 231 1021 ἀεὶ
250 964 359 1043 χρόνον,
393 965 438 1023 καί
462 967 637 1036 ἰσοπολιτείας
666 972 816 1047 μεταδῶσιν
844 973 936 1057 ὥσπερ

157 1074 170 1103 ιι
188 1051 327 1124 Λατένυις,
341 1049 432 1129 ὅρκους
452 1053 499 1111 καί
520 1054 585 1134 ἀράς
600 1057 670 1116 κατά
685 1061 737 1117 τῶν
754 1059 936 1140 παραόαινόν-

157 1162 171 1191 ιι
188 1163 240 1197 των
256 1139 290 1197 τδι
315 1139 475 1220 συγκείμενα
493 1146 683 1222 ποιησάμενοι,
699 1148 858 1227 διαλύσομαι
870 1151 936 1231 πρδς

156 1251 171 1279 ιι
188 1225 281 1294 αὖτοὺς
308 1226 352 1287 τὸν
366 1229 503 1309 πολεμον,
522 1232 649 1314 πρότερον
665 1233 693 1294 δέ
708 1242 836 1303 οὔΤαῶτα
851 1240 935 1318 ἀπαγ·

101 1342 127 1383 to
156 1338 170 1367 ιι
185 1315 292 1395 γέλλετε
306 1319 409 1391 αὐτοῖς,
425 1319 471 1378 καὶ
492 1319 536 1380 τὸν
561 1322 639 1382 αύτὸν
655 1324 752 1403 τρόπον
769 1324 849 1408 όνπερ
869 1329 934 1408 πρὸς

155 1427 168 1456 ι
186 1403 233 1481 ἐμὲ
247 1404 369 1485 καὶπρὸς
388 1407 500 1476 ίκιίνους
514 1411 576 1490 περὶ
595 1415 640 1470 τοῦ
656 1412 758 1472 δικαίου
779 1415 849 1475 πάνυ
862 1417 935 1475 έπισ·

154 1514 168 1544 ιι
184 1497 284 1573 τρεφῶς
305 1498 391 1552 ταῦτα
415 1496 582 1575 διαλέγεσθε*
615 1500 698 1560 καλόν
723 1526 762 1562 τοι
794 1504 840 1573 τάς
866 1505 934 1573 ἰδέας

154 1578 294 1657 ιιιίκαστον
308 1580 403 1662 έχοντα
417 1583 522 1656 κτήσεις
537 1590 563 1646 έν
581 1586 671 1668 εἰρήνῃ
685 1592 751 1666 ζῆν,
766 1591 813 1651 καί
834 1595 933 1654 πολλοῦ

92 1744 94 1749 ,
154 1692 167 1720 ι
185 1668 256 1736 ἀξιον
274 1669 304 1728 εδ
319 1671 421 1747 μηδένα
442 1673 585 1733 δεδοικέναι
600 1676 663 1750 μήτ’
679 1680 771 1760 έχθρδν
788 1682 855 1759 μήτι
870 1705 931 1743 και·

98 1783 123 1822 ts
154 1781 166 1808 ιι
186 1756 243 1834 ρόν·
258 1756 368 1837 αἰσχρδν
385 1759 413 1819 δέ
425 1763 476 1820 τῶν
498 1762 642 1846 ἀλλοτρίων
664 1768 866 1848 περιεχομένους
885 1773 933 1831 οὐκ

153 1868 167 1897 ιι
185 1848 329 1923 ἀναγκαῖον
343 1846 460 1926 πόλεμον
478 1851 638 1931 ὑπομένειν,
653 1858 680 1915 ἐν
695 1848 717 1934 ᾧ
733 1857 778 1917 καὶ
799 1860 861 1939 περὶ
879 1863 946 1920 τῶν

153 1957 166 1985 ιι
186 1933 258 1991 ἰδίων
274 1934 399 1994 ἁπάντων
413 1938 623 2000 κινδυνεύσουσιν
635 1945 759 2021 ἀγαθῶν·
774 1949 807 2006 τά
822 1971 851 2007 τε
864 1939 931 2009 iaia

152 2046 166 2074 ιι
184 2024 346 2083 έπιδεέκνυτε
361 2027 450 2093 αὐτοῖς
463 2031 508 2088 οὐκ
528 2028 574 2089 ἴσα
597 2034 753 2113 κατορθοῦσί
773 2058 802 2095 τι
821 2036 867 2096 καί
891 2037 929 2114 μὴ

152 2137 165 2163 ι
182 2117 292 2190 τυχοῦσι
321 2113 446 2193 γινόμενα
466 2121 514 2187 τῆς
535 2119 674 2199 ἀλλοτρίας
696 2121 879 2201 γλιχομένοις,
905 2128 929 2184 εἰ

94 2222 123 2261 τυ
152 2225 165 2253 ιι
183 2200 210 2258 δὲ
231 2201 372 2280 βούλεσθε,
395 2205 549 2286 προστίθετε
564 2209 609 2266 καὶ
625 2207 672 2278 τάς
687 2209 776 2278 πόλεις
787 2215 848 2271 ’τῶν
871 2215 929 2286 ἠδι-

151 2314 165 2342 ιι
181 2290 301 2365 κημένων
326 2290 487 2371 προσλαόεῖν
515 2294 705 2375 βουλομένοις,
725 2299 771 2358 aas
796 2300 834 2377 μὴ
862 2326 928 2381 κρα-

152 2403 166 2430 ιι
182 2382 248 2437 τῶσι
263 2378 310 2438 καί
323 2378 372 2451 τήν
391 2384 492 2441 έαυτῶν
513 2388 563 2461 γῆν
582 2409 611 2444 τι
626 2385 672 2445 κοιλ
692 2386 767 2447 πόλιν
783 2391 927 2471 ἀφαιρεθῆ-

152 2493 165 2520 ιι
180 2489 237 2540 ναι,
258 2467 304 2526 καί
319 2468 357 2528 ἔτι
374 2468 438 2550 πρὸς
452 2471 536 2553 τούτῳ
548 2483 675 2554 γυναῖκας
687 2478 785 2536 ἐπιδεῖν
799 2478 927 2560 αἴσχιστα

151 2579 164 2607 ιι
182 2557 334 2636 πασχούσας
348 2561 393 2617 καὶ
410 2560 508 2629 παῖδας
523 2563 559 2628 εἰς
574 2562 648 2642 ύόριν
666 2565 808 2645 ἀγομένους
820 2571 866 2628 καὶ
880 2594 926 2647 γο·

91 2662 119 2701 as
151 2669 165 2696 ιι
182 2654 234 2712 νεῑς
248 2646 351 2714 δούλους
366 2650 423 2708 ἀντὶ
439 2650 580 2732 έλεοθέρων
599 2652 643 2713 ἐπὶ
657 2654 744 2734 γήρως
758 2656 810 2737 ὀδῷ
824 2659 927 2737 γινομέ·

150 2758 164 2785 ιι
182 2756 248 2801 νους.
294 2736 348 2796 Καί
360 2736 417 2813 ἀμα
431 2738 569 2799 διδάσκετε
581 2740 629 2812 τήν
644 2740 756 2820 βουλήν,
771 2743 924 2809 ὅτιτούτων

149 2846 163 2873 ιι
180 2825 234 2882 τῶν
249 2827 339 2883 κακῶν
354 2826 401 2884 οὐκ
426 2825 457 2886 ἀν
481 2825 567 2907 έχοιεν
587 2829 758 2891 αἰτιάσασθαι
784 2835 924 2916 Μάρκιον,

148 2936 161 2964 ιι
179 2910 249 2970 ἀλλά
263 2911 311 2983 τὴν
326 2915 427 2972 έαυτῶν
451 2914 611 2998 ἀφροσύνην.
656 2918 747 3000 Παρδν
768 2919 819 3001 γὰρ
838 2922 924 2987 αὐτοῖς

147 3024 160 3052 ιι
177 3000 212 3060 τδι
226 3000 315 3060 δίκαια
329 3010 414 3061 ποιεῖν
428 3003 475 3063 καί
494 3006 586 3081 μηδενὶ
607 3007 683 3085 δεινῶ
698 3010 866 3089 περιπεσεῖν,
879 3011 923 3069 τὸν

88 3119 117 3159 30
147 3112 161 3140 ιι
179 3087 245 3167 ὑπὲρ
267 3092 320 3149 τῶν
341 3091 462 3171 ἐσχάτων
487 3092 605 3154 κίνδυνον
633 3097 821 3178 ἀναιρήσονται
845 3098 924 3178 μέχρι

148 3200 162 3228 ιι
178 3176 276 3244 παντδς
299 3180 505 3260 φιλοχωροῦντες
525 3186 579 3250 τοῖς
608 3185 764 3265 ἀλλοτρίοις.
825 3185 923 3267 Ἔχετε

146 3290 159 3318 ι
178 3264 225 3332 τάς
249 3268 416 3348 ἀποκρίσεις·
443 3268 541 3330 τούτων
562 3270 686 3333 activas
710 3275 827 3355 εὕροισθε
849 3276 923 3358 παρά

145 3378 159 3405 ιι
176 3355 242 3430 ἀμοῶ
255 3357 343 3417 πλέον·
358 3359 417 3416 ἀλλ’
432 3360 510 3418 ἀπιτε
522 3360 568 3419 καὶ
584 3370 705 3421 σκοπιῑτε
719 3362 736 3421 ἀ
752 3389 778 3423 τι
792 3367 922 3442 πρακτέον

146 3468 159 3495 ιι
177 3444 250 3520 ὑμῖν.
266 3442 341 3514 Ἕως
363 3446 391 3506 δέ
415 3447 592 3528 βουλεύσησθε
602 3494 612 3524 ,
629 3451 725 3527 δίδωμι
747 3453 841 3534 χρόνον
860 3458 921 3532 ὑμῖν

86 3559 115 3600 ³5
147 3534 450 3613 ιημερῶντρεάκοντα.
492 3535 539 3598 Ἐν
556 3536 584 3596 δὲ
597 3542 637 3619 τῷ
653 3539 752 3617 μιταξὺ
767 3540 854 3622 χρόνῳ
873 3542 922 3614 σήν

147 3646 160 3673 ιι
177 3642 207 3678 τι
222 3620 312 3700 χάριν,
334 3612 356 3681 ῶ
380 3623 516 3703 Μηνύκιε,
532 3625 579 3685 καὶ
597 3629 650 3685 τῶν
679 3629 767 3687 ἄλλων
786 3631 860 3706 ὑμῶν
875 3630 923 3701 τὴν

145 3733 160 3761 ιι
177 3708 304 3788 στρατιδιν
328 3712 358 3769 έκ
377 3716 423 3783 τῆς
443 3712 533 3793 χώρας
555 3713 657 3783 ἀπάξω·
683 3718 788 3795 μεγάλα
811 3716 864 3799 γάρ
890 3717 921 3778 ἀν

145 3822 158 3849 ιι
179 3796 341 3877 βλάπτοισθε
354 3800 482 3877 μενούσης
505 3806 587 3874 αὐτῆς
601 3803 701 3867 tottii.
744 3809 787 3885 Τῇ
803 3806 831 3866 δὲ
847 3831 921 3888 τρια·

145 3912 159 3939 ιι
176 3891 259 3967 κοστῇ
274 3889 452 3970 προσδέχεσθέ
465 3914 499 3969 μι
512 3892 600 3975 ἡμέρη
614 3893 662 3962 τάς
676 3895 828 3976 ἀποκρίσεις
839 3897 921 3979 ληψό-

85 4001 113 4039 40
145 4001 159 4029 ι
176 3998 293 4052 μενον.υ

184 4065 314 4128 xxxvl.
335 4070 430 4129 Ταῦτα
454 4068 535 4130 stubs
557 4070 653 4145 ἀνέστη
678 4072 725 4133 καλ
750 4075 852 4137 διελυσε
876 4078 920 4139 τδν

139 4153 280 4234 σύλλογον.
324 4160 368 4238 Τῇ
381 4156 409 4218 δέ
419 4158 529 4240 ἀπιούσῃ
545 4162 619 4219 νυκτὶ
631 4183 665 4220 πι
681 4162 691 4222 i
706 4162 753 4235 τλν
765 4166 919 4226 τελευταίαν

140 4243 262 4324 φυλακὴν
277 4246 443 4320 ἀναστήσας,
454 4246 502 4319 τὴν
517 4256 642 4328 στρατιὰν
657 4185 721 4329 ἀγεν
742 4252 787 4311 est
801 4252 848 4321 τάς
861 4255 918 4314 λοι-

138 4332 193 4400 πάς
206 4338 259 4393 τῶν
272 4334 393 4394 Λατίνων
405 4335 512 4415 πόλεις,
528 4338 581 4397 εἴτε
595 4338 654 4397 κατ’
670 4341 794 4414 ἀλήθειαν
815 4367 919 4404 πεπυσ-

85 4441 112 4479 ιε
140 4420 235 4498 μένος,
251 4421 292 4481 ότι
316 4421 409 4500 μέλλοι
431 4449 471 4493 τις
493 4428 591 4487 ἐκεῖθεν
614 4428 752 4509 ἀπικουρία
777 4429 921 4508 Ῥωμαίοις

139 4509 299 4590 ἀφικέσθαι,
320 4515 355 4579 ὡς
377 4514 437 4575 τότε
457 4516 615 4596 δημηγορῶν
637 4515 749 4597 ἔφησεν,
778 4520 829 4579 εἴτε
843 4521 921 4589 αὐτὸς

139 4598 310 4678 πλασάμινος
331 4600 377 4660 τδν
396 4601 493 4682 λόγον,
519 4603 563 4664 ένα
589 4605 627 4680 μέ,
644 4604 725 4675 δόξειε
749 4610 920 4689 χαριζόμενος

139 4688 195 4753 τοῖς
216 4689 317 4767 έχθροῖς
333 4692 553 4753 καταλελοιπέναι
567 4693 612 4754 τδν
630 4693 755 4770 πολεμον.
801 4696 918 4758 Ἐπιόα-

140 4773 194 4834 λάνν
211 4778 238 4835 δὲ
252 4782 284 4855 τῇ
298 4781 450 4859 καλουμένη
474 4781 596 4864 Δογγύλφ
609 4782 655 4842 καὶ
670 4783 733 4864 δίχα
749 4784 830 4845 πόνου
844 4787 919 4865 γενέ·

82 4878 111 4918 ευ
140 4887 219 4943 μενος
242 4868 322 4940 αὐτῆς
345 4867 475 4950 έγιιρατλς
498 4870 544 4930 καί
558 4871 602 4930 τδν
627 4870 706 4930 αύτδν
724 4872 821 4953 τρόπον
839 4875 919 4959 όνπερ

139 4953 187 5022 τάς
210 4954 300 5036 έτέρας
323 4956 611 5040 έξανδραποδισάμενόε
635 4981 664 5017 τι
685 4960 731 5020 καὶ
752 4963 917 5043 διαρπάσαι,

138 5044 184 5105 inl
209 5046 259 5118 τήν
280 5049 452 5130 Σατρικανῶν
474 5049 572 5121 ἤλαυνε
587 5047 675 5109 πόλιν.
727 5048 817 5111 Ἕλάιν
831 5051 859 5114 δέ
873 5054 919 5114 καί

138 5133 238 5207 ταύτην
253 5136 340 5215 ὀλίγον
355 5139 532 5219 ἀντισχόντων
545 5143 599 5200 τῶν
611 5138 639 5197 έν
653 5140 721 5220 αὐτῇ
741 5141 856 5221 χρόνον,
872 5142 917 5202 καὶ

136 5222 184 5292 τάς
198 5225 225 5294 ἀξ
241 5227 396 5311 ἀμφοτέρων
418 5233 471 5291 τῶν
494 5228 596 5292 πόλεων
621 5229 749 5314 ιὐφελιέας
773 5231 847 5313 μέρει
868 5237 915 5304 τῆς

1707 419 1767 480 δἸδ

987 591 999 616 ι
1016 572 1082 624 misit
1098 580 1212 639 senatus,
1228 578 1283 630 baec
1302 581 1439 646 respondeo
1456 603 1461 634 :
1478 584 1504 635 Si
1518 586 1628 651 popolus
1642 590 1768 642 Romanus

970 697 974 705 .
988 683 999 705 ι
1018 666 1113 715 Volscis
1127 682 1224 719 omnem
1242 685 1342 733 agrum.
1357 688 1432 738 quem
1447 674 1496 726 illis
1510 676 1617 736 ademit,
1635 681 1661 727 et
1675 681 1765 735 urbes,

992 771 1004 797 ι
1018 768 1083 820 quas
1093 762 1212 823 occupat,
1233 763 1356 813 revocatis
1369 763 1462 815 colonis
1474 765 1581 829 reddat,
1594 771 1620 820 et
1633 772 1769 825 amicitiam

991 872 1003 896 ι
1020 858 1166 919 perpetuam
1180 870 1238 909 cnm
1250 858 1302 910 illis
1315 858 1403 921 iaciat,
1426 865 1452 913 et
1469 863 1496 914 iu
1508 878 1595 926 parem
1616 867 1679 919 iuris
1691 869 1768 922 liber-

992 952 1131 1017 statisque
1143 953 1324 1015 conditionem,
1347 958 1412 1009 sicum
1431 961 1541 1022 Latinos,
1561 963 1721 1018 iureiurando
1733 967 1769 1018 in·

992 1066 1004 1087 ι
1020 1048 1141 1112 terposito
1163 1052 1189 1099 et
1211 1050 1273 1102 diris
1294 1053 1320 1103 in
1336 1054 1459 1106 loetlerum
1484 1058 1618 1112 violatores
1632 1061 1767 1123 adhibitis,

991 1166 1004 1190 ιι
1017 1146 1136 1212 recipiat,
1151 1162 1236 1213 pacem
1248 1150 1286 1200 illi
1295 1151 1361 1203 dabo
1371 1169 1377 1198 ι
1389 1154 1462 1207 aliter
1474 1161 1559 1209 autem
1571 1174 1629 1210 non.
1662 1162 1722 1213 Hoec
1731 1162 1768 1212 iili

991 1262 1004 1285 ι
1020 1243 1177 1305 renuntiate,
1194 1248 1220 1295 et
1239 1250 1326 1298 codem
1355 1251 1442 1315 modo,
1468 1267 1519 1318 quo
1536 1256 1603 1321 apud
1625 1271 1679 1318 me,
1702 1258 1769 1324 apud

991 1357 1004 1383 ι
1017 1338 1090 1390 illum
1112 1341 1189 1391 etiam
1204 1341 1236 1393 tle
1258 1344 1311 1395 iure
1333 1347 1525 1401 accuratissime
1550 1352 1682 1415 disserite;
1699 1369 1768 1419 pra-

990 1459 1003 1485 ι
1017 1440 1113 1491 clarum
1133 1454 1202 1503 esse,
1215 1445 1244 1492 ut
1260 1446 1421 1512 unusquique
1434 1461 1480 1499 sua
1492 1451 1618 1514 possideat
1630 1457 1657 1503 et
1668 1454 1693 1504 in
1704 1467 1765 1518 poce

989 1559 1002 1585 ι
1019 1540 1102 1602 νίνιιε;
1118 1542 1144 1590 et
1155 1539 1238 1605 magni
1256 1542 1434 1596 aestimandum
1445 1559 1515 1603 esse,
1530 1548 1627 1599 nullum
1639 1549 1767 1602 inimicum

990 1657 1003 1683 ι
1015 1637 1056 1688 vel
1065 1640 1165 1702 tempus
1177 1641 1291 1691 metuere
1302 1660 1309 1691 ι
1323 1645 1395 1706 turpe
1411 1657 1471 1694 vero
1484 1658 1554 1708 esse,
1566 1645 1598 1697 ob
1611 1661 1696 1698 rerum
1710 1650 1768 1700 alie·

989 1756 1001 1781 ιι
1016 1750 1105 1787 narum
1115 1736 1278 1801 cupiditatem
1288 1739 1439 1791 bellumnou
1449 1744 1618 1795 necessarium
1627 1746 1765 1806 sustinere,

989 1854 1002 1879 ι
1016 1835 1042 1884 in
1055 1848 1106 1899 quo
1126 1837 1152 1886 et
1169 1849 1255 1888 omnes
1271 1851 1330 1889 suas
1349 1837 1463 1890 fortunas
1475 1840 1502 1891 iu
1519 1840 1658 1906 periculum
1673 1845 1707 1895 sit
1720 1845 1767 1895 ad·

987 1944 1138 1998 «ducturus
1157 1967 1164 1998 ι
1184 1949 1257 2013 eique
1271 1950 1371 2013 premia
1387 1949 1526 2009 ostendite,
1549 1959 1607 2013 qum
1626 1942 1694 1996 baud
1712 1944 1766 2008 pari

987 2037 1088 2087 «modo
1108 2039 1148 2090 vol
1166 2040 1241 2091 rebus
1261 2040 1364 2092 feliciter
1390 2041 1430 2092 rel
1456 2039 1588 2091 infeliciter
1609 2026 1701 2104 gestis,
1722 2050 1765 2087 eos

986 2153 999 2178 ιι
1016 2138 1131 2194 manent,
1146 2136 1190 2200 qui
1208 2150 1281 2201 agros
1294 2136 1388 2188 alienos
1406 2139 1535 2202 appetunt.
1568 2138 1622 2187 Hoc
1638 2135 1729 2191 eiiam,
1743 2133 1763 2184 si

986 2248 999 2273 ιι
1016 2228 1101 2290 vultis,
1122 2228 1223 2290 addite,
1246 2230 1298 2280 tore
1308 2233 1351 2289 ut,
1368 2230 1430 2281 dnm
1444 2230 1520 2282 nrbes
1536 2229 1765 2291 aliorum,in1usic

985 2343 997 2367 ι
1015 2323 1107 2384 velim,
1117 2325 1165 2374 nisi
1185 2324 1301 2385 vincant,
1321 2338 1367 2375 suo
1379 2325 1455 2376 etiam
1469 2339 1529 2390 agro
1543 2329 1570 2376 ct
1581 2325 1643 2377 urbe
1656 2324 1765 2389 spolien-

984 2435 997 2459 ιι
1012 2418 1062 2475 tur,
1075 2418 1101 2466 et
1110 2418 1231 2480 praeterea
1245 2430 1337 2468 uxores
1350 2430 1408 2467 suas
1420 2415 1556 2468 indissime
1570 2417 1688 2475 tractari,
1704 2416 1762 2467 libc-

984 2529 996 2553 ιι
1011 2522 1102 2573 rosque
1126 2508 1158 2559 ad
1173 2509 1349 2560 contumeliam
1370 2509 1437 2575 rapi,
1467 2512 1492 2560 et
1514 2512 1629 2574 parentes
1647 2512 1761 2559 extrema

984 2624 995 2648 ιι
1010 2608 1139 2656 senectute
1150 2618 1183 2656 ex
1198 2604 1284 2656 liberis
1298 2618 1384 2656 servos
1402 2603 1457 2655 lieri
1470 2603 1586 2666 rideant;
1600 2602 1675 2654 simul
1685 2602 1761 2653 etiam

982 2719 994 2741 ι
1010 2703 1124 2750 senatum
1139 2698 1240 2763 docete,
1253 2714 1312 2751 eum
1331 2699 1422 2750 borum
1444 2699 1566 2749 malorum
1577 2710 1691 2748 caussam
1706 2697 1761 2747 cul·

983 2816 995 2839 ι
1009 2808 1128 2860 pamque,
1146 2808 1195 2845 non
1218 2794 1244 2843 in
1256 2794 1391 2854 Marcium,
1414 2793 1458 2846 sed
1479 2794 1505 2844 ln
1521 2806 1592 2844 suam
1615 2793 1694 2858 ipsius
1716 2791 1761 2843 tle-

976 2904 994 2933 ἰι
1010 2889 1129 2940 mantiam
1141 2887 1254 2940 conterre
1265 2888 1372 2940 debere:
1392 2890 1453 2954 qui,
1472 2902 1529 2939 cnm
1552 2887 1600 2952 ipsi
1614 2887 1687 2937 liceat
1706 2886 1760 2937 ius·

982 3000 994 3023 ιι
1012 2981 1091 3032 titiam
1106 2995 1233 3039 exercere,
1256 2984 1282 3032 et
1299 2982 1325 3032 in
1345 2982 1440 3031 nullam
1452 2980 1620 3031 calamitatem
1640 2977 1757 3036 incidere,

980 3093 994 3121 ιι
1008 3075 1081 3125 malit
1102 3079 1185 3126 tamen
1200 3075 1232 3126 de
1255 3089 1354 3126 summa
1376 3090 1461 3127 rernm
1478 3074 1558 3125 aleam
1582 3073 1677 3135 iacere,
1697 3071 1759 3121 durn

981 3191 993 3213 ι
1008 3175 1128 3235 perpetuo
1137 3170 1224 3221 alienae
1233 3170 1322 3221 ditioni
1337 3170 1422 3222 inhiet.
1435 3170 1540 3221 Habetis
1549 3181 1667 3234 responsa
1678 3181 1735 3218 mea
1751 3185 1757 3215 :

980 3285 993 3310 ι
1008 3265 1072 3316 nihil
1089 3265 1159 3316 allud
1175 3268 1296 3330 practerea
1309 3269 1453 3330 exspectate
1472 3279 1479 3308 ε
1498 3264 1542 3316 scd
1556 3263 1638 3321 abite,
1653 3265 1679 3314 et
1694 3263 1757 3327 quid

980 3379 994 3405 ι
1009 3359 1081 3411 uobis
1099 3359 1222 3424 agendum
1245 3359 1279 3410 sit
1299 3358 1464 3409 considerate.
1516 3357 1594 3408 vobis
1617 3360 1703 3408 autem
1725 3356 1757 3407 ad

974 3471 985 3492 ι
1003 3449 1190 3499 deliberandum
1205 3448 1258 3497 dios
1276 3447 1375 3510 triginta
1392 3447 1509 3499 concedo.
1544 3452 1641 3501 interea
1659 3453 1754 3502 veroin

980 3568 992 3591 ι
1008 3551 1078 3597 tuam
1098 3548 1303 3612 reliquorumque
1322 3548 1434 3597 vostrum
1457 3545 1576 3610 matiam,
1591 3545 1700 3603 llinuci,
1723 3558 1755 3594 ex

980 3658 994 3683 ιι
1006 3639 1055 3689 boc
1069 3652 1128 3702 agro
1151 3638 1235 3701 copias
1255 3637 1387 3688 abducam.
1432 3638 1459 3687 Sl
1475 3637 1540 3688 enim
1562 3637 1603 3687 bic
1624 3638 1754 3693 maneant,

978 3747 1124 3798 «magnum
1151 3733 1271 3783 damnum
1300 3732 1436 3796 accipietis.
1485 3731 1603 3783 Ceterum
1634 3731 1667 3781 ad
1688 3730 1755 3780 diem

977 3849 990 3874 ι
1005 3828 1160 3893 trigesimum
1173 3841 1214 3878 me
1228 3826 1261 3878 ad
1277 3826 1420 3891 accipienda
1434 3839 1550 3890 responsa
1561 3828 1696 3875 venturum
1709 3838 1755 3874 er·

977 3944 989 3969 ι
1004 3925 1124 3989 spectate.
1134 3942 1147 3966 ιι

1006 4085 1116 4134 xxxvi
1134 4084 1195 4133 Haec
1207 4081 1307 4131 locutus
1326 4078 1452 4138 surrexit,
1473 4080 1673 4143 conventumque
1684 4076 1754 4127 dimi·

976 4173 1017 4224 sit.
1061 4172 1178 4236 sequenti
1198 4184 1257 4221 vcro
1278 4172 1362 4220 nocte.
1386 4166 1487 4218 circiter
1507 4166 1623 4217 ultimam
1643 4166 1755 4231 vigiliam

975 4262 1051 4313 motis
1068 4262 1173 4317 castris,
1193 4257 1221 4310 in
1237 4258 1349 4324 reliquas
1360 4256 1504 4307 Latinorum
1521 4256 1597 4307 urbes
1616 4256 1753 4307 exercitum

975 4349 1064 4408 ἀυτῆς
1083 4350 1137 4400 sive
1154 4347 1223 4414 quod
1242 4360 1329 4398 revera
1340 4345 1471 4407 audisset,
1488 4343 1572 4408 aliqua
1587 4344 1644 4395 inde
1660 4344 1755 4395 auxilia

975 4439 1095 4490 Romanis
1116 4441 1237 4498 ventura,
1257 4439 1285 4487 ut
1307 4439 1367 4487 tuuc
1388 4435 1441 4500 ipsa
1463 4434 1624 4486 inconcione
1644 4434 1751 4492 dixerat,

975 4530 1027 4580 sive
1036 4529 1103 4593 quod
1114 4544 1173 4580 curn
1192 4541 1319 4579 rumorem
1330 4525 1383 4591 ipso
1392 4525 1512 4583 finxisset.
1528 4526 1581 4576 sive
1597 4523 1672 4574 etiam
1687 4537 1718 4573 ne
1728 4523 1754 4572 iu

974 4617 1086 4670 hostiurn
1099 4619 1205 4684 gratiam
1226 4633 1240 4669 a
1262 4617 1328 4669 bello
1354 4629 1452 4667 cessure
1471 4614 1607 4666 videretur.
1648 4614 1754 4675 aggres-

974 4721 1018 4759 sus
1035 4713 1120 4761 autem
1139 4709 1289 4774 Longulam,
1313 4723 1369 4760 cam
1389 4708 1443 4759 sine
1457 4705 1556 4772 negotio
1575 4704 1687 4752 insuam
1708 4715 1754 4765 po·

971 4798 1089 4849 testatem
1107 4796 1219 4862 redegit,
1239 4801 1265 4848 et
1285 4797 1374 4848 eodem
1388 4796 1478 4853 modo,
1492 4808 1544 4858 quo
1558 4795 1654 4842 ceteras
1665 4791 1751 4848 urbes,

974 4889 1107 4947 tractarit,
1126 4888 1225 4938 civibus
1247 4887 1272 4937 in
1291 4888 1438 4938 servitutem
1459 4883 1609 4942 abstractis,
1628 4880 1753 4944 rebusque

972 4977 1089 5028 omnibus
1101 4976 1213 5041 direptis,
1225 4979 1302 5041 atque
1316 4975 1374 5027 iudo
1383 4977 1466 5043 copias
1481 4976 1507 5026 iu
1515 4974 1657 5025 Satricanos
1668 4971 1750 5022 duxit.

972 5068 1074 5116 Etcum
1089 5064 1166 5116 buius
1186 5066 1274 5117 incolae
1295 5081 1344 5117 nou
1361 5066 1407 5117 diu
1429 5066 1477 5131 ipsi
1501 5064 1667 5124 restitissent,
1689 5062 1753 5113 banc

972 5167 1073 5219 quoque
1099 5153 1265 5218 expugnavit,
1295 5153 1458 5219 predamque
1485 5152 1618 5217 utriusque
1641 5149 1711 5202 urbis
1737 5165 1752 5201 a

972 5245 1042 5308 parte
1054 5242 1180 5294 exercitus
1196 5244 1314 5295 Ecetram
1329 5241 1470 5307 absportari
1480 5240 1569 5303 iussit,
1584 5243 1610 5291 et
1627 5238 1680 5305 ipso
1694 5249 1752 5287 cum
