4088 5936
624 432 920 521 ANttQtJtrtrunt
942 432 1091 495 ROMAN.
1115 431 1187 491 LlB.
1211 429 1262 489 tv.

139 581 275 655 προσεῖναι
293 570 340 631 καί
356 570 482 652 βαρύτης,
502 566 592 627 καὶτὸ
606 567 643 646 μὴ
658 570 783 646 παρεῖναι
795 565 861 647 πρός
874 567 918 626 τὸν

140 665 266 738 σύλλογον
285 660 365 720 αὐτὸν
383 660 428 719 τόν
451 656 600 729 κεκληκότα
618 660 672 716 τῶν
686 657 774 717 ἄλλων
794 656 918 717 ἁπάντων

136 755 287 834 παρόντων.
331 745 557 824 Ἀπολογουμὲνοο
573 743 600 804 δὲ
615 748 661 803 τοῦ
676 743 815 817 Μαμιλίου
828 750 874 802 καί
884 747 919 811 εἰς

140 837 368 920 δναγκαίαςτινδς
377 832 555 917 Ι,ιίγαιρίροντος
567 831 652 899 αἰτίας
660 831 705 890 τόν
714 837 760 893 τοῦ
771 834 919 911 Ταρκυνίου

18 930 19 963 ³
101 962 113 999 ς
136 926 299 1013 χρανςσγεδγ,
317 921 498 1001 ἀναύαλέσθαί
524 920 548 999 τ’
571 919 700 987 όξιοῶντος
724 920 769 979 τὸν
793 921 918 1000 σύλλογον

139 1022 175 1086 εἰς
190 1016 246 1093 λτὴν,
262 1017 386 1081 ἐπιοῦσαν
408 1010 523 1097 ἡμέραν,
538 1010 684 1075 πεισθέντες
698 1010 722 1068 οί
734 1008 854 1091 πρόεδροι
866 1015 919 1070 τῶν

140 1098 438 1183 Λατίνωνιᾶνέύόλοντο
447 1101 494 1172 τὴν
511 1098 617 1175 βουλήν.

182 1196 284 1258 XLVI.
309 1194 352 1269 Τῇ
368 1192 390 1249 δ’
403 1189 461 1261 ἑξῆς
474 1186 562 1268 ἡμέρᾳ
575 1190 663 1264 παρῆν
678 1190 692 1245 δ
707 1188 861 1267 Ταρκύνιος,
874 1190 919 1248 καλ

140 1282 312 1364 συναχθέντος
325 1284 371 1339 τιῶ
383 1278 523 1356 συλλόγου,
538 1274 623 1355 μικροί
637 1275 659 1333 θ’
673 1276 738 1354 ύπδρ
752 1281 799 1337 τοῦ
813 1300 920 1359 χρονισ-

91 1400 115 1440 to
141 1379 193 1453 μοῶ
216 1369 362 1450 προειπὼν,
392 1366 460 1447 ύπὲρ
474 1371 522 1439 τῆς
544 1363 689 1445 ἡγεμονίας
711 1363 784 1432 etti<
805 1368 920 1428 ίποιεῑτο

140 1464 243 1542 λόγους,
254 1464 290 1527 ῶς
304 1456 373 1518 κατὰ
383 1457 414 1518 τδ
424 1457 524 1516 δίκαιον
539 1458 611 1534 αύτῷ
622 1454 814 1536 προσηκούσης,
829 1456 920 1530 ἐπειδὴ

141 1551 289 1631 Ταρκύνιος
303 1545 386 1618 αὐτὴν
404 1543 533 1624 κατίσχεν
549 1549 563 1605 δ
578 1543 687 1610 πάππος
701 1545 797 1615 αὐτοῦ,
812 1545 921 1627 πολέμῳ

143 1640 320 1716 κτησόμενος,
330 1635 376 1694 καί
392 1633 438 1702 τὰς
453 1632 583 1706 συνθήκας
602 1632 746 1713 παρείχετο
757 1633 804 1701 τὰς
815 1635 921 1713 γενομί·

144 1754 189 1797 νας
201 1731 261 1794 ταῖς
273 1725 367 1785 πόλεσι
379 1723 444 1804 πρὸς
457 1725 565 1783 ἐκεῖνον.
610 1719 701 1782 Πολύν
721 1719 749 1781 δί
765 1722 842 1802 λόγον
856 1724 922 1803 ὑπὲρ

91 1841 115 1882 ts
143 1824 191 1878 τοῦ
206 1815 307 1876 δικαίου
321 1814 366 1873 καῖ
378 1816 435 1872 τῶν
442 1813 590 1889 ὁμολογιῶν
605 1807 740 1879 διεξελθὼν
751 1812 798 1871 καὶ
818 1814 923 1893 μεγάλα

143 1907 194 1973 τδς
212 1904 300 1971 πόλεις
312 1905 492 1983 εὐεργετήσειν
504 1900 694 1981 ὑποσχόμενος,
707 1899 752 1961 ίδιν
766 1903 835 1979 ίνεῇ
850 1904 924 1986 φιλία

145 1995 311 2073 διαμείνωσι,
325 1994 455 2052 τελευτῶν
472 1991 572 2050 ἔπειθεν
587 1988 682 2058 αὐτούς
696 1988 741 2051 ἐπὶ
753 1989 785 2049 τὸ
801 1991 924 2052 Σαόίνων

141 2086 218 2153 ἔθνος
232 2080 426 2162 συστρατεύειν.
469 2080 518 2147 Ὦς
529 2078 550 2142 δ’
560 2078 695 2137 ἐπαύσατο
715 2078 812 2156 λίγυιν,
826 2084 924 2161 παρελ-

146 2174 200 2235 θὼν
215 2178 229 2233 ὁ
242 2171 345 2251 Τύρνος
358 2172 373 2228 δ
386 2168 433 2229 καλ
446 2167 490 2227 τὀν
504 2167 617 2249 ὀψισμὸν
630 2169 711 2227 αύτοῶ
725 2168 859 2230 testetur
879 2172 927 2230 ούκ

92 2288 122 2327 eo
148 2264 189 2323 εἶα
203 2260 264 2328 τοὺς
278 2258 417 2338 συνέδρους
431 2257 601 2337 παραχωρεῖν
618 2260 656 2334 τῷ
672 2256 746 2338 α’νδρὶ
761 2262 808 2330 τῆς
825 2260 925 2339 ἀρχῆς,

148 2357 184 2418 ῶς
195 2349 254 2412 ούτε
275 2347 389 2408 κατὰτὸ
407 2345 508 2406 δίκαιον
528 2349 599 2427 αὐτῷ
613 2345 797 2424 προσηκούσης
813 2347 868 2407 οὔτ’
883 2351 927 2409 tsi

149 2445 186 2520 τῷ
198 2437 360 2517 συμφέροντι
381 2437 434 2494 τῶν
456 2433 578 2495 Λατίνων
592 2436 782 2512 δοθησομένης·
794 2435 841 2496 καί
863 2440 928 2498 πολ·

149 2531 208 2597 λσδς
222 2530 288 2607 ύπὲρ
302 2526 458 2606 όμροτίρων
474 2524 589 2596 διεξῆλθε
608 2524 711 2604 λόγους,
732 2525 780 2593 τδις
798 2526 846 2603 μίν
867 2552 929 2589 συν-

150 2622 245 2693 θήκας,
263 2618 295 2683 δς
308 2614 469 2686 ἐποιήσαντο
479 2613 544 2695 πρός
556 2613 601 2672 τὸν
620 2615 729 2674 πόππον
746 2617 827 2676 αύτοῶ
845 2641 930 2699 παρα·

95 2746 122 2783 25
150 2707 274 2780 διδόντες,
288 2704 337 2777 τὴν
360 2702 502 2782 ἡγεμονίαν
527 2700 652 2763 λελύσθαι
679 2704 763 2782 λόγων
791 2703 858 2782 μετὰ
885 2705 929 2764 τδν

151 2798 249 2859 ἐκείνου
263 2794 385 2868 θάνατον,
399 2791 443 2852 διὰ
458 2792 486 2852 τό
508 2791 547 2870 μὴ
561 2793 776 2873 προσγεγριίρθαι
789 2797 848 2861 ταῖς
864 2797 930 2872 δμο-

151 2887 261 2965 λογίαις,
280 2883 332 2955 τὴν
343 2880 427 2952 αὐτὴν
442 2871 509 2941 εἶναι
522 2881 622 2963 δωρεὰν
643 2882 688 2940 καὶ
708 2891 763 2949 τοῖς
782 2883 929 2964 Ταρκυνίου

152 2976 277 3053 ἐγγόνοις·
299 2972 384 3032 τόνδ’
409 2970 529 3040 ἀξιοῦντα
544 2975 597 3029 τῶν
623 2978 669 3031 τοῦ
692 2973 801 3032 πάππου
828 2973 931 3048 δωρεῶν

151 3058 330 3145 κληρονρμεῑν,
340 3059 463 3119 ἁπάντων
477 3059 620 3140 ἀνθρώπων
633 3060 857 3139 παρανομώτατον
869 3064 931 3122 ιίπο-

97 3191 125 3231 „
152 3152 253 3236 ραίνων
268 3150 314 3208 καὶ
327 3149 513 3230 πονηρότατον,
529 3148 616 3228 [καὶ]
630 3149 676 3216 τδις
687 3148 793 3230 πράξεις
800 3153 878 3211 αὐτοῦ
892 3155 931 3213 δι.

153 3239 246 3310 εξιόιν,
267 3236 297 3306 t,
320 3238 364 3296 ἐπὶ
391 3241 429 3318 τῷ
450 3240 595 3317 κατασχεῖν
615 3235 663 3308 τὴν
676 3235 820 3315 Ῥωμαίων
838 3240 931 3321 ,ἀρχὴν

154 3328 336 3389 ἐπετελέσατο.
380 3324 527 3394 Διεξελθόιν
539 3327 566 3385 δὲ
581 3325 681 3393 πολλός
690 3328 769 3386 αὐτοῦ
783 3328 828 3387 καὶ
848 3330 932 3398 δεινίις

153 3440 253 3497 κατηγο
271 3418 327 3492 ίας,
350 3417 479 3475 τελευτῶν
499 3414 635 3475 ίδίδασκεν
656 3420 691 3483 ῶς
711 3416 770 3474 οὐδὲ
788 3417 836 3489 τὴν
858 3422 932 3497 βασι.

153 3512 227 3571 λείαν
242 3442 298 3589 εῖχε
313 3509 361 3583 τὴν
377 3507 521 3587 Ῥωμαίων
548 3507 617 3569 κατὰ
630 3508 724 3585 νόμους
737 3507 800 3586 παρ’
819 3511 930 3570 ἑκόντων

98 3616 127 3653 ³⁵
151 3597 356 3678 λαόῶν,ῶσπερ
370 3600 394 3658 οί
417 3598 469 3678 πρὸ
489 3599 569 3657 αὐτοῦ
589 3598 717 3676 βασιλεῖς,
731 3594 820 3665 ὅπλοις
837 3600 865 3656 δὲ
885 3602 931 3660 καὶ

156 3690 202 3771 βίορ
217 3687 390 3768 κατισχύσας,
410 3690 567 3768 τυραννικήν
582 3712 611 3749 τε
626 3692 773 3771 μοναρχίαν
793 3717 930 3769 καταστη-

154 3781 279 3858 σόμενος,
289 3777 349 3845 τοὺς
376 3778 423 3855 μὲν
436 3779 588 3838 ἀποκτείνοι
607 3783 659 3839 τῶν
693 3787 819 3860 πολιτῶν,
835 3785 893 3854 τούς
906 3789 931 3846 δ’

154 3869 287 3941 ἔξελαύνοι
302 3872 348 3940 τῆς
361 3870 494 3949 πατρίδος,
505 3873 557 3929 τῶν
567 3870 594 3929 δί
605 3872 760 3952 περικόπτοι
772 3873 819 3943 τίις
830 3875 931 3958 οὐσίας,

154 3963 280 4023 δπόντων
296 3960 319 4018 δ’
337 3958 394 4035 tp«
414 3958 462 4031 τὴν
482 3960 634 4039 παρρησίαν
648 3963 694 4019 καί
716 3961 765 4033 τὴν
784 3967 931 4046 ίλευθερίαν

101 4062 127 4099 ⁴⁰
152 4055 306 4131 ιἰραιροῑτο·
332 4050 433 4119 πολλῆς
456 4072 486 4108 τε
506 4050 607 4129 μωρίας
620 4051 670 4131 ἔφη
694 4054 739 4114 καί
761 4054 931 4124 θεούλαόείας

153 4134 232 4217 εἶναι,
244 4139 319 4219 παρὰ
340 4144 455 4219 πονηροῦ
470 4141 516 4201 καὶ
536 4141 642 4201 όνοσίου
654 4144 752 4222 τρόπου
766 4147 883 4226 χρηστόν
906 4170 932 4205 τι

153 4231 198 4289 καί
211 4229 395 4310 φιλάνθρωπον
405 4228 530 4302 deusto,
545 4230 590 4289 καί
603 4233 718 4309 νομίζειν
733 4236 768 4301 ῶς
779 4237 794 4291 ὁ
807 4237 860 4292 τῶν
871 4256 932 4312 συγ·

153 4318 318 4396 γενεσταίτων
330 4340 360 4376 τι
374 4315 421 4376 καί
434 4319 649 4396 ἀναγκαιοτάτων
661 4320 699 4398 μὴ
714 4323 870 4402 φεισόμενος
880 4328 933 4383 τῶν

154 4406 300 4484 diespiter
323 4404 458 4486 φείσεται·
471 4407 585 4488 παρῄνει
598 4408 623 4468 θ’
636 4410 684 4476 ἕως
703 4410 778 4472 αύπω
790 4419 833 4472 τὸν
849 4416 931 4493 χαλι-

101 4516 127 4554 ιε
152 4494 197 4555 νδν
212 4494 339 4574 εἰλήφασι
353 4498 399 4565 τῆς
412 4494 540 4565 δουλείας,
560 4499 622 4580 περὶ
635 4504 682 4559 τοῖν
697 4500 735 4579 μὴ
750 4501 842 4563 λαθεῖν
854 4501 933 4562 αὐτόν

154 4583 345 4661 διαμάχεσθαι,
362 4583 389 4652 ἐξ
399 4575 437 4645 ῶν
452 4585 537 4665 &spot
552 4590 699 4648 πεπόνθασι
718 4590 808 4649 δεινῶν
823 4614 934 4669 τεκμαι·

153 4670 281 4752 ρομίνους
296 4672 314 4731 ἃ
328 4673 497 4749 συμόῆσεται
511 4680 605 4736 παθεῖν
615 4679 712 4745 αύτοῖς.

197 4762 313 4823 XLVII.
337 4763 458 4844 Τοιαύτη
473 4767 628 4848 καταδρομῇ
646 4772 694 4827 τοῦ
711 4766 815 4849 Τύρνου
828 4790 934 4848 χρησα·

155 4848 248 4927 μόνον,
265 4852 311 4910 καί
332 4856 385 4912 τῶν
407 4856 513 4914 πολλῶν
530 4855 629 4938 σφόδρα
645 4856 802 4929 κινηθέντων
822 4857 867 4915 ἐπὶ
883 4864 935 4923 τοῖς

102 4960 131 4999 ee
155 4936 253 5015 λόγοις,
273 4941 452 5018 αἰτησόμενος
473 4944 510 5011 εἰς
530 4944 674 5022 ἀπολογίαν
697 4945 874 5023 δΤαρκύνιος
887 4944 935 5017 τὴν

157 5028 287 5087 ἐπιοῦσαν
301 5029 404 5109 ἡμέραν
424 5034 470 5090 καὶ
487 5031 591 5107 λαόῶν,
605 5037 641 5100 ὡς
657 5037 671 5091 ὁ
686 5032 812 5110 σύλλογος
830 5033 936 5107 διελύθη

157 5116 937 5198 παρακαλίσαςτούςἀναγκαιοτάτουςίσκόπειμετ’ίκείνων

157 5204 214 5265 τίνα
229 5206 361 5286 χρηστέον
379 5212 434 5275 τοῖς
456 5210 596 5288 πράγμασι
619 5211 725 5291 τρόπον.
769 5212 805 5271 Oi
825 5209 873 5288 μίν
893 5203 938 5271 ούν

159 5294 235 5357 iiior
249 5295 310 5364 τούς
320 5296 423 5376 λόγους,
436 5296 480 5365 ούς
493 5290 526 5372 ἦν
544 5301 616 5380 αύτῷ
629 5299 735 5359 λεκτίον
749 5300 793 5358 iot
806 5304 853 5375 τῆς
869 5303 939 5360 nino·

1690 427 1751 487 229

974 574 1096 625 adessent.
1130 573 1180 625 sed
1194 569 1341 621 defendente
1362 568 1434 618 ilium
1449 566 1566 627 Mnmttio,
1579 571 1606 617 et
1625 567 1752 631 Tarquinii

973 710 1057 747 mores
1064 695 1210 747 necessariis
1234 692 1383 759 quibusdum
1403 697 1429 743 et
1441 691 1587 757 urgentibus
1603 691 1700 742 caussis
1711 705 1753 763 esf

972 826 1083 883 cumnte,
1103 826 1129 873 et
1142 826 1172 872 ut
1184 820 1316 872 concilium
1331 820 1356 870 in
1377 820 1512 870 crastinum
1524 818 1590 869 diem
1607 816 1754 868 differretur

973 947 1093 1008 rogante,
1117 944 1239 1009 principes
1261 944 1403 995 Latinorum
1419 943 1474 995 eius
1495 942 1607 993 emtione
1622 941 1754 993 'commodi
1787 928 1792 937 “

972 1065 1104 1116 concitium
1114 1064 1272 1116 distulerunt.

1006 1206 1092 1255 xtvt.
1111 1206 1229 1270 Sequenti
1250 1218 1311 1256 rero
1328 1206 1369 1258 die
1384 1207 1452 1258 venit
1473 1208 1635 1272 Tarquinius,
1654 1212 1681 1260 et
1693 1221 1755 1259 cen·

977 1303 1064 1350 roceto
1075 1298 1194 1359 conuitio,
1220 1301 1340 1365 pretatur
1362 1314 1441 1366 peuce
1459 1305 1489 1353 ut
1509 1316 1536 1352 se
1553 1306 1670 1366 purgaret
1688 1301 1755 1366 quod

976 1395 1058 1446 serius
1076 1392 1199 1455 venisset,
1219 1396 1304 1446 stetim
1315 1393 1347 1445 de
1367 1396 1505 1461 principatu
1525 1396 1600 1446 verbe
1611 1396 1693 1447 tacere
1707 1410 1757 1446 cue-

975 1489 1020 1553 pit,
1043 1489 1162 1553 quemad
1182 1503 1209 1539 se
1235 1490 1287 1538 iure
1301 1487 1423 1551 pertinere
1439 1487 1551 1545 dicebat,
1565 1488 1681 1550 quonism
1692 1489 1755 1537 Ter-

976 1582 1079 1646 quiuius
1103 1596 1165 1632 evus
1187 1583 1268 1646 ipsum
1288 1580 1363 1631 ermis
1385 1579 1517 1645 quesitum
1540 1579 1707 1631 obtinuisset:
1732 1586 1758 1632 et

977 1670 1130 1728 conditiones
1160 1677 1275 1739 insederis,
1290 1678 1358 1741 quod
1381 1677 1464 1741 popuii
1490 1690 1548 1727 cnm
1571 1676 1612 1726 itio
1635 1678 1755 1743 iecerunt,

978 1775 1087 1839 protulit.
1122 1777 1187 1825 cum
1198 1776 1281 1825 eutem
1290 1773 1384 1838 prolixo
1397 1774 1509 1824 oratione
1519 1772 1550 1823 de
1561 1773 1616 1823 iure
1622 1777 1650 1825 et
1660 1773 1758 1825 toederis

979 1865 1160 1918 conditionibus
1170 1867 1339 1928 dissemieset,
1352 1872 1379 1919 et
1397 1868 1494 1932 mugnis
1510 1867 1632 1919 beneficiis
1645 1883 1659 1918 n
1674 1882 1701 1920 se
1711 1883 1758 1934 po·

979 1963 1051 2028 pulos
1069 1962 1169 2014 Lutinos
1189 1961 1306 2014 uttectunr
1328 1962 1359 2014 iri
1382 1961 1554 2026 promisisset,
1567 1962 1588 2013 si
1607 1963 1632 2012 in
1651 1961 1760 2013 ornicitiu

980 2056 1185 2121 permansissent,
1206 2054 1306 2105 nouem
1331 2054 1480 2120 persuadere
1499 2055 1547 2105 iitis
1571 2056 1708 2107 connbotur
1731 2060 1760 2107 nt

980 2154 1066 2202 contro
1080 2150 1227 2201 sebinomm
1244 2154 1342 2215 geniem
1356 2162 1442 2201 secum
1456 2149 1637 2215 expeditionem
1647 2151 1759 2216 suscipe·

981 2249 1043 2297 rent.
1077 2245 1126 2296 Ubi
1137 2243 1234 2296 dicendi
1251 2245 1323 2295 tinem
1344 2243 1416 2304 tecit,
1433 2247 1532 2295 'turnus
1546 2258 1692 2310 progressus
1712 2249 1761 2302 est,

981 2343 1008 2390 et
1029 2338 1085 2389 eius
1104 2351 1199 2389 morum
1222 2338 1368 2389 crirninetus
1392 2352 1442 2388 ιιοιι
1465 2338 1606 2403 petiebatur
1629 2338 1761 2388 concitium

981 2432 1085 2498 imperio
1093 2432 1126 2483 itti
1143 2431 1231 2484 cedere
1242 2432 1307 2496 quod
1322 2446 1402 2497 neque
1417 2432 1470 2483 iure
1483 2433 1514 2483 sd
1536 2446 1593 2483 eum
1613 2433 1760 2498 pertineret,

982 2540 1081 2592 neque,
1106 2528 1127 2580 si
1146 2528 1304 2590 cideretur,
1327 2528 1467 2593 roipuotiee
1483 2528 1626 2579 Latinorum
1646 2529 1761 2593 protutu-

982 2623 1114 2672 sumerset
1123 2641 1130 2671 ι
1139 2619 1291 2672 etmuttede
1302 2624 1407 2685 utroque
1417 2634 1443 2671 re
1450 2620 1585 2672 disseruit:
1596 2621 1675 2671 sudus
1685 2619 1761 2676 enirn,

974 2713 1050 2776 quod
1065 2727 1123 2764 curn
1137 2714 1192 2764 eius
1210 2728 1257 2764 ero
1276 2713 1369 2765 tradito
1387 2714 1537 2780 ittiimpcrio
1552 2713 1683 2775 iecissent,
1707 2717 1763 2777 post

982 2806 1037 2858 eius
1047 2810 1153 2858 mortem
1169 2808 1274 2858 sotutom
1286 2806 1393 2869 dicebat,
1407 2807 1476 2872 quod
1490 2821 1540 2858 noo
1560 2808 1713 2874 adscriptum
1720 2820 1763 2859 es·

984 2905 1023 2951 set
1037 2901 1062 2951 in
1083 2900 1182 2952 terdenis
1192 2900 1383 2962 conditionibus,
1401 2908 1430 2953 nt
1441 2901 1506 2952 idem
1524 2902 1618 2953 donum
1637 2900 1764 2966 Tarquinii

983 2994 1210 3059 posterisderetur:
1226 2993 1465 3060 demonstrabotque
1482 2995 1563 3060 ipsum
1573 3034 1579 3055 ,
1591 2996 1636 3061 qui
1649 2995 1721 3046 rettet
1738 2995 1765 3044 in

985 3088 1025 3139 eri
1044 3089 1100 3139 iure
1112 3089 1258 3153 succedere,
1272 3090 1382 3141 omnium
1394 3091 1536 3141 montelium
1546 3090 1764 3141 sceleratissimum

985 3185 1010 3233 et
1022 3182 1158 3247 pessimum
1170 3197 1224 3235 esse
1237 3203 1243 3234 ι
1254 3188 1282 3235 et
1295 3198 1426 3236 recensens
1435 3198 1465 3235 eu
1480 3199 1538 3248 que
1550 3185 1658 3245 iecerat,
1674 3188 1704 3233 ut
1715 3186 1764 3232 im·

986 3278 1080 3340 perium
1096 3277 1262 3328 Romanorum
1274 3281 1424 3343 occuparet,
1440 3282 1496 3343 post
1506 3276 1766 3341 mutteutquessrerie

986 3361 1089 3420 crimino
1099 3369 1123 3419 in
1141 3384 1199 3421 cum
1211 3375 1336 3435 congesto,
1351 3371 1451 3422 taudem
1464 3372 1550 3424 docuit
1557 3385 1614 3423 eum
1623 3385 1656 3424 ne
1663 3384 1766 3438 regnum

987 3464 1087 3529 quidem
1112 3467 1278 3515 Romanorum
1301 3480 1329 3516 ex
1345 3467 1397 3530 tepe
1422 3467 1596 3519 arotentibus
1621 3468 1763 3533 uccepissc,

987 3558 1196 3624 quemadmodum
1213 3560 1353 3624 superiores
1368 3574 1453 3625 reges,
1467 3562 1512 3612 sed
1525 3562 1601 3611 ermis
1615 3565 1642 3613 et
1658 3576 1702 3626 per
1716 3563 1766 3612 rim

989 3656 1140 3715 occupatum
1160 3656 1260 3712 tenere,
1277 3651 1354 3716 idque
1371 3653 1395 3703 in
1411 3655 1561 3716 tyrannicum
1575 3656 1767 3706 deminutionem

992 3746 1109 3806 vertisse,
1120 3745 1245 3797 etciviurn
1260 3746 1322 3797 ulios
1333 3746 1490 3807 interficere,
1506 3740 1567 3798 atius
1583 3748 1662 3812 petria
1684 3749 1768 3812 pulsos

986 3843 1012 3894 in
1023 3839 1137 3892 exsilium
1154 3854 1234 3906 ogere,
1252 3840 1314 3892 aiios
1331 3841 1437 3892 torturis
1452 3842 1566 3906 spoliare,
1577 3841 1695 3892 omnibus
1707 3855 1768 3893 vero

988 3935 1062 3987 simul
1073 3935 1211 3988 tibertntem
1224 3936 1325 3988 rirendi
1338 3940 1367 3988 et
1384 3937 1500 4000 loquendi
1512 3937 1607 4001 eripere
1626 3953 1632 3984 :
1645 3934 1767 3987 hominis·

987 4046 1036 4097 qne
1050 4031 1123 4083 ratde
1134 4030 1205 4084 stutti
1228 4035 1255 4083 et
1273 4034 1356 4083 mente
1366 4031 1433 4095 cepti
1448 4044 1502 4082 esse
1515 4024 1627 4092 dicebat,
1644 4031 1666 4082 si
1683 4032 1739 4096 quis
1753 4046 1768 4082 o
1811 4049 1814 4055 ·

987 4139 1055 4177 sero
1067 4140 1097 4177 uc
1111 4126 1187 4190 impio
1198 4125 1294 4189 ingenio
1303 4125 1397 4192 aliquid
1411 4125 1470 4176 boni
1478 4130 1522 4176 out
1538 4126 1638 4176 trumeni
1648 4131 1767 4192 speraret,

987 4227 1014 4275 et
1023 4223 1177 4275 existimaret
1193 4224 1244 4274 tore
1257 4227 1287 4273 ut
1300 4223 1322 4274 is
1333 4224 1379 4287 qui
1386 4222 1527 4274 hominibus
1539 4225 1682 4288 cognatione
1691 4229 1718 4276 et
1727 4239 1769 4277 ne·

987 4319 1137 4372 cercitudine
1152 4318 1199 4369 sibi
1209 4318 1415 4370 coniunctissimis
1429 4334 1478 4370 non
1490 4321 1648 4383 pepercisset,
1659 4325 1770 4385 parceret

988 4413 1081 4464 otieris.
1127 4418 1210 4474 Quure
1229 4414 1350 4466 surdebat
1366 4416 1410 4474 nt,
1434 4413 1632 4479 quondoquidem
1660 4413 1769 4464 nondum

988 4505 1114 4558 servitutis
1127 4507 1223 4559 denum
1245 4506 1403 4572 recepissent,
1418 4506 1478 4558 totis
1501 4507 1597 4558 viribus
1610 4508 1769 4568 resisterent,

988 4601 1056 4652 neid
1078 4602 1228 4668 reciperent,
1250 4615 1282 4653 ex
1299 4601 1404 4653 otiorum
1426 4601 1608 4653 cniemitetibus
1630 4601 1689 4664 quid
1710 4600 1772 4667 ipsis

989 4700 1135 4747 eventurum
1150 4701 1216 4749 esset
1231 4697 1396 4749 coniicieotes.

1021 4792 1118 4841 divit.
1131 4792 1194 4841 cum
1208 4790 1282 4855 igitur
1295 4794 1393 4841 ‘fumus
1407 4792 1442 4842 ite
1457 4792 1482 4841 in
1493 4789 1654 4855 Torquinium
1671 4789 1771 4842 invehe-

991 4879 1202 4943 retur,muttique
1219 4880 1390 4931 incuratione
1413 4881 1572 4931 vehementer
1594 4880 1711 4932 commoti
1731 4893 1772 4932 es-
1816 4938 1819 4945 ,

991 4970 1055 5025 sent,
1066 4967 1230 5030 tarquinius,
1245 4970 1371 5033 postutoto
1392 4969 1505 5034 sequenti
1523 4969 1564 5021 die
1579 4968 1612 5020 ed
1625 4983 1652 5019 se
1664 4984 1771 5034 purgon-

991 5053 1050 5100 dnm
1084 5055 1108 5100 et
1135 5051 1280 5115 impetrato,
1312 5058 1368 5119 post
1388 5055 1520 5105 concilium
1554 5053 1684 5104 dimissum
1714 5068 1772 5106 cum

992 5137 1135 5189 necessariis
1158 5139 1209 5189 suis
1223 5142 1380 5193 consuttobnt
1393 5143 1511 5207 quidnnm
1534 5143 1674 5195 iaciendum
1695 5150 1770 5194 esset.

994 5227 1040 5277 Atii
1062 5226 1138 5290 igitur
1159 5241 1245 5279 eonrm
1263 5231 1452 5296 suppeditabant
1466 5233 1503 5295 ei,
1520 5247 1578 5298 ques
1592 5232 1631 5284 sui
1652 5220 1772 5299 pdrgonur

992 5328 1081 5367 censeo
1095 5321 1161 5368 esset
1172 5315 1295 5383 dictums,
1307 5319 1375 5371 etde
1386 5320 1460 5372 modo
1473 5336 1525 5388 quo
1541 5322 1708 5375 multitudinis
1729 5324 1775 5373 be·
