4068 5924
249 401 309 461 tic

252 556 268 587 ιι
284 533 449 612 πραγμάτων
473 538 508 603 ὡς
538 540 603 612 ἡμῖν
627 538 785 617 συνέφερεν,
810 543 856 599 οὐκ
880 540 912 599 ἀν
933 542 1024 620 εἴημεν

252 643 268 675 ιι
284 622 375 702 ἄνδρες
390 622 459 689 οἵους
478 629 550 699 ἡμᾶς
573 629 706 705 προσῆκεν
730 616 818 704 ε’ίναι,
841 631 863 688 εί
881 629 918 706 μὴ
939 654 1025 707 τιμω-

162 740 167 749 ·
254 732 269 763 ιι
287 711 437 790 ρησαίμεθα
450 710 508 777 τοδς
521 712 666 791 προδότας,
681 711 708 772 oi
726 738 756 794 γε
777 716 856 797 χωρὶς
876 722 922 789 τῆς
943 719 1025 790 ἄλλης
1049 723 1054 741 “

252 819 266 853 ιι
286 799 506 873 ἀναγκαιότητος,
523 800 555 872 ἣν
571 800 614 859 διδι
632 803 663 861 τὸ
679 806 802 882 συγγενές
824 807 905 885 ἐχρῆν
932 810 1024 877 αὐτοὺς

251 908 265 939 ιι
285 885 441 965 φυλάττειν,
465 889 577 956 σπονδδις
601 890 646 948 καί
673 893 748 972 όρκια
773 898 946 975 ποιησάμενοι
959 900 1024 979 πρὸς

250 977 353 1049 «ἡμᾶς
376 974 499 1053 ἔναγχος,
531 976 590 1036 οὔτε
614 977 685 1047 θεούς
715 983 864 1058 δείσαντες,
894 984 937 1052 οὓς
971 989 1022 1045 τῶν

250 1084 264 1116 ι
281 1064 425 1139 ὁμολογιῶν
452 1064 611 1136 ἐποιήσαντο
626 1066 776 1151 μάρτυρας,
792 1070 851 1132 οὔτε
875 1074 905 1132 τὸ
922 1075 1022 1134 δίκαιον

249 1172 264 1202 ιι
280 1147 344 1205 αὐτὸ
372 1149 416 1208 καί
442 1149 490 1221 τὴν
517 1150 680 1232 ἀνθρωπίνην
707 1159 812 1235 νέμεσιν
833 1162 1017 1242 ἐντραπέντες,

248 1234 338 1294 αούτε
362 1239 392 1295 τὸ
413 1243 460 1298 τοῦ
484 1241 604 1301 κινδύνου
626 1244 747 1322 μέγεθος,
770 1250 792 1306 τί
817 1247 855 1327 μὴ
874 1249 943 1310 κατὰ
960 1256 1020 1311 νοῦν

247 1326 367 1391 «αὐτοῖς
395 1329 411 1395 ἡ
440 1329 567 1406 προδοσία
600 1331 762 1413 χωρήσειεν,
792 1337 1019 1417 ὑπολογιζόμενοι,

246 1436 261 1467 ιι
279 1412 323 1470 τὸν
338 1412 468 1473 οἴκτιστον
483 1415 579 1494 τρόπον
602 1423 671 1492 ἡμᾶς
685 1424 861 1505 ἐπεχείρησαν
881 1427 1019 1501 ἀπολέσαι,

245 1524 260 1555 ιι
275 1499 333 1567 τοθς
354 1501 478 1569 ἀποίκους
497 1527 526 1563 τε
552 1505 597 1563 καί
618 1508 755 1587 εὐεργέτας
778 1514 802 1570 ol
824 1514 928 1572 κτίσται
952 1515 1019 1592 μετδι

245 1612 258 1643 ι
278 1591 330 1645 τῶν
341 1590 468 1668 ἐχθίστων
482 1614 511 1650 τε
526 1591 572 1650 καί
589 1595 796 1670 πολεμιωτάτων
811 1600 928 1668 στάντες.
947 1630 958 1655 ν

282 1678 391 1738 XXIX.
414 1681 507 1738 Ταῦτα
523 1682 546 1739 δ’
565 1684 642 1743 αὐτοῦ
657 1683 777 1761 λέγοντος
795 1689 908 1766 οἰμωγαί
921 1714 949 1749 τε
966 1693 1018 1751 τῶν

243 1762 383 1823 Ἀλύανιῖιν
406 1765 519 1844 ἐγίνοντο
534 1768 578 1826 καλ
592 1773 759 1831 παντοδαπαί
778 1775 895 1851 δεήσεις,
910 1785 955 1837 τοῦ
970 1778 1017 1856 μέν

240 1852 325 1928 δήμου
342 1852 423 1928 μηδὲν
438 1855 579 1930 ἐγνωκέναι
592 1857 712 1934 λέγοντος
724 1852 760 1920 ὧν
775 1865 902 1933 δΜέττος
911 1870 1016 1947 ἐμηχα-

238 1951 319 2014 νᾶτο,
330 1945 383 1999 τῶν
394 1940 421 2000 ἀί
437 1942 485 2010 τδις
499 1944 638 2021 ἡγεμονίας
652 1949 763 2028 ἐχόντων
783 1952 812 2010 οὐ
826 1952 951 2036 πρότερον
965 1980 1015 2015 πε-

239 2028 335 2097 πύσθαι
348 2028 396 2096 τάς
418 2030 580 2112 ἀπορρήτους
605 2037 700 2111 βουλὰς
728 2042 916 2115 σκηπτομένων
943 2043 960 2117 ἀ,
989 2048 1015 2103 ἐν

239 2119 311 2199 αὐτῷ
330 2118 450 2195 γενέσθαι
463 2125 501 2199 τῷ
518 2124 608 2203 ἀγῶνι,
624 2123 691 2194 ἡνίκ’
707 2125 766 2185 οὔτε
777 2130 887 2188 κωλύειν
902 2130 962 2190 οὕτε
976 2133 1014 2209 μὴ

197 2226 209 2259 ιι
238 2207 361 2284 πράττειν
378 2207 412 2265 τδι
427 2208 576 2286 κελευόμεν’
590 2212 617 2270 ἐν
629 2213 730 2293 δυνατῷ
742 2214 830 2296 σφίσιν
844 2210 891 2289 ἦν·
905 2219 957 2291 ἤδη
987 2223 1016 2280 δέ

238 2317 315 2351 τινων
328 2295 372 2353 καλ
386 2295 431 2353 ε’πί
442 2295 491 2368 τὴν
516 2299 636 2359 ἀκούσιον
653 2300 770 2378 ἀνάγκην
787 2306 970 2384 ἀναφερόντων
983 2309 1014 2368 τδ

236 2390 348 2459 πρᾶγμα
368 2383 410 2441 διδ
435 2384 541 2455 κηδείαν
562 2387 579 2459 ἢ
601 2386 643 2446 διὰ
661 2390 823 2466 συγγένειαν.
864 2385 913 2461 Οἷς
932 2399 1012 2474 όβα-

235 2468 321 2535 σιλεθς
343 2475 477 2543 σιωπῆσαι
508 2474 633 2542 κελεύσας
651 2476 750 2544 ἔλεξεν·
783 2501 797 2535 o
819 2483 886 2540 Οὐδ’
906 2485 952 2559 ἐμὲ
968 2485 1012 2544 λέ·

238 2582 254 2613 ι
269 2561 364 2634 ληθεν,
388 2560 478 2640 ἀνδρες
500 2562 639 2636 illiniri,
665 2563 762 2624 τούτων
787 2558 823 2626 ὧν
848 2570 1013 2648 ἀπολογεῖσθ’

238 2648 360 2724 αούθὲν,
376 2649 460 2706 Ἢἀλλίι
489 2651 519 2709 τὸ
546 2650 593 2727 μλν
623 2653 719 2723 πλῆθος
743 2656 817 2731 ὑμῶν
841 2659 942 2734 ἀγνοεῖν
964 2658 1010 2731 πλν

236 2736 408 2814 «προδοσίαν
427 2738 533 2813 οἴομαι,
549 2740 754 2818 τεκμαιρόμενος
773 2742 812 2800 ότι
827 2746 932 2805 πολλῶν
949 2770 1010 2809 συν·

235 2824 370 2884 ιιειδότων
404 2827 463 2884 οὐδὲ
494 2826 537 2885 τὸν
561 2827 700 2909 ἐλάχιστον
731 2828 830 2909 πέφυκε
857 2832 1010 2912 τάπόρρητα

236 2936 250 2966 ιι
268 2918 417 2973 σιωπᾶσθαι
438 2914 547 2994 χρόνον·
567 2917 663 2975 τῶνδὲ
687 2917 838 2999 ταξιάρχων
852 2944 880 2979 τε
896 2922 941 2981 καί
964 2925 1010 2981 λο-

235 3021 248 3057 ι
266 3003 356 3080 χαγιῗιν
371 3001 457 3082 βραχύ
480 3027 505 3062 τι
520 3003 598 3085 μέρος
620 3011 734 3082 ἡγοῦμαι
752 3007 781 3064 τὸ
807 3009 1008 3069 συνεπιόουλεῦ-

236 3112 316 3148 ισαν
336 3093 400 3167 ἡμῖν
416 3091 553 3171 γενέσθαι,
572 3092 602 3152 τὸ
627 3090 655 3152 δέ
680 3097 804 3153 πλεῖστον
828 3095 1008 3169 ἐξηπατῆσθαι

232 3180 307 3236 «καί
332 3183 367 3246 εἰς
391 3178 528 3249 ἀκουσίους
555 3181 670 3259 ἀνάγκας
695 3185 815 3263 ἀφῖχθαι.
865 3187 899 3245 Εἰ
924 3187 954 3245 δέ
977 3211 1006 3263 γε

230 3288 245 3319 ιι
264 3266 361 3324 τούτοιν
378 3269 459 3344 μηδὲν
484 3269 579 3340 ἀληθές
593 3261 636 3343 ἦν,
666 3272 733 3329 ἀλλὰ
761 3270 862 3339 πάντας
888 3276 1006 3344 εἰσῆλθεν

232 3370 247 3406 ιι
265 3351 407 3421 Ἀλὸανοίις
419 3356 464 3415 καί
479 3355 537 3422 τούς
557 3358 641 3415 ἐνθάδ’
662 3357 738 3424 ὄντας
753 3362 821 3432 ὑμᾶς
841 3359 886 3418 καί
904 3360 962 3428 τοὺς
978 3365 1004 3420 ἐν

230 3462 245 3494 ιι
263 3444 295 3520 τῇ
310 3442 386 3499 πόλει
398 3444 636 3520 καταλειπομένους
651 3449 666 3516 ἡ
681 3449 726 3503 τοῦ
739 3448 826 3511 κακῶς
840 3455 921 3504 ποιεῖν
935 3454 1006 3526 ἡμᾶς

172 3547 184 3585 ο
229 3551 244 3582 ιι
261 3528 405 3605 ἐπιθυμία,
420 3531 465 3588 καὶ
476 3533 547 3589 τοῦτ’
558 3533 587 3591 ού
601 3536 647 3590 ν’ύν
662 3535 775 3611 πρῶτον,
789 3533 847 3592 ἀλλ’
862 3535 892 3592 ἐκ
906 3538 1004 3598 πολλοῦ

229 3639 243 3673 ιι
260 3618 331 3676 πάνυ
344 3617 439 3698 χρόνου
460 3618 612 3696 δεδογμένον
633 3623 694 3688 ὑμῖν
718 3611 766 3695 ἦν,
791 3625 838 3693 τῆς
855 3625 1004 3701 συγγενείας

228 3706 335 3766 (ἕνεκα
364 3706 450 3779 πολλὴ
474 3707 620 3784 Ῥωμαίοις
644 3708 746 3786 ἀνάγκη
765 3709 810 3769 καί
832 3715 906 3768 ταῦθ’
931 3717 1003 3790 ὑμῶν

226 3817 240 3852 ε
256 3797 426 3875 τάδικήματα
440 3798 536 3876 φέρειν.
578 3793 639 3854 Ἵνα
653 3796 679 3854 δὲ
694 3797 775 3873 μηθὲν
789 3798 826 3856 ἔτι
844 3798 1002 3877 βουλεύσητε

228 3888 315 3943 ικαθ’
340 3890 418 3961 ἡμῶν
432 3886 539 3961 ἀδικον,
557 3885 625 3960 μήτε
654 3882 685 3955 δὴ
710 3887 860 3962 βιασθέντες
879 3887 929 3946 ὑπὸ
949 3893 1001 3947 τῶν

226 3994 241 4024 ιι
257 3975 408 4048 ἡγουμένων
423 3979 468 4045 τῆς
482 3973 584 4041 πολεως
597 3973 665 4050 μήτε
681 3974 940 4055 παρακρουσθέντες,
952 3979 1000 4053 μία

225 4079 239 4112 α
257 4060 360 4136 φυλακὴ
383 4062 428 4118 καί
456 4063 564 4141 πρόνοια
584 4062 668 4133 ἐστίν,
689 4063 712 4120 εί
735 4065 782 4134 τῆς
800 4064 880 4134 αὐτῆς
900 4066 1000 4135 πόλεως

225 4168 239 4201 α
258 4147 364 4204 πολῖται
377 4150 505 4224 γενοίμεθ’
521 4150 635 4216 ἅπαντες
655 4150 701 4213 καί
713 4148 777 4226 μίαν
791 4150 919 4227 ἡγοίμεθα
943 4178 997 4212 πα-

224 4254 238 4288 c
254 4230 348 4313 τρίδα,
373 4225 403 4304 ἧς
415 4226 444 4293 εὖ
457 4259 485 4294 τε
505 4238 549 4295 καὶ
564 4246 651 4318 χεῖρον
676 4236 822 4318 φερομένης
835 4238 865 4297 τδ
890 4240 999 4300 ἐπιόοίλ·

226 4343 240 4378 ιι
254 4323 298 4380 λον
307 4321 386 4402 μέρος
396 4321 506 4390 ἕκαστος
516 4325 669 4398 οίσεταιτῆς
681 4324 772 4404 τύχης.
803 4325 879 4393 Ἕως
889 4327 914 4385 δ’
928 4327 958 4385 ἂν
970 4331 999 4388 ἐκ

225 4434 239 4464 ιι
260 4410 385 4493 διαφόρου
402 4410 520 4489 γνώμης,
546 4413 635 4492 ὥσπερ
650 4421 693 4473 νῦν
718 4412 784 4492 ἔχει,
804 4416 835 4474 τό
856 4439 885 4475 τε
907 4418 997 4477 πλεῖον

222 4500 299 4557 ικαὶ
326 4500 466 4560 τοῦλαττον
498 4502 669 4579 ἐπικρίνωμεν
699 4501 833 4581 ἑκάτεροι,
862 4505 908 4561 οὐκ
922 4503 996 4565 ἔσται

221 4611 235 4640 ιι
253 4588 358 4665 βέόαιος
369 4595 433 4667 ἡμῖν
446 4588 558 4670 [ἡ]πρδς
571 4588 697 4661 ἀλλήλους
712 4590 800 4670 φιλία,
815 4590 901 4658 ἄλλως
913 4594 995 4653 τεκαὶ

223 4697 237 4731 ιι
253 4679 275 4734 εί
294 4676 413 4753 μέλλοιεν
427 4682 451 4737 οἱ
473 4676 521 4753 μέν
550 4676 675 4759 πρότερον
699 4679 929 4746 ἀπιόουλεύσαντες
943 4688 995 4746 τοῖς

220 4784 234 4817 ι
252 4764 346 4845 έτίροις
369 4765 385 4837 ἢ
406 4766 617 4847 κατορθώσαντες
635 4769 723 4827 πλεῖον
745 4767 809 4836 έξειν
822 4765 838 4839 ἀ,
851 4768 992 4850 σφαλέντες

180 4877 185 4903 ι
225 4870 238 4901 ιι
252 4851 278 4907 ἀν
302 4854 395 4928 μηδενὶ
424 4857 500 4936 δεινῷ
521 4856 626 4915 ἔσεσθαι
650 4856 694 4914 διά
720 4854 750 4914 τδ
774 4859 910 4932 συγγενές·
935 4855 994 4915 καθ’

223 4958 237 4993 ιι
251 4928 287 4995 ὧν
302 4940 325 4997 δ’
349 4940 380 4999 ἀν
400 4946 428 5002 αἱ
451 4943 627 5022 ἐπιχειρήσεις
646 4940 772 5021 γίνωνται
790 4944 932 5024 ὑποχείριοι
946 4967 994 5003 κα-

221 5046 234 5080 ιι
250 5025 390 5094 ταστάντες
404 5029 437 5086 τὰ
458 5028 559 5109 ἔσχατα
577 5034 670 5089 παθεῖν
696 5032 741 5089 καί
756 5033 922 5112 διαφυγόντες
940 5056 992 5107 μη·

221 5136 236 5169 ιι
251 5111 292 5170 triv
308 5111 397 5192 ὥσπερ
425 5118 512 5196 ἐχθροί
537 5122 729 5192 μνησικακεῖν,
751 5118 814 5195 δπερ
840 5119 885 5178 καί
906 5123 932 5178 ἔν
955 5123 992 5196 τῷ

216 5225 232 5255 ιι
249 5199 358 5283 παρόντι
373 5201 486 5281 γέγονεν.
527 5205 600 5263 'lore
616 5205 648 5276 δὴ
662 5211 745 5264 ταῦτα
765 5206 907 5284 δεδογμένα
922 5206 991 5268 Ῥω·

775 373 939 471 nroursrr
961 400 1335 481 narrcsnunssmisrs

1079 572 1100 597 ι·
1109 570 1157 606 non
1167 570 1276 610 essemus
1285 560 1332 611 riri
1345 561 1481 624 qualesnos
1492 563 1638 624 cessisset,
1653 563 1674 613 si
1684 558 1852 613 nouanimad·

1078 686 1091 712 ι
1109 671 1261 720 verteremus
1268 672 1293 721 in
1305 673 1450 737 proditores,
1463 676 1505 740 qut
1515 678 1605 739 praeter
1615 675 1687 726 aliam
1695 672 1850 726 necasdtndi·

1079 798 1091 821 ι
1107 793 1177 842 nem,
1194 796 1267 845 quam
1292 786 1378 838 saltem
1401 788 1553 851 cognationis
1577 790 1665 841 ¹caussa
1686 789 1779 840 violare
1800 802 1849 840 uon
1907 796 1912 803 ’

1078 919 1090 945 ι
1107 897 1242 961 dehebant,
1255 915 1333 966 nuper
1351 905 1425 955 etiam
1438 905 1504 955 iacto
1517 905 1643 957 uobiscum
1668 906 1761 956 serere
1772 909 1798 959 et
1809 906 1847 957 iu·

1076 1032 1089 1057 ι
1107 1013 1237 1064 reiurando
1248 1016 1410 1081 interposito,
1425 1020 1573 1085 mutemptis
1586 1020 1635 1070 diis
1644 1032 1707 1083 quos
1720 1023 1869 1084 pactorum,

1077 1144 1089 1168 ιι
1105 1127 1184 1178 testes
1201 1127 1324 1189 iecerunt,
1343 1140 1422 1191 neque
1438 1128 1518 1192 ipsum
1537 1130 1576 1180 ius
1593 1134 1619 1182 et
1636 1130 1765 1181 hominum
1782 1128 1845 1181 ludl-

1076 1241 1245 1307 «medonem
1258 1241 1347 1303 ueriti,
1370 1255 1451 1308 neque
1471 1244 1574 1307 pericrrli
1601 1244 1804 1310 rrragritudiuam.
1825 1253 1848 1306 pt

1075 1376 1088 1403 ι
1104 1356 1212 1422 proditio
1233 1357 1294 1421 ipsis
1312 1370 1361 1407 uon
1385 1359 1556 1424 successisset,
1577 1363 1734 1424 reputantes,
1755 1360 1845 1412 miser-

1074 1485 1087 1511 ι
1103 1466 1164 1517 rime
1178 1480 1232 1529 uos,
1247 1467 1387 1519 conditores
1401 1468 1502 1519 colonus
1521 1470 1547 1520 et
1557 1468 1620 1521 hene
1640 1471 1673 1522 de
1686 1482 1714 1524 se
1729 1468 1834 1522 maritos

1074 1594 1086 1618 ι
1103 1588 1154 1625 una
1164 1588 1220 1626 eum
1231 1574 1403 1625 tulensissimis
1414 1574 1530 1626 hostibus
1542 1575 1644 1641 perdere
1654 1576 1735 1628 conati
1746 1578 1812 1630 runt.
1827 1598 1840 1625 ι

1103 1680 1190 1730 iiillii.
1209 1680 1275 1729 Dum
1293 1681 1376 1730 summ
1396 1680 1448 1730 haec
1464 1679 1533 1743 dicit,
1542 1681 1628 1732 atham
1636 1682 1766 1734 lamentari
1776 1686 1802 1735 et
1810 1681 1842 1735 ad

1071 1781 1157 1819 ornnes
1168 1781 1254 1832 preces
1265 1767 1412 1818 descendere
1424 1772 1550 1832 caeperunt
1565 1787 1571 1818 ι
1591 1769 1663 1834 plehe
1679 1770 1781 1835 quidem
1795 1785 1841 1824 nc·

1071 1842 1143 1920 qonte
1154 1857 1259 1908 ultanum
1271 1858 1341 1908 Metti
1358 1858 1564 1909 machinationum
1581 1874 1608 1910 se
1624 1861 1737 1911 conscios
1757 1861 1847 1921 luissc3

1070 1947 1180 2011 ipsisque
1192 1947 1314 2011 protectis
1331 1947 1503 1998 simulantibus
1523 1962 1550 1999 se
1560 1948 1656 1999 ocmrlta
1674 1949 1728 1999 eius
1742 1948 1843 2000 consilia

1070 2051 1118 2088 nou
1140 2042 1198 2089 autc
1220 2039 1381 2102 cognovisse,
1400 2053 1474 2102 quam
1488 2039 1543 2103 ipso
1556 2040 1635 2103 proelii
1649 2044 1768 2103 tempore.
1783 2040 1842 2089 curu

1069 2139 1148 2191 neque
1171 2127 1289 2190 impedire
1313 2140 1393 2190 neque
1403 2127 1468 2178 iussa
1483 2141 1531 2177 non
1544 2129 1646 2194 exsequi
1659 2128 1764 2192 amplius
1779 2140 1840 2192 pos-

1068 2216 1124 2264 sent
1137 2232 1143 2263 :
1157 2214 1364 2266 nonrrullisetism
1385 2229 1437 2266 rem
1459 2216 1491 2266 oh
1509 2216 1654 2267 almitatem
1674 2220 1699 2268 et
1711 2216 1839 2282 cognatio·

1067 2316 1123 2352 nem
1143 2303 1174 2353 ad
1190 2303 1363 2355 necessitatem
1374 2303 1561 2357 involuntariam
1573 2305 1740 2358 referentibus.
1771 2308 1840 2366 Quos

1067 2401 1109 2440 rer
1127 2388 1198 2442 silere
1219 2392 1301 2441 iussos
1319 2391 1355 2441 ita
1371 2395 1410 2443 est
1426 2392 1547 2443 allocutus
1567 2413 1600 2443 :s
1618 2396 1837 2458 sequanenses,

1068 2496 1080 2521 ι
1098 2478 1197 2539 Αἰακοὶ,
1212 2479 1347 2543 quidquam
1361 2478 1451 2530 horum
1463 2494 1520 2544 quse
1532 2483 1610 2532 uestri
1618 2484 1739 2546 purgandi
1752 2499 1840 2536 caussa
1917 2508 1922 2516 ·

1068 2586 1079 2609 ι
1097 2566 1227 2630 profertis,
1244 2569 1271 2618 et
1287 2567 1469 2618 multitudinem
1490 2569 1590 2634 quidem
1604 2576 1713 2623 rostram
1732 2574 1839 2624 arbitror

1065 2657 1258 2721 «proditionem
1278 2657 1417 2720 ignorasse,
1436 2658 1502 2723 (lroc
1527 2657 1585 2710 iude
1607 2659 1744 2723 coniciens,
1772 2662 1838 2723 quod

1066 2762 1077 2785 ι
1096 2756 1152 2805 qum
1163 2743 1235 2793 multi
1251 2744 1370 2795 sciuntea
1382 2758 1413 2795 ne
1428 2757 1473 2809 per
1486 2744 1613 2795 minimum
1630 2745 1731 2809 quidem
1742 2748 1838 2809 tempo·

1066 2849 1077 2872 ι
1096 2831 1131 2879 ris
1148 2830 1257 2895 spatium
1268 2831 1366 2882 silentio
1377 2832 1425 2896 tegi
1437 2832 1566 2895 possunt),
1578 2832 1637 2895 quin
1646 2836 1672 2883 et
1683 2831 1837 2882 tribunorum

1065 2920 1170 2981 «amne
1194 2918 1363 2970 centurionum
1389 2932 1501 2983 exiguam
1522 2921 1619 2970 tantum
1636 2923 1731 2982 partem
1751 2922 1837 2970 contra

1063 3024 1076 3048 ι
1093 3019 1138 3056 nos
1149 3008 1303 3071 conspirasse
1324 3008 1438 3068 arhitror,
1461 3008 1591 3073 plerosque
1602 3021 1662 3058 vero
1680 3007 1796 3072 deceptos
1811 3010 1836 3059 et

1063 3115 1075 3138 ι
1093 3094 1126 3143 ad
1154 3109 1202 3145 nou
1223 3096 1386 3146 voluntariam
1416 3098 1586 3147 necessitatem
1605 3109 1660 3147 esse
1682 3096 1833 3160 compulsos.

1062 3182 1163 3240 «Quod
1184 3182 1205 3233 si
1228 3196 1287 3233 uero
1304 3183 1362 3233 nihil
1387 3185 1475 3236 trorum
1498 3198 1583 3236 rerum
1603 3188 1685 3245 esset,
1706 3186 1733 3235 et
1750 3197 1835 3236 omnes

1062 3291 1074 3316 ι
1093 3271 1212 3331 albanos,
1225 3274 1251 3323 et
1269 3273 1313 3334 qui
1331 3274 1371 3323 htc
1391 3274 1483 3324 adsunt
1504 3276 1530 3324 et
1546 3273 1654 3337 reliquos
1668 3273 1714 3336 qui
1731 3274 1756 3324 in
1773 3274 1835 3327 urhe

1061 3379 1073 3403 ι
1090 3363 1270 3421 remanserant,
1296 3360 1445 3412 desiderium
1471 3361 1544 3411 notris
1570 3362 1633 3413 male
1664 3362 1769 3413 faciendi
1797 3362 1835 3412 in·

1060 3468 1073 3493 ι
1089 3449 1205 3509 rasisset,
1227 3450 1302 3515 idque
1323 3464 1370 3500 nou
1391 3465 1455 3500 nunc
1479 3453 1600 3515 primum,
1624 3452 1669 3503 ssd
1688 3452 1737 3502 iam
1754 3452 1834 3502 multo

1059 3558 1071 3582 ι
1092 3543 1150 3589 ante
1178 3540 1284 3590 arrrbis
1314 3540 1442 3590 decretum
1468 3544 1550 3604 esset,
1573 3543 1656 3592 tamen
1677 3540 1832 3605 cognationis

1059 3646 1071 3669 ιι
1088 3626 1176 3677 saltem
1188 3639 1276 3677 caussa
1292 3640 1393 3678 necesse
1406 3628 1473 3679 esset
1489 3627 1606 3679 Romanis
1618 3628 1664 3680 has
1677 3633 1774 3680 vestras
1791 3628 1832 3679 in·

1058 3734 1070 3758 ι
1088 3714 1164 3764 iunias
1181 3714 1251 3765 serre.
1285 3714 1335 3764 sed
1353 3728 1383 3765 ne
1402 3714 1569 3780 inposterum
1591 3716 1727 3781 quidquam
1740 3718 1832 3771 iniuste

1057 3820 1069 3844 ι
1087 3805 1173 3851 contra
1191 3816 1237 3851 nos
1254 3801 1403 3864 moliamini,
1420 3807 1463 3853 ant
1485 3804 1593 3854 coactla
1614 3810 1703 3855 vestrm
1723 3806 1831 3857 civitatis

1056 3908 1068 3932 ιι
1085 3890 1237 3953 principibus
1246 3893 1289 3941 aut
1299 3890 1408 3955 decepti,
1420 3892 1472 3942 sola
1490 3892 1536 3942 hac
1547 3894 1643 3943 ratione
1662 3897 1689 3943 et
1703 3905 1790 3943 carere
1802 3897 1830 3944 et

1056 3996 1068 4020 ι
1086 3978 1225 4040 prospicere
1236 3977 1307 4027 nohis
1319 3991 1448 4042 possumus
1464 3996 1470 4027 ι
1484 3980 1505 4028 si
1519 3979 1634 4030 nimirum
1650 3992 1735 4030 omnes
1754 3980 1828 4031 nnius

1054 4084 1066 4109 ι
1084 4065 1153 4117 urhis
1163 4066 1229 4116 eires
1249 4068 1309 4119 tacti
1323 4081 1396 4118 unam
1410 4069 1562 4132 eandemque
1575 4068 1677 4133 patriam
1696 4067 1827 4131 hahemus,

1054 4171 1066 4195 ι
1085 4152 1109 4201 in
1126 4167 1176 4215 quo
1195 4154 1362 4217 unusquisque
1372 4157 1424 4204 tam
1436 4168 1641 4219 prosperequam
1651 4156 1760 4206 adversar
1773 4157 1828 4207 tor·

1053 4244 1150 4292 iturum
1172 4242 1307 4306 portionem
1332 4243 1409 4306 terat,
1434 4257 1491 4306 qum
1512 4244 1559 4309 ipsi
1587 4244 1709 4310 obtigerit.
1743 4247 1828 4300 Donec

1051 4348 1064 4372 ι
1081 4329 1145 4379 euim
1164 4328 1291 4380 discordes
1316 4332 1343 4381 ut
1366 4344 1431 4381 urrnc
1453 4332 1552 4395 utrique
1580 4346 1625 4398 per
1645 4336 1826 4388 contentionem

1052 4437 1064 4461 ι
1082 4416 1167 4467 atteris
1178 4419 1316 4481 superiores
1332 4432 1387 4469 esse
1398 4421 1550 4481 conabimur,
1562 4434 1611 4472 non
1623 4422 1671 4473 erit
1681 4423 1751 4475 lirma
1761 4424 1825 4475 inter

1051 4525 1064 4548 ι
1080 4519 1125 4554 nos
1148 4504 1254 4555 amicitia
1275 4507 1433 4570 epreesertim
1452 4507 1473 4558 si
1489 4507 1512 4558 el
1530 4508 1571 4571 qui
1590 4510 1686 4573 priores
1700 4511 1754 4561 aliis
1767 4510 1824 4563 lusi·

1050 4612 1063 4637 ι
1079 4593 1141 4643 disti
1154 4593 1258 4656 tuerint,
1273 4595 1312 4645 vel
1327 4608 1353 4645 re
1374 4595 1476 4647 feliciter
1486 4601 1554 4661 gesta
1570 4598 1672 4649 meliore
1683 4600 1823 4651 corrditiona

1050 4703 1062 4727 ι
1079 4685 1127 4733 siut
1139 4682 1231 4744 lhturi,
1243 4682 1283 4734 vel
1305 4697 1349 4747 spe
1369 4698 1414 4735 sua
1433 4686 1545 4737 frustrati
1564 4687 1626 4738 nihil
1641 4688 1725 4740 damni
1737 4689 1770 4741 ob
1783 4690 1822 4755 ip·

1049 4790 1062 4815 ι
1079 4784 1130 4821 sam
1143 4770 1314 4836 cognationem
1335 4770 1385 4821 siut
1409 4772 1548 4837 perpessuri
1568 4789 1574 4822 ι
1598 4778 1625 4825 et
1645 4774 1669 4825 sl
1689 4775 1739 4838 illi,
1756 4789 1821 4840 qnos

1048 4878 1061 4903 ι
1077 4859 1167 4910 adoriri
1178 4859 1346 4917 decreverant,
1357 4860 1498 4924 inipsorum
1505 4863 1650 4924 potestatem
1666 4863 1759 4914 redacti
1772 4878 1819 4921 en·

1048 4949 1157 4997 strema
1182 4962 1286 5012 quosque
1302 4949 1365 4998 mala
1385 4948 1433 4999 sint
1448 4950 1539 5010 laturi,
1560 4950 1597 4999 sin
1614 4964 1688 5014 vero,
1707 4952 1732 5002 id
1751 4954 1820 5016 qnod
1867 4942 1872 4951 ’

1047 5050 1142 5086 «nune
1155 5036 1256 5095 accidit,
1276 5036 1411 5101 eraserint,
1430 5051 1515 5088 omues
1534 5037 1637 5088 iniurias
1655 5038 1688 5090 oh
1704 5039 1753 5090 iltis
1775 5054 1819 5090 ac·

1047 5144 1059 5168 ι
1076 5128 1160 5188 reptas
1196 5124 1312 5175 obliuioni
1344 5125 1460 5175 tradituri
1489 5138 1569 5188 neque
1605 5139 1648 5176 eos
1676 5128 1703 5177 ut
1732 5125 1819 5178 hostes

1046 5234 1058 5258 ι
1077 5215 1125 5265 sint
1141 5214 1279 5265 tractaturi.
1312 5213 1404 5264 scitote
1416 5214 1489 5278 igitur
1506 5214 1631 5277 superiore
1644 5218 1714 5266 nocte
1730 5214 1788 5266 hnc
1802 5230 1817 5266 a
