4034 5922
72 39 138 87 ¹ptri.
189 20 211 86 ἀί
229 0 495 59 Mssv'fflds
518 24 568 49 ψει
586 2 667 85 fault
686 28 695 46 ι
713 6 877 51 (scafam.
908 16 925 61 ιι
967 20 970 31 ,

975 18 1052 57 τε·
1079 10 1128 100 αἱ,
1150 40 1207 66 um
1230 14 1294 73 (ata
1316 18 1401 81 md)
1429 14 1604 111 ntupum

196 516 201 525 Ι
268 439 306 499 ίθ
786 431 956 493 DlONYSll
977 430 1358 494 nnhtcdnrmsshdffls

268 569 398 722 ἓκησαν,
414 567 549 646 Οἰνώτρου
562 567 608 627 καί
620 563 764 626 Πευκετίου
775 564 952 640 μιμνήσκεται
964 563 1048 641 λέγων

294 662 335 719 δε·
351 679 365 715 α
379 658 425 716 καί
436 656 580 731 Οἴνωτρος,
591 653 638 733 ἀφ’
651 644 680 711 οὐ
695 652 826 730 Οἴνωτροι
836 651 1008 712 καλέονταιοί
1022 656 1049 711 ἐν

271 772 286 807 r
302 747 403 823 Ἰταλίῃ
418 744 557 818 οἰκέοντες,
572 742 618 801 καί
634 741 790 819 Πευκέτιος,
804 743 850 822 ἀφ’
864 733 895 799 οὐ
910 742 1050 801 Πευκέτιοι

273 859 290 897 tt
302 835 441 896 καλέονται
450 835 508 893 οίέν
519 836 557 911 τῷ
567 829 652 909 Ἰονίῳ
660 829 752 911 κόλπῳ
761 854 787 890 ιι.
828 832 854 890 Τ
855 829 873 889 θ
881 828 928 905 μέν
940 821 984 888 οὐν
996 829 1050 888 ίιιιὸ

228 946 241 984 ο
270 928 323 986 τῶν
337 927 458 983 παλαιῶν
473 919 598 999 εἰρημένα
620 923 738 990 ποιητῶν
757 941 784 978 τι
797 917 842 978 καί
859 918 1048 998 μυθογράφων,

269 1013 332 1094 περί
344 1011 372 1071 τ’
385 1010 512 1080 οἰκήσεως
527 1006 572 1066 καί
591 1007 680 1083 γένους
695 1009 747 1064 τῶν
774 1006 934 1082 Οἰνώτρων,
948 1009 1048 1065 τοιαῦτ’

270 1105 357 1162 ἔστιν·
377 1089 415 1163 οἷς
428 1094 481 1173 ἐγὼ
494 1094 660 1171 πειθόμενος,
676 1096 698 1152 εἰ
713 1098 750 1174 τῷ
765 1093 818 1152 ὄντι
831 1092 988 1164 Ἑλληνικὸν
1000 1098 1049 1173 φῶ·

270 1191 315 1247 λον
328 1179 360 1259 ἦν
375 1185 404 1244 τὸ
414 1190 465 1243 τῶν
483 1183 673 1260 Ἀθοριγίνων,
690 1184 726 1247 ὡς
742 1186 848 1242 Κάτωνι
859 1183 904 1240 καὶ
917 1183 1049 1259 Σεμπρω-

270 1276 317 1355 νίῳ
332 1276 377 1334 καί
391 1274 497 1338 πολλοῖς
510 1271 598 1337 ἄλλοις
613 1269 715 1350 εἴρηται
722 1316 732 1345 ,
748 1268 847 1328 τούτων
866 1269 971 1346 ἔγγονον
985 1268 1049 1326 αὐτὸ

218 1385 243 1426 to
269 1366 322 1422 τῶν
351 1358 493 1441 Οἰνώτρων
521 1359 643 1430 τίθεμαι.
680 1359 722 1418 Τὸ
744 1358 795 1437 γάρ
824 1357 856 1428 δὴ
886 1356 1049 1436 Πελασγικὸν

270 1451 315 1510 καί
337 1451 365 1509 τὸ
387 1448 517 1528 Κρητικὸν
539 1446 584 1503 καὶ
607 1448 646 1504 δσ’
675 1445 743 1505 ἄλλα
767 1448 792 1503 έν
820 1445 922 1525 Ἰταλίᾳ
945 1445 1049 1527 ᾤκησεν

272 1538 389 1618 ὑστέροις
417 1537 529 1615 εὑρίσκω
554 1534 655 1613 χρόνοις
684 1535 850 1615 ἀφικόμενα·
876 1535 1049 1613 παλαιότερον

271 1627 300 1686 δέ
321 1627 413 1685 τούτου
427 1624 518 1685 στόλον
538 1624 730 1683 ἀπαναστάντα
745 1627 792 1691 τῆς
812 1620 942 1690 Ἑλλάδος
964 1624 1000 1688 εἰς
1015 1620 1049 1679 τὸ

276 1714 450 1795 προσεσπέρια
475 1715 521 1780 τῆς
545 1710 676 1788 Εὐρώπης
703 1710 796 1769 οὐδένα
823 1709 937 1788 δύναμαι
966 1735 1051 1771 κατα·

219 1833 244 1877 η
273 1808 376 1879 μαθεῖν.
417 1797 486 1865 Tot<
502 1801 524 1857 δ’
548 1798 697 1878 Οἰνώτρους
712 1802 757 1869 τῆς
781 1801 805 1857 τ’
833 1798 916 1871 ἀλλης
936 1800 1051 1867 Ἰταλίας

272 1890 358 1950 πολλὸ
370 1889 456 1970 χωρία
469 1886 558 1963 οίομαι
574 1888 735 1966 κατασχεῖν,
751 1886 784 1945 τδι
795 1886 842 1964 μέν
857 1887 959 1966 ἔρημα,
975 1889 1007 1947 τδι
1023 1890 1051 1948 δὲ

272 1979 377 2057 φαύλως
400 1974 541 2051 οἰκούμενα
566 1974 779 2047 καταλαύόντας,
808 1975 853 2034 καί
878 1975 910 2048 δὴ
938 1975 1051 2046 καὶτῆς

206 2080 209 2085 ’
274 2066 432 2148 Ὀμύρικῶν
447 2070 495 2142 γῆς
523 2067 593 2124 ἔστιν
612 2064 644 2136 ἣν
665 2063 865 2139 ἀποτεμέσθαι,
881 2068 1010 2135 κληθῆναι
1029 2064 1051 2122 δ’

274 2155 437 2236 Ἀὐοριγῑνας
451 2153 494 2212 ἐπὶ
509 2158 555 2225 τῆς
570 2156 597 2211 ἰν
612 2160 666 2218 τοῖς
678 2152 764 2230 ὄρεσιν
784 2153 926 2223 οἰκήσεως·
952 2152 1050 2232 Ἀρκα-

217 2275 245 2316 20
272 2245 343 2302 δικὸν
359 2244 410 2322 γθρ
427 2242 458 2301 τὸ
472 2241 630 2323 φιλοχωρεῖν
651 2240 756 2321 ὄρεσιν·
774 2243 809 2306 ὡς
826 2241 1000 2319 ὑπερακρίους
1011 2265 1051 2299 τι·

271 2333 318 2402 νὸς
329 2336 374 2393 καὶ
386 2333 530 2412 παραλίους
545 2329 693 2402 Ἀθήνησιν.
737 2330 772 2389 Εἰ
788 2328 817 2387 δέ
832 2352 900 2393 τινες
918 2329 1051 2409 πεφύκασι

274 2422 312 2499 μὴ
336 2422 426 2501 ταχεῖς
446 2411 513 2479 εἰναι
526 2418 587 2498 περί
605 2417 772 2500 πραγμάτοιν
787 2418 909 2476 παλαιῶν
923 2417 1053 2476 ἀόασανί-

272 2532 340 2577 στοις
351 2509 385 2568 τδι
395 2508 525 2587 λεγόμενα
543 2507 675 2586 δέχεσθαι,
690 2503 728 2582 μὴ
743 2514 832 2584 ταχεῖς
853 2505 972 2564 ἔστωσαν
985 2503 1053 2582 μηδὲ

272 2598 372 2675 Λίγυας
393 2599 411 2668 ἢ
428 2595 590 2674 ’θμόρικοθς
607 2594 625 2663 ἢ
646 2594 740 2660 ἀλλους
753 2596 825 2660 τινὸς
836 2592 984 2673 ὐαρόάρους
1000 2596 1054 2653 αὐ-

218 2704 244 2743 νε
272 2688 331 2755 τούς
344 2689 462 2764 νομίσαι,
478 2683 672 2764 περιμείναντες
694 2683 721 2740 δέ
744 2683 790 2740 καί
806 2682 840 2743 τδι
863 2683 945 2741 λοιπδι
961 2688 1054 2759 μαθεῖν

272 2775 431 2851 κρινέτωσαν
448 2774 473 2841 ἐξ
486 2773 609 2831 ἁπάντων
624 2771 654 2830 τὸ
665 2771 859 2832 πιθανώτατον.

310 2864 389 2926 XIV.
402 2866 464 2924 Τῶν
476 2862 503 2922 δέ
518 2863 629 2932 πόλεων,
646 2861 672 2917 ἰν
687 2850 727 2925 αίς
737 2859 766 2917 τὸ
777 2863 881 2938 πρῶτον
887 2859 994 2940 ᾤκησαν
1006 2861 1052 2921 Ἀ-

271 2953 406 3034 όοριγῖνες,
418 2951 504 3029 ὀλίγαι
517 2954 644 3031 περιῆσαν
654 2947 694 3007 ἀπ’
708 2950 786 3024 ἐμοῦ·
796 2949 824 3007 αἰ
836 2949 863 3006 δέ
871 2951 991 3007 πλεῖσται
1002 2950 1053 3008 ὑπό

270 3065 300 3100 τε
319 3039 442 3117 πολέμων
451 3040 496 3097 καὶ
512 3040 599 3098 ἀλλων
615 3041 704 3095 κακῶν
720 3039 944 3116 οἰκοφθορηθεῖσαι
958 3040 1053 3115 ἔρημοι

218 3151 245 3190 au
271 3132 401 3210 ἀφεῖνται.
414 3116 506 3187 Ἦσαν
518 3125 541 3184 δ’
554 3127 581 3184 έν
596 3129 628 3205 τῇ
645 3122 769 3202 Ῥεατίνῃ
779 3128 814 3204 γῇ
824 3127 877 3181 τῶν
892 3123 1053 3190 Ἀπεννίνων

271 3219 339 3297 δρῶν
346 3219 374 3275 οὐ
386 3215 502 3296 μακρὸν,
513 3218 546 3280 ὡς
554 3213 664 3293 Βάρρων
671 3213 808 3289 Τερέντιος
818 3212 845 3268 έν
855 3212 1053 3290 ἀρχαιολογίαις

272 3304 383 3383 γράφει,
396 3302 448 3361 ἀπὸ
468 3307 515 3367 πῶς
530 3300 674 3376 Ῥοιμαίοιν
687 3302 787 3365 πόλεοις
802 3303 829 3358 αί
843 3299 872 3357 τὸ
884 3299 1050 3378 βραχύτατον

275 3391 424 3469 ἀπέχουσαι
434 3389 579 3467 ἡμερησίου
591 3388 728 3464 διάστημα
738 3389 813 3445 tiou-
826 3376 863 3445 ῶν
875 3386 927 3465 ε’γύι
941 3387 988 3453 τθις
998 3389 1054 3444 ἔπι-

278 3478 456 3558 φανιστάτας,
479 3480 514 3540 ῶς
532 3478 629 3540 ἐκεῖνος
644 3478 758 3552 ἱστορεῖ,
780 3473 953 3551 διηγήσομαι.
997 3477 1054 3534 Πα-

219 3591 246 3630 ss
274 3565 364 3624 λα’τιον
380 3564 429 3639 μέν
440 3564 518 3622 πέντε
532 3563 598 3644 πρὸς
612 3571 667 3630 τοῖς
683 3564 764 3622 εἴκοσι
781 3562 895 3629 σταδίοις
911 3566 1053 3643 ἀφεστῶσα

275 3653 404 3732 Ῥεάτου,
425 3654 526 3720 πόλεως
542 3652 696 3729 οἰκουμένης
720 3652 772 3710 ὑπὸ
793 3651 937 3728 Ῥωμαίων
952 3653 990 3709 ἔτι
1007 3651 1053 3710 καί

274 3746 310 3810 εἰς
329 3742 388 3818 ἐμέ,
410 3741 534 3807 Κοϊντίας
550 3742 610 3799 bist
629 3740 753 3812 πλησίον.
797 3738 918 3819 Τριόόλα
937 3740 960 3797 δ’
983 3740 1052 3819 ἀμφὶ

275 3831 334 3899 τούς
349 3831 476 3902 ἑξήκοντα
490 3828 611 3895 σταδίους
631 3831 678 3897 τῆς
694 3829 773 3899 αὐτῆς
788 3826 889 3894 πόλεως
902 3830 1053 3908 ἀφεστῶσα,

275 3921 354 4001 λόφον
381 3918 561 3996 ἐπικαθημένη
587 3916 747 3998 σύμμετρον.
791 3916 931 3978 Συεσύόλα
963 3915 990 3975 δὲ
1022 3917 1053 3975 τὸ

220 4021 248 4062 ⁴⁰
279 4010 342 4067 αὐτὸ
358 4012 492 4081 διάστημα
506 4012 555 4077 τῆς
568 4007 701 4087 Τριόόλας
718 4008 866 4086 ἀπέχουσα,
881 4011 934 4065 τῶν
950 4010 1054 4086 Κεραυ-

278 4096 340 4155 νίων
355 4100 420 4176 δρῶν
435 4098 557 4167 πλησίον.
602 4094 672 4157 Ἀπὸ
695 4095 723 4153 δέ
740 4097 838 4166 ταύτης
858 4094 1053 4174 τετταράκοντα

280 4185 395 4250 σταδίοις
408 4184 552 4263 διῃρημένη
565 4183 639 4251 πόλις
652 4183 780 4263 ἐπιφανὴς
795 4180 898 4252 Σούνα,
912 4182 974 4242 ἔνθα
988 4180 1053 4248 νεδις

277 4272 346 4331 πάνυ
371 4273 479 4350 ἀρχαῖός
500 4275 569 4330 ἐστιν
589 4269 689 4352 Ἄρεος.
733 4271 854 4352 Μήφυλα
875 4273 898 4330 δ’
922 4275 957 4338 ῶς
978 4272 1053 4353 τριά-

276 4383 357 4421 κοντα
380 4359 499 4426 σταδίους
513 4360 614 4419 ἀποιθεν
626 4365 674 4431 τῆς
689 4362 805 4433 Σούνης·
820 4362 951 4421 δείκνυται
968 4362 991 4419 δ’
1007 4363 1054 4419 αὐ-

221 4472 248 4513 is
275 4454 322 4521 τῆς
341 4447 443 4529 έρτῖπιά
455 4471 483 4505 τε
501 4447 547 4505 καὶ
568 4448 671 4526 τείχους
688 4449 762 4527 ίχνη.
806 4448 1053 4530 Τετταροίκονταδθ

277 4538 397 4603 σταδίους
411 4534 549 4613 ἀπέχουσα
565 4538 697 4613 Μηφύλης
713 4534 877 4614 Ὀρουΐνιον,
903 4540 925 4596 εί
949 4539 995 4597 καί
1011 4562 1050 4604 τις

276 4624 345 4697 άλλη
371 4628 422 4682 τῶν
454 4622 543 4682 αὐτόθι
573 4623 674 4683 πόλεων
709 4624 836 4707 ἐπιφανὴς
864 4627 909 4686 καί
938 4627 1052 4704 μεγάλη·

276 4712 350 4783 δῆλοι
366 4712 416 4791 γάρ
428 4715 493 4771 εἰσιν
518 4713 598 4783 αὐτῆς
610 4710 637 4770 οί
647 4736 677 4771 τε
696 4715 809 4791 θεμέλιοι
824 4719 876 4773 τῶν
890 4720 984 4795 τειχῶν
1007 4714 1054 4774 καί

276 4803 354 4881 τάφοι
369 4802 436 4869 τινὲς
460 4806 665 4882 ἀρχαιοπρεπεῖς
685 4804 729 4861 καί
749 4802 929 4882 πολυανδρίων
944 4806 971 4861 έν
985 4808 1053 4884 illst.-

222 4908 250 4947 bo
277 4894 331 4957 λοῖς
344 4890 453 4970 χώμασι
471 4891 660 4967 μηκυνομένων
678 4890 825 4969 περίβολοι·
842 4896 903 4951 ἔνθα
921 4892 967 4951 καὶ
987 4894 1052 4958 νειὸς

278 4979 392 5052 Ἀθηνᾶς
418 4982 487 5039 ἰστιν
515 4983 623 5059 ἀρχαῖος
652 4979 786 5059 ἱδρυμένος
819 4983 862 5039 ἐπὶ
886 4985 933 5053 τῆς
961 4982 1053 5060 ἄκρας.

278 5069 348 5128 Ἀπὸ
365 5069 391 5127 δέ
407 5068 519 5128 σταδίοιν
537 5068 698 5147 θ’γδοήιιοντα
712 5067 822 5128 Ῥεάτου
836 5079 889 5137 τοῖς
917 5074 988 5128 ἰούαι
1010 5070 1054 5128 διὸ

278 5164 325 5232 τῆς
353 5162 467 5239 Κουρίας
489 5161 548 5217 teat
582 5161 655 5237 παρὰ
682 5158 799 5239 Κόρητον
824 5157 881 5238 ὄρος
918 5158 1055 5238 Κόρσουλα

278 5247 372 5309 νεωστί
387 5246 576 5327 διεφθαρμένη.
619 5245 757 5307 Δείκιυται
784 5248 812 5306 δέ
832 5269 871 5314 τις
897 5248 942 5306 καί
960 5252 1053 5319 νῆσος,

1105 574 1204 624 OEnotri
1217 577 1242 625 ct
1253 576 1361 626 Peucetii
1377 574 1417 625 his
1432 575 1516 627 verbis
1529 576 1654 636 meminit3
1671 595 1684 619 «ι
1699 578 1731 626 Et
1745 577 1881 632 OEuntrus.

1104 681 1117 706 ν
1133 676 1208 726 aquo
1214 665 1310 713 OEnntri
1316 664 1479 724 nominantur,
1487 663 1564 727 quiin
1579 663 1884 717 ltaliababitautzeti’eu·

1104 781 1118 804 ν
1133 762 1219 822 cetius,
1232 775 1247 811 a
1260 775 1310 824 quo
1332 762 1441 813 Peucetii
1456 761 1622 825 appellantur,
1641 759 1684 824 qul
1699 760 1731 810 ad
1745 761 1825 811 sinum
1840 763 1882 809 io·

1104 879 1117 904 r
1133 862 1414 919 uiumincnlunt».Qum
1423 861 1534 925 igiturab
1542 860 1648 922 antiquis
1657 860 1736 924 pottis
1745 863 1771 909 et
1778 858 1878 910 tabula·

1102 971 1159 1007 rum
1167 957 1328 1022 scriptoribus
1333 957 1366 1007 de
1374 957 1474 1007 sedibus
1482 961 1508 1008 et
1515 970 1603 1019 genere
1609 959 1770 1007 OEnotrnrum
1781 956 1881 1020 scriptis

1103 1054 1273 1118 suntprndita,
1282 1054 1338 1105 haee
1349 1057 1407 1105 sunt
1415 1074 1421 1105 τ
1430 1068 1488 1128 (μοι
1497 1058 1654 1117 egosecutus,
1663 1053 1749 1105 sinere
1763 1052 1879 1116 Aborigi-

1103 1166 1162 1201 num
1177 1166 1236 1215 gcus
1252 1155 1339 1202 Graeca
1352 1151 1414 1212 tuit,
1426 1155 1454 1201 ut
1467 1153 1528 1201 Cato
1548 1155 1573 1200 et
1582 1150 1740 1214 Sempronius
1760 1149 1881 1213 multique

1104 1250 1145 1300 alii
1166 1249 1297 1309 dixerunt,
1318 1248 1407 1298 horum
1430 1250 1591 1300 OEnotrorunr
1615 1246 1707 1310 prolum
1730 1259 1785 1297 eam
1806 1244 1884 1296 luisse

1104 1347 1189 1399 credo.
1221 1347 1337 1409 Pelasgos
1351 1346 1415 1396 enirn
1433 1349 1459 1395 et
1477 1347 1607 1395 cretenses
1622 1345 1733 1408 aliosque
1746 1344 1789 1409 qui
1801 1344 1826 1392 iu
1838 1345 1885 1393 lta·

1104 1448 1137 1497 tia
1157 1448 1301 1498 habitarunt
1326 1445 1503 1509 posterioribus
1528 1444 1679 1508 temporibus
1698 1444 1795 1494 venisse
1813 1455 1883 1493 αιιιι·

1104 1537 1181 1601 perio.
1210 1535 1378 1600 Antiquiorem
1389 1537 1472 1585 autem
1482 1533 1529 1582 hac
1537 1533 1654 1594 classem,
1667 1531 1755 1595 quaein
1766 1531 1884 1581 occiduas

1105 1637 1211 1698 Europa
1224 1636 1306 1697 partes
1319 1646 1350 1706 ειι
1364 1632 1460 1684 Gracia
1474 1632 1582 1696 venerit,
1600 1630 1694 1681 nullam
1709 1629 1817 1693 reperire
1829 1642 1885 1693 pos·

1105 1746 1169 1783 sum.
1204 1734 1275 1796 ipsos
1288 1744 1346 1780 rero
1357 1732 1476 1779 OEnotros
1497 1741 1553 1779 cum
1566 1728 1645 1789 multa
1668 1727 1716 1777 alia
1733 1727 1811 1778 ltaliae
1831 1727 1885 1778 loca

1105 1842 1240 1895 occupasse
1261 1827 1374 1889 arbitror,
1395 1840 1453 1892 quaa
1475 1826 1565 1891 partim
1590 1827 1689 1876 deserta
1709 1825 1799 1890 partim
1820 1824 1885 1876 mule

1105 1926 1170 1977 culta
1180 1926 1335 1985 invenerant,
1348 1926 1401 1974 turn
1413 1924 1488 1974 etlam
1497 1920 1596 1973 Umbris
1606 1922 1657 1985 agri
1668 1924 1764 1986 partem
1777 1920 1885 1984 aliquam

1105 2020 1227 2071 ademisse
1240 2038 1248 2070 τ
1262 2018 1406 2079 Aborigines
1416 2020 1500 2066 autern
1512 2016 1612 2064 vocatos
1626 2028 1689 2076 asse,
1704 2012 1804 2077 quadiu
1814 2025 1884 2062 mon·

1106 2117 1173 2168 tibus
1189 2115 1328 2166 habitarent
1345 2113 1510 2176 (Arcadicum
1523 2112 1589 2163 enim
1607 2115 1647 2163 est
1661 2111 1781 2160 montium
1795 2108 1884 2160 habita

1106 2210 1172 2259 tione
1186 2207 1319 2268 delectari)
1339 2208 1366 2255 nt
1383 2205 1457 2268 iiqui
1481 2204 1581 2255 Adreuis
1596 2202 1739 2266 Hyperacrii
1755 2205 1781 2251 et
1800 2199 1880 2250 Parati

1106 2304 1281 2355 vocabuntur.
1315 2300 1421 2360 Quodsi
1445 2300 1487 2364 qui
1507 2302 1595 2348 natura
1614 2298 1646 2346 ita
1661 2294 1793 2358 comparati
1812 2296 1885 2353 sunt,

1106 2404 1134 2450 ut
1151 2400 1182 2450 de
1209 2398 1283 2453 rebus
1305 2396 1393 2462 priscis
1420 2399 1514 2446 temere
1537 2391 1606 2443 hand
1625 2391 1696 2442 leche
1721 2388 1836 2443 credant.
1863 2389 1886 2440 oi

1106 2492 1180 2542 etiam
1203 2492 1278 2543 velim
1298 2504 1329 2541 ne
1353 2491 1448 2540 temere
1463 2487 1567 2538 credant
1590 2497 1632 2535 ens
1655 2486 1698 2535 ant
1723 2484 1825 2546 Ligures
1845 2483 1887 2531 aut

1109 2585 1214 2635 Umbros
1229 2588 1273 2634 aut
1296 2583 1357 2632 alins
1376 2579 1506 2645 quospiam
1531 2577 1649 2630 barbaros
1664 2575 1741 2626 mssa
1760 2594 1767 2624 ι
1784 2573 1829 2625 scd
1844 2570 1886 2622 nbi

1107 2680 1272 2744 exspectarim
1278 2677 1356 2727 donec
1363 2679 1389 2727 et
1395 2680 1476 2725 cetera
1484 2672 1715 2737 cognoverinttunc
1721 2670 1822 2720 darnum
1828 2667 1886 2731 quid

1107 2773 1217 2823 omnium
1242 2771 1347 2820 manime
1369 2767 1495 2833 probabile
1514 2767 1588 2817 luerit
1600 2765 1716 2815 iudicent.

1138 2868 1204 2915 xiv.
1222 2863 1408 2928 Oppidaautern
1430 2859 1560 2923 inquibus
1577 2857 1719 2920 Aborigines
1734 2854 1886 2913 habiturust,

1107 2986 1185 3039 pauca
1208 2976 1280 3022 aetate
1304 2984 1359 3020 msa
1386 2971 1542 3033 supererant;
1570 2967 1687 3031 pleraque
1714 2965 1779 3015 euim
1801 2975 1887 3014 eurum

1109 3081 1179 3135 bellis
1204 3080 1305 3143 aliisque
1335 3075 1516 3128 calamitatibus
1536 3086 1654 3138 oppressa
1683 3071 1793 3121 desolata
1820 3069 1885 3119 sunt

1113 3190 1188 3236 Erant
1207 3190 1289 3237 autern
1317 3185 1341 3234 in
1355 3198 1414 3245 agro
1424 3183 1543 3243 Reatino,
1554 3194 1603 3230 nou
1622 3180 1693 3244 longe
1711 3179 1743 3228 ab
1757 3176 1888 3242 apenninis

1107 3294 1242 3355 montibus,
1251 3295 1279 3343 ut
1286 3291 1414 3343 Terentius
1428 3292 1505 3340 Varro
1516 3290 1540 3338 in
1554 3288 1734 3352 AntIquitatum
1745 3283 1815 3336 libris
1826 3283 1885 3333 scri·

1108 3400 1152 3461 bit,
1165 3399 1316 3462 abcrantquc
1337 3399 1454 3459 ultuma,
1476 3410 1527 3460 qua
1548 3395 1678 3445 minimum
1691 3392 1823 3452 distabant,
1842 3390 1888 3440 iter

1112 3507 1183 3556 unius
1195 3505 1253 3556 diei.
1282 3509 1395 3563 Quorum
1409 3503 1534 3567 praecipua
1546 3515 1600 3564 ego,
1610 3503 1639 3550 ut
1648 3499 1690 3549 illc
1699 3496 1818 3563 prodidit,
1831 3509 1890 3546 ειιιι·

1108 3613 1217 3663 merabn.
1243 3611 1370 3669 Palatium,
1379 3609 1445 3673 quod
1457 3623 1507 3658 ιιιιν
1515 3607 1593 3658 stadia
1600 3606 1793 3665 distatalteate,
1807 3601 1888 3653 urbea

1107 3700 1888 3770 Romanismeisetianatemporibushabitata,properiamQudn·

1108 3818 1176 3868 tiam.
1208 3814 1314 3865 Trebula
1325 3814 1357 3864 ab
1374 3813 1462 3865 ειθειιι
1476 3812 1539 3863 urbe
1551 3812 1647 3863 circiter
1658 3825 1688 3860 ιιι
1705 3807 1784 3859 stadia
1799 3806 1887 3868 d'stst,

1108 3925 1133 3973 iu
1153 3922 1251 3973 modico
1264 3920 1327 3971 mlle
1345 3921 1401 3971 sita.
1433 3918 1562 3980 Suesbola,
1584 3931 1640 3981 qum
1653 3915 1739 3967 eodem
1759 3914 1887 3966 intervallo

1108 4027 1245 4077 strebula
1278 4025 1363 4083 abest,
1390 4038 1465 4088 pmpe
1488 4022 1622 4073 ceraunios
1651 4025 1756 4071 montes.
1795 4019 1834 4069 Ab
1859 4032 1888 4069 ea

1107 4140 1190 4187 autem
1209 4134 1370 4198 quadraginta
1389 4134 1476 4194 stadia,
1496 4134 1571 4194 Suria,
1591 4131 1652 4182 urbs
1670 4131 1782 4194 insignis,
1795 4128 1839 4179 ubl
1851 4131 1889 4179 cst

1109 4243 1197 4293 blartis
1225 4240 1343 4304 templum
1363 4243 1541 4304 perrctustum.
1574 4238 1689 4301 Mephyla
1709 4249 1768 4285 τετυ
1792 4234 1888 4301 triginta

1107 4346 1207 4396 circiter
1225 4345 1304 4396 stadia
1328 4345 1397 4396 abeat
1421 4359 1435 4396 a
1456 4348 1522 4396 suna
1548 4366 1554 4394 ι
1578 4344 1651 4395 cuius
1669 4343 1747 4393 ruinas
1766 4344 1888 4392 etmuro·

1107 4458 1163 4495 rurn
1193 4444 1296 4508 vestigia
1322 4450 1428 4497 exstant.
1473 4443 1640 4507 Quadraginta
1661 4446 1744 4494 auteur
1772 4440 1851 4493 stadia
1873 4454 1889 4491 a

1107 4546 1221 4611 Mephyla
1234 4547 1376 4609 ominium,
1397 4547 1457 4596 urbs
1473 4547 1542 4608 siqua
1565 4545 1614 4595 alia
1629 4546 1653 4597 in
1674 4559 1705 4596 eo
1727 4548 1808 4594 tractu
1826 4542 1888 4592 insi-

1108 4650 1161 4712 gnis
1186 4652 1211 4699 et
1236 4662 1332 4713 magna.
1366 4650 1489 4712 Apparcnt
1514 4648 1579 4699 enim
1605 4648 1657 4698 eius
1678 4650 1703 4699 et
1728 4645 1887 4697 fundamenta

1108 4765 1245 4813 mummm,
1267 4755 1293 4802 et
1309 4756 1465 4802 monumenta
1486 4752 1602 4814 quadam
1623 4765 1681 4815 quaa
1703 4755 1812 4800 veterem
1830 4761 1886 4798 ma-

1109 4849 1272 4913 gnificentiam
1288 4849 1405 4911 retinent,
1416 4853 1442 4900 et
1456 4849 1606 4900 columbaria
1627 4863 1671 4912 per
1687 4848 1767 4898 celsos
1780 4859 1882 4910 aggeres

1110 4956 1231 5016 porrecta.
1265 4953 1311 5001 llic
1334 4953 1408 5003 etiarn
1427 4955 1466 5002 est
1477 4955 1606 5002 vetustum
1621 4952 1738 5000 Minerva
1753 4949 1886 5014 templum,

1109 5054 1133 5103 in
1158 5067 1214 5105 arce
1235 5056 1396 5105 exstructum.
1430 5054 1559 5117 octoginta
1583 5056 1666 5102 autem
1684 5052 1786 5102 adeste
1799 5051 1886 5112 stadia,

1110 5156 1227 5207 cuntibus
1252 5156 1326 5206 Curia
1339 5156 1395 5215 rla,
1412 5157 1480 5206 iuxta
1502 5158 1618 5205 Curatum
1635 5158 1759 5214 montem,
1782 5153 1886 5204 coraula

1112 5270 1190 5320 nuper
1207 5256 1298 5307 diruta.
1332 5255 1475 5306 ostenditur
1493 5259 1518 5307 et
1541 5254 1656 5319 qrrredam
1677 5251 1770 5316 insula,
1784 5254 1826 5304 cui
1840 5267 1887 5305 no·
