4068 5924
273 405 332 463 108

271 532 405 592 λαόόντετ.
450 528 543 590 Ἑάλω
556 525 583 584 δὲ
600 524 644 584 καῖ
663 528 678 582 θ
697 523 784 603 χάραξ
799 526 883 580 αὐτῶν
899 522 993 597 μεστδς
1008 520 1044 579 ῶν

250 655 251 659 =
270 618 417 701 χρημάτων
439 641 467 676 τε
480 615 525 675 καί
539 614 628 671 θπλων
647 611 692 670 καῖ
715 609 904 690 ἀνδραπόδων·
921 609 968 667 καί
982 607 1048 668 σκά-

271 690 318 788 φαι
340 707 492 782 ποταμηγοὶ
515 704 646 780 γέμουσαι
658 702 758 770 πολλῆς
775 701 871 778 ἀγορᾶς
885 696 1045 777 ἐλήφθησαν,

203 855 208 868 ,
271 799 298 854 ἐν
319 786 361 860 αἶς
386 797 401 852 δ
423 795 475 851 τῶν
490 788 671 870 αἰχμαλώτων
700 787 778 867 όχλος
802 789 839 853 εἰς
866 785 913 859 τὴν
936 784 1045 862 Ῥώμην

231 907 244 945 u
273 882 403 959 κατήγετο
432 878 475 937 lit
502 882 547 936 τοῦ
569 879 702 950 ποταμοῦ.
755 866 839 940 Οθτος
863 873 933 953 ἤχθη
961 874 1046 953 τρίτος

271 970 322 1030 tal
342 967 482 1045 Ῥωμύλου
504 963 641 1045 θρίαμθος,
665 964 761 1042 μακρῷ
783 965 832 1020 τῶν
855 961 989 1044 προτέρων
1002 965 1045 1020 ἐκ·

270 1057 451 1138 πρεπέστερος.
495 1053 548 1112 Καὶ
563 1055 624 1129 μετ’
640 1052 669 1110 οῦ
681 1048 749 1109 πολὺ
764 1048 905 1130 πρεσάείας
917 1053 1046 1110 Οὐῐεντα·

271 1150 320 1203 νῶν
343 1142 502 1223 ἀφικομένης
530 1142 591 1219 περί
614 1138 759 1205 διαλύσεως
789 1143 834 1196 τοῦ
849 1138 979 1214 πολέμου,
1000 1139 1046 1197 καί

270 1233 427 1310 συγγνώμην
462 1233 514 1288 τῶν
549 1225 750 1307 ἁμαρτημάτων
786 1226 904 1296 ἀξιούσης
937 1227 1045 1301 λαθεῖν,

219 1351 246 1390 10
270 1320 344 1388 δίκας
358 1324 372 1378 ό
386 1318 526 1396 Ῥωμύλος
540 1321 626 1383 αὐτοῖς
640 1317 770 1388 ἐπιτίθησι
791 1315 880 1382 τάςδι·
904 1314 995 1396 χώραν
1017 1339 1046 1375 τι

271 1409 435 1487 παραδοῦναι
455 1405 597 1481 Ῥωμαίοις
609 1404 657 1475 τὴν
672 1408 791 1484 προσεχῆ
804 1407 841 1483 τῷ
851 1402 972 1483 Τεὸέριι,
987 1404 1046 1472 τοὺς

269 1496 443 1572 καλουμένους
457 1493 548 1554 Ἑπτά
560 1493 672 1570 πάγους,
687 1491 732 1551 καλ
744 1495 797 1549 τῶν
812 1492 884 1551 ἀλῶν
897 1494 1046 1565 ἀποστῆναι

270 1588 323 1641 τῶν
337 1582 410 1661 παρὰ
429 1590 487 1648 ταῖς
503 1581 622 1644 ἐκθολαῖς
636 1585 681 1639 τοῦ
701 1584 837 1656 ποταμοῦ·
854 1585 901 1638 τοῦ
918 1580 945 1640 δέ
964 1580 1046 1659 μηδὲν

270 1671 308 1730 ἐτι
318 1670 471 1748 νεωτερίσαι
483 1671 513 1729 τὸ
524 1668 617 1728 πιττδν
627 1672 777 1751 παρασχεῖν
791 1668 878 1746 ὅμηρα
890 1670 1044 1739 πεντήκοντ’

218 1789 242 1825 ts
271 1758 426 1836 ἀγαγόντας.
470 1754 687 1834 Ὑπομεινάντων
702 1757 725 1815 δ’
751 1759 916 1815 Οθίιντανῶν
939 1758 1045 1817 ἅπαντα

267 1856 358 1922 ταῦτα,
378 1848 489 1913 σπονδάς
510 1846 686 1921 ποιησάμενος
705 1845 773 1923 πρὸς
791 1845 883 1913 αὐτοὺς
903 1849 938 1913 είς
953 1846 1044 1905 ἑκατὸν

269 1939 314 2009 ἔτη
329 1937 438 2006 στήλαις
453 1934 592 2015 ἐνεχάραξε
610 1933 657 2001 τδς
669 1933 817 2011 ὁμολογίας.
859 1936 920 1994 Τῶν
939 1935 962 1991 δ’
972 1936 1042 2013 αἰχ-

268 2023 398 2083 μαλώτων
413 2022 472 2088 τοὺς
488 2024 535 2099 μέν
550 2019 655 2079 ἀπιέναι
673 2020 845 2099 βουλομένους
859 2023 961 2102 ἀφῆκεν
978 2022 1038 2079 ἀνευ

266 2113 384 2188 λύτρων,
407 2110 466 2178 τοὺς
480 2113 503 2168 δ’
518 2112 597 2168 αὐτοῦ
612 2108 698 2186 μένειν
718 2106 938 2189 προαιρουμένους
954 2109 1045 2188 πολλῷ

215 2222 242 2263 to
267 2200 371 2267 πλείους
385 2198 462 2266 ὄντας
482 2204 535 2259 τῶν
550 2198 645 2277 ἐτέρων
657 2199 769 2264 πολίτας
791 2197 969 2274 ποιησάμενος
984 2200 1042 2266 ταῖς

268 2290 395 2371 φράτραις
419 2291 557 2360 ἐπιδιεῖλε,
583 2287 627 2347 καῖ
646 2287 757 2366 κλήρους
776 2288 861 2352 αὐτοῖς
885 2287 1041 2367 προσένειμε

266 2377 326 2445 τοὺς
339 2378 383 2439 ἐπί
397 2380 459 2437 τάδε
473 2381 518 2436 τοῦ
538 2374 672 2454 ’θἐόέριος.

309 2467 383 2529 Lvl.
398 2456 481 2526 Οῦτοι
503 2461 665 2534 συνέστησαν
688 2464 712 2521 οἱ
726 2460 838 2537 πόλεμοι
853 2460 988 2540 Ῥωμόλιμ
1002 2459 1043 2519 λό·

266 2577 313 2630 γου
328 2552 373 2613 καί
385 2552 492 2632 μνήμης
505 2551 580 2621 ἀξιοι.
609 2555 664 2612 Τοῦ
676 2551 703 2608 δέ
717 2550 798 2626 μηδὲν
813 2548 851 2608 ἔτι
865 2553 917 2608 τῶν
932 2549 1043 2620 πλησίον

214 2662 240 2700 τε
267 2645 346 2702 ἐθνῶν
360 2641 543 2719 ὑπαγαγέσθαι
556 2638 644 2720 παχεῖ’
659 2643 675 2711 ἡ
691 2639 799 2710 τελευτὴ
815 2646 861 2697 τοῦ
885 2637 953 2716 βίου,
976 2661 1043 2713 συμ·

267 2731 329 2791 tce’
342 2731 379 2790 ἔτ’
394 2731 538 2808 ἀκμάζοντι
548 2732 620 2808 αὐτῷ
634 2729 668 2787 τδι
678 2727 793 2802 πολέμια
812 2728 948 2806 πράττειν,
964 2729 991 2785 ἐν
1003 2728 1042 2786 αί·

266 2817 309 2901 τίφι
319 2817 441 2899 γενέσθαι
451 2817 530 2886 ἐδοξε·
540 2819 599 2897 περὶ
609 2808 640 2889 ἧς
654 2815 748 2875 πολλοὶ
759 2815 951 2896 παραδέδονται
964 2815 1038 2893 λόγοι

266 2907 311 2965 καὶ
337 2905 463 2986 διάφοροι.
517 2907 553 2966 Oi
577 2904 625 2982 μὲν
652 2895 696 2962 οῦν
720 2903 903 2982 μυθωδέστερα
921 2904 954 2959 τδι
975 2901 1036 2979 περί

268 2997 346 3054 αθτοῦ
361 3000 493 3061 ποιοῦντες
507 2993 711 3066 ἐκκλησιάζοντά
723 3015 800 3072 φασιν
815 2990 889 3049 αθτδν
904 2990 948 3049 ἐπὶ
961 3014 1042 3070 στρα·

212 3099 239 3138 ³0
267 3083 389 3156 τοπέδου,
417 3083 494 3162 ζόφου
509 3080 731 3162 κατασκήψαντος
752 3079 777 3148 ἐξ
802 3080 903 3159 αἰθρίας
924 3080 969 3138 καὶ
984 3104 1042 3161 χει·

268 3177 353 3249 μῶνος
378 3173 493 3251 μεγάλου
528 3168 751 3249 καταρραγέντος,
782 3171 869 3248 ἀφανῆ
902 3166 1040 3245 γενέσθαι·

265 3260 312 3320 καί
329 3259 533 3319 πεπιστεύκασιν
549 3258 600 3317 cni
614 3262 660 3317 τοῦ
676 3258 773 3335 πατρὸς
800 3256 890 3335 Ἄρεος
907 3257 949 3316 τὸν
968 3257 1043 3335 ἄνδρ’

265 3349 444 3429 ἀνηρπάσθαι·
468 3350 491 3406 οἱ
515 3346 543 3405 δέ
561 3347 595 3405 τά
621 3346 786 3421 πιθανώτερα
807 3345 950 3427 γράφοντες
978 3348 1041 3425 πρὸς

267 3441 319 3496 τῶν
338 3437 410 3495 ἰδίων
434 3438 547 3495 πολιτῶν
565 3434 687 3513 λέγουσιν
704 3433 781 3491 αὐτὸν
804 3435 952 3493 ἀποθανεῖν,
989 3436 1041 3494 Αί-

211 3538 238 3577 as
266 3525 367 3585 τέκν’δέ
378 3529 425 3596 τῆς
448 3523 604 3604 ἀναιρέσεως
619 3525 697 3583 αθτοῦ
724 3522 830 3605 φέρουσι
844 3521 891 3594 τήν
904 3525 929 3581 τ’
951 3524 1041 3604 ἀφεσιν

266 3617 319 3674 τῶν
328 3615 445 3694 ὁμήρων,
453 3611 496 3679 οῦς
506 3614 570 3693 παρ’
581 3612 747 3673 Οὐθεντανῶν
760 3610 865 3683 ἔλαθεν,
880 3611 940 3671 ἀνευ
954 3617 1041 3684 κοινῆς

264 3703 371 3783 γνώμης
385 3702 526 3780 γενομένην
549 3700 625 3779 παρδι
652 3700 682 3760 τδ
703 3701 800 3772 εἰωθὸς,
826 3701 872 3758 καὶ
895 3700 926 3759 τδ
946 3701 1040 3779 μηκέτι

266 3792 309 3851 τδν
330 3792 410 3852 αθτδν
437 3788 630 3870 προσφέρεσθαι
657 3789 753 3866 τρόπον
778 3796 831 3854 τοῖς
859 3789 1041 3867 ἀρχαιοτάτοις

266 3880 386 3947 πολίταις
406 3877 452 3938 καί
473 3879 526 3941 τοῖς
551 3876 742 3956 προσγράφοις,
770 3875 838 3935 ἀλλά
861 3874 920 3943 τοῦς
945 3878 993 3953 μὲν
1013 3880 1040 3936 ἐν

210 3974 238 4014 ⁴⁰
263 3973 329 4048 τιμῇ
354 3969 457 4028 πλείονι
472 3968 555 4046 ἀγειν,
572 3969 623 4025 τῶν
635 3967 659 4024 δ’
673 3964 881 4043 ἐπεισαχθέντων
895 3969 1039 4046 ὓπερορᾶν,

262 4056 293 4114 τό
309 4058 336 4114 τ’
359 4055 432 4127 ὠμδν
448 4056 527 4116 αὐτοῦ
540 4054 601 4134 περῖ
620 4052 667 4120 τδις
680 4053 809 4130 τιμωρίας
824 4055 874 4109 τῶν
890 4050 1040 4131 ἐξαμαρτα-

266 4143 362 4202 νόντων
372 4141 417 4199 καὶ
429 4140 539 4210 αὔθαδες
549 4162 557 4179 ·
570 4142 711 4214 Ῥωμαίων
721 4143 772 4220 γάρ
781 4164 853 4205 τινας
873 4138 916 4197 ἐπὶ
928 4141 1038 4222 λῃστείᾳ

263 4233 316 4288 τῶν
343 4229 537 4309 πλησιοχώρων
554 4218 781 4310 κατηγορηθέντας
802 4226 858 4286 οὔτ’
874 4230 980 4309 ἀφανεῖς
995 4230 1037 4289 ἀν-

269 4318 330 4396 δρας
345 4316 400 4375 οὔτ’
412 4315 515 4392 θλίγους
536 4319 670 4377 ἐκέλευσεν
689 4307 757 4376 ῶσαι
769 4316 837 4374 κατὰ
849 4322 894 4374 τοῦ
909 4324 1037 4395 κρημνοῦ,

208 4428 235 4468 ts
263 4404 311 4475 τὴν
324 4403 399 4475 δίκην
413 4401 488 4468 siri<
501 4403 576 4477 μόνος
590 4405 713 4473 δικάσας·
730 4404 846 4481 μάλιστα
859 4406 882 4462 δ’
901 4405 940 4463 ότι
956 4406 1037 4487 βαρὺς

263 4492 315 4565 ἤδη
330 4492 376 4550 καὶ
387 4489 501 4575 αδθάδης
516 4480 584 4547 εῖναι
605 4492 689 4552 ἐδόκει
713 4495 758 4552 καὶ
779 4491 827 4562 τὴν
840 4489 924 4569 ἀρχὴν
951 4491 1037 4552 οὐκέτι

264 4582 409 4660 βασιλικῶς
424 4577 494 4637 ἀλλά
512 4580 733 4660 τυραννικώτερον
753 4582 865 4660 ἐξάγειν.
909 4581 961 4640 Διὰ
975 4583 1037 4639 ταῦ·

261 4691 307 4734 τας
318 4666 349 4739 δὴ
371 4667 477 4745 λέγουσι
500 4666 547 4733 ταῖς
571 4666 655 4732 αἰτίας
677 4668 823 4734 συστάντας
838 4670 879 4728 ἐπ’
895 4669 966 4744 αὐτῷ
981 4674 1037 4734 τοὺς

261 4756 414 4835 πατρικίους
443 4756 583 4833 βουλεῦσαι
605 4754 649 4814 τὸν
677 4754 764 4835 φόνον.
811 4756 917 4834 Πράξαι
950 4755 977 4812 δὲ
1005 4755 1035 4812 τὸ

206 4848 234 4890 ⁸⁰
261 4842 337 4924 ἐργυν
360 4845 386 4901 ἐν
406 4846 444 4922 τῷ
473 4845 651 4925 βουλευτηρίῳ
679 4844 723 4902 καὶ
747 4845 880 4911 διελόντας
903 4842 933 4903 τδ
958 4844 1036 4918 σῶμα

259 4930 327 4989 κατά
344 4930 410 5008 μέρη
425 4932 501 5012 χάριν
513 4939 558 4992 τοῦ
573 4930 610 5011 μὴ
625 4935 738 5014 φανῆναι
754 4932 798 4991 τὀν
808 4932 897 5009 νεκρὸν
909 4930 1032 5006 ἐξελθεῖν,

258 5018 421 5101 κρύπτοντας
436 5021 486 5079 ὑπὸ
499 5025 556 5088 ταῖς
574 5020 725 5098 περιθολαῑς
744 5018 804 5078 ὅσον
828 5021 937 5087 ἕκαστος
961 5011 1032 5101 εῖχεν

259 5110 340 5168 αὐτοῦ
364 5107 457 5189 μέρος,
485 5110 531 5168 καῖ
553 5109 620 5186 μετδι
643 5111 767 5186 τοῦτογῇ
794 5108 892 5187 κρύψαι
916 5107 984 5167 κατδι
1004 5108 1034 5166 τὸ

260 5196 365 5280 ἀφανές.
416 5200 451 5259 oi
467 5200 491 5257 δ’
506 5199 712 5271 ἐκκλησιάζοντα
727 5193 775 5271 μέν
797 5198 875 5256 αὐτόν
886 5217 965 5278 φασιν
981 5195 1031 5255 ὑπὸ

787 388 955 451 prodisti
977 389 1359 453 Hattcnnnasssnsts

1101 534 1158 580 snut
1185 543 1272 579 eorum
1302 533 1384 580 castre
1411 531 1521 594 pecuniis
1550 534 1576 580 ct
1594 532 1670 582 armis
1691 534 1717 582 et
1741 532 1820 582 serris
1840 546 1877 582 ro

1100 626 1172 688 terta,
1192 631 1219 677 et
1235 639 1310 676 nares
1331 625 1442 676 buriates
1462 640 1551 690 magno
1569 630 1666 677 onusta
1681 631 1821 678 commeatu
1835 628 1877 678 in·

1101 726 1226 788 terccptoe,
1246 726 1271 774 in
1286 724 1377 787 quibus
1392 724 1546 787 captivorum
1566 723 1639 775 turba
1652 726 1755 775 Romam
1769 739 1812 788 per
1828 726 1878 777 tlu-

1102 821 1170 870 rium
1192 818 1275 870 delata
1298 822 1344 881 est.
1387 821 1437 869 iste
1456 820 1539 869 antero
1558 819 1646 870 tertius
1665 819 1763 872 Romuli
1785 823 1877 872 trium·

1100 918 1164 983 pbus
1186 917 1308 982 prioribus
1328 918 1399 980 longe
1416 918 1463 968 init
1485 918 1687 983 magnificentior.
1720 921 1771 968 lice
1793 919 1874 968 minito

1100 1024 1169 1086 post,
1199 1034 1255 1070 cunr
1288 1020 1360 1083 legati
1386 1020 1526 1071 veientium
1561 1034 1646 1084 pacem
1671 1019 1772 1085 petituri
1797 1019 1877 1071 reuis-

1100 1121 1164 1179 sent,
1188 1115 1401 1180 postulassentque
1415 1120 1443 1166 ut
1456 1116 1503 1167 sibi
1524 1115 1673 1166 delictorum
1684 1116 1756 1167 venta
1768 1116 1879 1177 daretur,

1100 1216 1218 1267 Romulus
1244 1217 1293 1267 illis
1320 1216 1385 1266 hanc
1405 1216 1522 1280 irrogarit
1544 1216 1679 1279 mulctam,
1705 1220 1734 1268 ut
1764 1217 1883 1269 llonrsnis

1100 1333 1184 1384 agrum
1201 1318 1285 1369 'liberi
1303 1320 1445 1382 contiguum
1459 1319 1556 1380 darent,
1579 1318 1622 1381 qui
1646 1318 1747 1382 septem
1761 1316 1816 1381 pagi
1830 1327 1882 1367 νο-

1100 1423 1180 1480 eatur,
1195 1422 1237 1480 et,
1251 1434 1265 1469 a
1280 1419 1367 1469 salinis
1383 1418 1547 1479 abstinerent,
1561 1431 1619 1483 qum
1639 1420 1697 1467 sunt
1716 1416 1748 1466 ad
1770 1413 1883 1465 fluminis

1100 1522 1199 1582 ostium,
1215 1522 1241 1570 et
1258 1533 1289 1570 ac
1301 1519 1362 1584 quid
1373 1519 1432 1569 nori
1450 1518 1602 1580 molirentur,
1624 1518 1649 1568 in
1666 1516 1740 1567 iidem
1760 1516 1885 1578 quiuqua-

1099 1625 1166 1689 ginta
1179 1620 1278 1671 obsides
1293 1622 1428 1672 traderent.
1448 1619 1511 1671 Cum
1527 1623 1609 1670 autem
1623 1619 1738 1669 Veientes
1754 1618 1809 1667 hec
1821 1630 1883 1668 om-

1099 1729 1141 1780 nia
1153 1737 1227 1790 aequo
1247 1724 1329 1773 animo
1351 1722 1472 1781 tulissent,
1491 1722 1619 1773 dentulus
1635 1719 1806 1770 loedoriarum
1819 1717 1883 1780 ipsis

1099 1822 1125 1872 ln
1145 1824 1246 1872 centum
1262 1834 1338 1871 annos
1357 1819 1401 1870 icti
1424 1819 1576 1869 munitiones
1598 1818 1623 1868 in
1649 1816 1770 1867 columnis
1783 1812 1884 1863 incidit.
1935 1798 1939 1806 ’

1099 1924 1217 1988 Captivos
1237 1936 1306 1981 cero,
1331 1920 1375 1985 qui
1400 1921 1432 1970 ad
1455 1934 1514 1970 suos
1537 1910 1627 1969 reverti
1650 1916 1798 1977 voluerunt,
1825 1914 1883 1965 sine

1101 2025 1180 2091 pretio
1194 2024 1313 2074 dimisit:
1340 2022 1397 2073 illos
1413 2036 1473 2073 rcro
1492 2021 1574 2084 quiin
1595 2020 1657 2070 urbe
1676 2029 1802 2069 remanere
1822 2029 1883 2065 ma-

1098 2127 1211 2185 luerunt,
1223 2138 1329 2187 quorum
1342 2138 1462 2174 numerus
1483 2124 1554 2186 longe
1570 2122 1648 2173 maior
1664 2122 1711 2172 luit
1724 2133 1799 2184 quam
1814 2119 1881 2169 alio·

1098 2237 1163 2284 rum,
1173 2222 1273 2273 civitate
1285 2220 1388 2271 donatos
1400 2221 1425 2271 in
1437 2221 1520 2271 curias
1531 2219 1667 2282 distribuit3
1678 2221 1704 2269 et
1711 2216 1771 2283 ipsis
1781 2229 1882 2280 agrum,

1098 2323 1141 2386 qui
1154 2326 1209 2372 erat
1222 2321 1258 2373 cis
1271 2321 1388 2383 Tiberim,
1402 2320 1490 2372 sortito
1508 2319 1601 2372 divisit.

1129 2481 1190 2529 Ll’l.
1209 2481 1289 2540 Atque
1298 2477 1353 2527 brec
1365 2480 1424 2526 sunt
1436 2476 1499 2527 belia
1513 2479 1652 2527 memoratu
1662 2475 1736 2538 digne
1749 2488 1806 2539 quus
1818 2477 1873 2525 ito·

1097 2572 1878 2637 mulusgessit.Qnodautemnullampraeterearicinamgentcna

1097 2669 1236 2733 subegerit,
1251 2681 1318 2718 mors
1337 2668 1429 2728 subita,
1442 2671 1506 2733 (qna
1526 2668 1568 2719 ille
1582 2669 1657 2717 rebus
1679 2666 1774 2717 bellicis
1794 2666 1882 2717 adhue
1985 2652 1991 2662 ⁶

1097 2768 1186 2817 tlorcns
1206 2765 1318 2815 sublatus
1333 2769 1384 2827 est,
1396 2767 1421 2815 ln
1447 2779 1535 2815 caussa
1548 2763 1647 2814 ridetur
1666 2763 1742 2814 tuisse
1760 2783 1767 2813 z
1786 2763 1881 2828 dequo

1095 2863 1175 2913 multa
1193 2866 1269 2927 atque
1285 2862 1354 2913 varia
1372 2861 1511 2912 traduntur.
1558 2859 1606 2919 Qui
1633 2859 1708 2924 igitm
1727 2859 1881 2910 fabulosiora

1096 2959 1128 3010 de
1143 2971 1172 3009 eo
1184 2958 1307 3023 produnt,
1327 2958 1396 3008 aiunt
1409 2970 1466 3008 enm
1484 2957 1665 3007 concionantem
1681 2954 1819 3016 incastris,
1834 2968 1877 3006 rc·

1096 3056 1169 3117 pente
1188 3053 1243 3103 omli
1257 3052 1391 3103 serenitate
1406 3052 1430 3101 in
1443 3055 1522 3103 atram
1537 3051 1665 3113 caliginem
1679 3052 1785 3111 munte,
1800 3053 1826 3100 et
1839 3050 1878 3100 lu·

1097 3146 1164 3211 genti
1178 3148 1326 3209 tempestate
1338 3159 1395 3196 cum
1410 3146 1505 3207 fragore
1519 3149 1611 3204 coorta,
1626 3158 1658 3195 ex
1675 3145 1800 3196 bominum
1813 3157 1878 3196 con-

1097 3241 1183 3303 spectu
1197 3238 1333 3297 sublatum,
1347 3241 1401 3288 eta
1423 3240 1503 3287 Marte
1521 3240 1591 3301 patre
1606 3236 1735 3287 sublimem
1747 3237 1879 3300 abreptum

1096 3334 1207 3385 credunt.
1241 3333 1290 3390 Qui
1314 3344 1374 3381 vero
1389 3329 1499 3394 proxime
1520 3327 1552 3378 ad
1572 3329 1702 3379 veritatem
1716 3328 1879 3390 accedunto

1095 3427 1190 3478 civibus
1217 3438 1308 3476 caesum
1336 3424 1445 3474 tradunt
1489 3422 1570 3472 Credis
1593 3425 1676 3473 aulem
1702 3422 1747 3471 bas
1773 3434 1876 3473 caussas

1095 3518 1214 3577 atterunt3
1237 3515 1301 3580 quod
1322 3515 1421 3566 obsides
1440 3530 1455 3565 a
1476 3515 1621 3565 veientibus
1647 3520 1761 3579 acceptos
1784 3518 1878 3579 proetcr

1094 3621 1189 3659 morem
1203 3607 1256 3657 sine
1269 3606 1392 3657 communi
1405 3607 1483 3657 totius
1493 3606 1575 3671 pupuli
1588 3619 1706 3656 consensu
1724 3603 1876 3667 dimisisset,

1094 3702 1209 3767 quodque
1230 3716 1278 3751 non
1302 3701 1405 3766 emplius
1430 3701 1483 3764 pari
1507 3700 1624 3750 comitate
1645 3702 1762 3749 tractaret
1778 3701 1877 3748 veteres

1093 3795 1160 3845 eires
1170 3797 1195 3845 ct
1206 3794 1389 3858 adscripticios,
1404 3793 1446 3843 sed
1459 3793 1513 3843 ilios
1524 3793 1626 3858 quidem
1641 3793 1665 3841 in
1680 3793 1768 3843 maiori
1780 3791 1876 3845 honore

1093 3888 1203 3949 baberet,
1224 3902 1267 3939 eos
1289 3902 1346 3939 vero
1361 3888 1403 3950 qui
1426 3887 1513 3937 adsciti
1536 3891 1607 3937 erant
1624 3886 1768 3952 dcspioerct.
1800 3888 1872 3936 Prac-

1092 3986 1161 4033 terca
1181 3982 1235 4033 cius
1255 3982 1426 4033 crudelitatem
1449 3985 1475 4031 et
1497 3980 1662 4045 arrogantiam
1680 3980 1706 4029 ia
1730 3979 1871 4041 delinquen·

1092 4075 1155 4124 tium
1171 4073 1296 4137 suppliciis
1312 4091 1319 4122 ι
1346 4073 1466 4136 quosdam
1491 4072 1556 4122 enim
1577 4064 1644 4121 cives
1663 4073 1786 4130 Romanos
1801 4082 1875 4120 ncca-

1092 4164 1248 4229 satos,quod
1266 4164 1292 4214 in
1311 4165 1448 4214 vicinorum
1466 4176 1524 4225 agro
1543 4162 1670 4212 latrocinio
1693 4161 1871 4225 exercuissent,
1895 4216 1900 4225 ,

1092 4263 1159 4320 ciros
1174 4277 1254 4326 neque
1277 4262 1395 4326 ignobiles
1407 4275 1487 4326 neque
1510 4274 1612 4327 pausos,
1631 4261 1663 4311 de
1682 4274 1741 4311 saxo
1758 4261 1873 4327 preacipi-

1092 4360 1130 4406 tes
1154 4356 1208 4406 dari
1225 4355 1310 4416 iussit,
1332 4356 1386 4418 ipse
1410 4356 1479 4407 solus
1502 4367 1555 4406 eam
1575 4367 1675 4418 plenam
1694 4354 1746 4403 sine
1766 4353 1872 4405 aliorum

1092 4460 1212 4498 consensu
1227 4447 1275 4496 iliis
1289 4447 1398 4512 irrogans
1413 4467 1420 4499 ι
1438 4447 1561 4511 praecipue
1572 4446 1718 4512 rermquod
1729 4446 1780 4497 iam
1788 4446 1871 4510 granis

1091 4546 1116 4592 ct
1136 4554 1251 4605 arrogans
1271 4553 1335 4603 csse,
1349 4545 1373 4590 ct
1384 4540 1515 4605 imperium
1534 4555 1582 4591 non
1605 4540 1670 4604 regie
1686 4540 1729 4590 sed
1743 4537 1871 4603 tyrannice

1090 4647 1204 4688 exercere
1222 4633 1356 4685 rideretur.
1390 4633 1429 4681 Ob
1451 4633 1496 4681 iras
1510 4631 1584 4695 igitur
1599 4644 1700 4681 caussas
1712 4630 1783 4679 aiunt
1795 4630 1871 4693 patri·

1091 4733 1150 4796 cios,
1161 4730 1341 4796 conspiratione
1356 4729 1382 4779 in
1402 4743 1458 4780 eum
1481 4730 1563 4790 tacta,
1586 4727 1661 4779 caedis
1679 4724 1808 4777 consilinm
1830 4737 1870 4774 ce-

1090 4827 1155 4891 pisse
1168 4846 1175 4878 :
1189 4826 1284 4878 lacinus
1298 4827 1382 4874 autem
1393 4824 1419 4874 in
1430 4828 1518 4874 senatu
1527 4825 1644 4888 patrasse,
1660 4818 1751 4870 eteius
1764 4828 1869 4879 corpore

1090 4919 1271 4983 discerpimus
1291 4915 1395 4967 cadaver
1416 4918 1556 4980 appareret,
1568 4912 1718 4974 egredientes
1728 4908 1869 4961 occultasse

1088 5008 1135 5058 sub
1150 5006 1316 5067 vestimentis,
1337 5005 1403 5068 quod
1424 5003 1529 5068 quisque
1549 5000 1602 5052 eius
1622 4999 1729 5048 irustum
1742 4993 1867 5054 babebat,

1088 5107 1221 5169 posteaque
1243 5104 1304 5154 ctam
1324 5104 1390 5152 terra
1407 5099 1497 5151 iniecta
1512 5096 1614 5149 texisse.
1645 5092 1693 5145 atti
1710 5105 1769 5143 vero
1781 5089 1865 5148 aiunt,

1089 5213 1149 5251 eum
1169 5200 1349 5251 ecaessoaantem
1373 5209 1388 5245 a
1409 5195 1480 5246 noris
1501 5192 1597 5245 civibus
1616 5202 1729 5241 caesum:
1749 5187 1867 5240 morou
