4070 5926
644 407 939 483 ANTIQUITATUM
959 407 1109 470 ROMAN.
1133 408 1206 469 LlB.
1231 409 1281 470 lX.

145 542 247 616 ἐκείνην
264 566 293 601 τε
314 542 460 619 παρέμεινε
474 537 523 612 τὴν
537 537 641 619 ἡμέραν
656 539 703 600 καὶ
724 539 772 613 τὴν
796 542 922 600 ἐπιοῦσαν
949 548 953 561 ’

145 634 238 694 νύκτα.
282 634 325 712 Τῇ
342 631 365 690 δ’
388 629 447 703 ἑξῆς
467 628 556 710 ἡμέρᾳ
581 628 657 710 κόπῳ
678 652 706 688 τε
726 630 772 688 καί
790 628 925 708 τραύμασι

145 726 198 782 τῶν
215 721 350 796 πολεμίων
366 717 411 778 καὶ
429 718 561 799 ἀγρυπνίογ
581 717 781 797 ἀπειρηκότων,
795 717 926 798 ἐγκρατὴς

146 811 246 890 γίνεται
266 814 313 869 τοῦ
332 808 462 889 χάρακος.
507 809 544 866 bt
569 805 597 865 δὲ
625 808 774 885 Τυρρηνοί,
798 809 833 873 ὡς
859 799 926 865 εἶδον

107 918 120 957 s
147 898 332 981 έιριόαίνοντας
346 895 398 968 ἤδη
413 894 474 963 τοθς
488 893 641 972 Ῥωμαίους
664 903 719 963 τοῖς
743 892 927 973 περισταυρῶ-

147 1010 245 1062 μασιν,
263 984 412 1050 ἐκλιπόντες
429 983 459 1042 τδ
482 980 659 1060 στρατόπεδον
683 982 809 1063 έρευγον,
831 985 855 1040 οί
878 981 925 1058 μὲν

147 1078 185 1143 είς
197 1075 246 1148 τὴν
255 1075 345 1147 πολιν,
358 1077 382 1132 οἱ
397 1073 419 1130 δ’
433 1074 468 1139 είς
482 1071 516 1131 τθι
525 1070 638 1143 πλησίον
651 1069 712 1150 όρη.
755 1073 781 1131 Τ
782 1069 863 1141 αύτην
879 1067 927 1147 μὲν

148 1153 193 1222 σύν
207 1162 254 1235 τὴν
268 1160 372 1241 ἡμέραν
387 1162 414 1220 ἕν
426 1164 466 1241 τῷ
484 1159 586 1239 χάρακι
608 1162 660 1217 τῶν
674 1159 809 1236 πολεμίοιν
825 1158 926 1235 ἔμεινεν

148 1257 163 1312 δ
177 1251 289 1320 ὕπατος·
303 1274 338 1331 τη
359 1251 382 1309 δ’
402 1250 460 1321 ἑξῆς
478 1247 567 1328 ἡμέρᾳ
583 1249 754 1329 στερανόισας
773 1247 834 1314 τοὺς
849 1248 925 1326 ἀρισ·

93 1354 122 1396 10
148 1340 292 1407 τεύσαντας
308 1342 335 1399 έν
351 1343 385 1417 τῇ
400 1338 476 1418 μάχη
490 1345 549 1405 ταῖς
562 1338 788 1416 ἐκπρεπεστάταις
803 1338 926 1415 δωρεαῖς,

149 1430 237 1490 πάντα
252 1428 286 1488 sd
300 1425 532 1508 ἰγκαταληρθέντα
546 1427 572 1484 ἓν
587 1428 626 1506 τῷ
636 1427 737 1506 χάρακι
757 1425 884 1503 θποζύγιοί
898 1447 927 1483 τε

149 1519 194 1577 καί
209 1517 362 1598 ἀνδράποδα
384 1516 430 1575 καὶ
450 1514 548 1589 σκηνὰς
567 1515 672 1574 πολλῶν
698 1517 803 1593 ἀγαθῶν
826 1513 926 1592 γεμού-

149 1629 197 1672 σας
216 1614 271 1672 τοῖς
290 1601 465 1683 στρατιώταις
492 1601 647 1682 ἐχαρίσατο.
693 1606 747 1665 liat
772 1604 874 1679 ἐγένετο
900 1607 926 1663 ἐν

147 1696 235 1775 πολλῇ
250 1692 359 1773 εὐπορία
379 1691 409 1750 τὸ
423 1695 476 1750 τῶν
492 1690 636 1769 Ῥωμαίων
656 1692 828 1771 στράτευμα,
847 1697 882 1761 ὡς
900 1693 925 1762 ἐξ

92 1794 120 1834 ¹⁶
148 1785 272 1861 οὐδεμιᾶς
294 1779 385 1861 ἐτέρας
403 1779 513 1840 πώποτε
529 1779 627 1861 μοίχης.
679 1780 860 1862 Ἀόροδίοιιτον
876 1781 928 1863 γδιρ

149 1873 181 1944 δὴ
197 1872 242 1931 καὶ
257 1870 399 1938 πολυτελὲς
413 1868 443 1929 τδ
457 1873 508 1929 τῶν
524 1872 669 1950 Τυρρηνῶν
684 1870 755 1938 ἔθνος
770 1862 801 1942 ἦν
815 1871 882 1933 οίκοι
893 1894 922 1929 τε

46 1958 48 1961 ’
148 1960 194 2020 καὶ
207 1961 250 2020 ἐπὶ
266 1957 463 2038 στρατοπέδου,
483 1957 685 2040 ὑπεραγόμενον
700 1957 750 2027 ἔξω
772 1962 824 2017 τῶν
839 1959 927 2035 ἀναγ-

145 2044 226 2102 καίων
255 2044 370 2100 πλούτου
403 2065 432 2099 τε
454 2041 499 2099 καί
523 2043 617 2118 τέχνης
644 2043 708 2119 ἔργα
730 2048 843 2098 παντοῖα
864 2046 928 2117 προς

145 2132 239 2203 itania
256 2128 470 2209 μεμηχανημένα
492 2129 537 2187 καί
552 2128 663 2208 τροφός.

91 2247 122 2292 ab
191 2224 281 2286 xvll.
303 2225 370 2291 Ταῖς
384 2224 409 2283 δ’
424 2222 483 2295 ἑξῆς
497 2222 609 2304 ἡμέραις
623 2224 795 2306 ἀπειρηκότες
809 2223 861 2297 ἤδη
875 2231 928 2293 τοῖς

150 2314 238 2381 κακοῖς
252 2314 276 2373 οἱ
294 2309 447 2372 Οὐιεντανοί
459 2309 517 2379 τοδς
535 2312 793 2392 πρεσόυτοίτουςτῶν
810 2315 925 2372 πολιτῶν

149 2402 282 2479 ἱκετηρίας
296 2402 425 2484 φέροντας
442 2401 601 2462 ἀπέστειλαν
616 2406 652 2471 ῶς
667 2402 712 2462 τδν
728 2401 847 2478 ύπατον,
860 2403 926 2480 ὑπὲρ

150 2494 196 2562 τῆς
210 2490 314 2569 εἰρήνης
326 2488 532 2567 διαλεξομένους.
577 2491 630 2551 Καὶ
650 2494 674 2551 οἱ
689 2490 781 2571 ἀνδρες
795 2490 926 2571 ὀλοφυρό-

151 2580 224 2650 μενοί
238 2602 267 2637 τε
282 2578 328 2637 καὶ
343 2579 555 2653 ἀντιόολοῶντες,
569 2579 614 2639 καὶ
628 2580 714 2639 τᾶλλα
737 2579 787 2638 όσα
801 2581 928 2657 ἐπαγωγὰ

92 2691 123 2732 ες
150 2659 183 2739 ἧν
198 2668 235 2734 εἷς
249 2666 338 2742 ἔλεον,
362 2665 429 2744 perd
443 2669 548 2726 πολλῶν
565 2667 686 2747 δακρύων
701 2667 854 2744 διεξιόντες,
868 2669 929 2728 πεί-

151 2760 225 2816 θουσι
246 2755 291 2815 τόν
316 2753 415 2815 θπατον
440 2756 580 2837 ἐπιτρέψαι
603 2756 677 2836 σφίσι
701 2755 865 2836 πρεσόευτθς
890 2758 927 2823 είς

150 2845 261 2923 Ῥώμην
276 2843 335 2912 τοὺς
347 2843 419 2923 ὑπὲρ
429 2847 477 2915 τῆς
486 2843 655 2912 καταλύσεως
668 2851 716 2905 τοῦ
729 2845 847 2923 πολέμου
863 2845 927 2921 πρὸς

151 2933 197 3005 τὴν
220 2932 317 3014 βουλὴν
337 2931 533 3011 διαλεξομένους
553 2935 718 2994 ἀποστεῖλαι·
743 2933 791 3002 ἕως
813 2934 839 2994 δὲ
854 2933 886 2993 ἀν
902 2937 927 2993 οἱ

151 3023 274 3101 πρίσόεις
293 3021 439 3103 ἀφίκωνται
455 3019 575 3102 φέροντες
588 3022 637 3090 τὰς
651 3021 818 3102 ἀποκρίσεις,
844 3023 927 3097 μηδὲν

96 3132 128 3172 ao
153 3115 238 3173 αὐτῶν
254 3118 409 3191 κακουργεῖν
420 3106 469 3181 τὴν
481 3108 580 3191 χώραν.
633 3106 693 3170 Ἵνα
708 3108 737 3168 δέ
754 3111 841 3177 αὐτοῖς
855 3110 929 3187 ἀγγέ-

152 3224 230 3273 νηται
252 3205 336 3260 ταῦτα
366 3197 508 3278 πρόττειν,
534 3196 606 3257 σῖτόν
629 3221 658 3257 τε
688 3199 864 3275 ὡμολόγησαν
895 3201 928 3276 τῇ

151 3289 296 3367 Ῥωμαίων
312 3295 424 3369 στρατιᾷ
447 3287 558 3365 διμήνου
581 3286 718 3367 παρέξειν,
737 3288 783 3347 καί
798 3287 927 3368 χρήματα

151 3385 187 3447 εἷς
199 3378 369 3461 ὀψωνιασμὸν
382 3375 409 3444 έξ
422 3379 529 3453 μηνῶν,
545 3380 580 3444 ὡς
599 3383 613 3434 θ
625 3380 729 3456 κρατῶν
744 3376 828 3445 ἔταξε.
875 3375 930 3437 Καὶ

151 3473 165 3528 δ
179 3466 226 3544 μὲν
243 3467 342 3534 ὕπατος
358 3463 450 3524 λαθὼν
464 3462 499 3522 rb
516 3463 673 3541 κομισθέντα
697 3465 742 3523 καὶ
767 3463 871 3531 διαδοὺς
896 3468 930 3543 τῇ

94 3571 125 3611 ss
152 3565 280 3637 στρατιᾷ,
295 3557 408 3614 ποιεῖται
422 3552 470 3621 τάς
484 3554 551 3634 πρὸς
572 3552 663 3619 αὐτοὺς
683 3553 790 3632 ἀνοχάς.
847 3553 883 3611 'll
899 3551 926 3610 δέ

153 3646 236 3727 βουλὴ
250 3648 298 3715 τῆς
312 3643 453 3723 πρεσόείας
477 3641 615 3707 ἀκούσασα
632 3643 678 3702 καί
700 3642 734 3701 τὰ
758 3647 804 3701 τοῦ
827 3640 930 3700 ὖιτάτου

150 3736 298 3816 γράμματα
319 3731 448 3811 δεξαμένη
462 3731 564 3803 πολλὴν
585 3733 743 3810 ποιουμένου
760 3731 929 3812 παράκλησιν

152 3824 198 3884 καί
215 3825 403 3902 παραινοῦντος
422 3820 458 3888 ὧς
477 3818 590 3900 τάχιστα
616 3820 778 3880 καταθέσθαι
801 3819 845 3879 τδν
865 3817 929 3899 πρὸς

150 3916 177 3973 Τ
178 3910 302 3990 υρρηνοθς
316 3912 451 3986 πόλεμον,
465 3909 550 3987 δόγμα
565 3906 700 3987 ἐξήνεγκε,
721 3908 818 3967 διδόναι
829 3905 879 3979 τὴν
894 3907 931 3965 εί-

94 4021 125 4060 ab
152 4002 234 4081 ρήνην
245 4045 254 4073 ,
271 4005 307 4067 ὡς
320 4002 433 4079 ᾐτοῦντο
455 3999 479 4056 οί
503 3994 638 4073 πολέμιοι·
662 3997 703 4078 ἐφ’
716 3987 753 4064 οἷς
773 3996 801 4055 δέ
822 3995 931 4063 δικαίοις

152 4088 219 4161 αύτδ,
247 4089 356 4167 γένηται
380 4087 425 4146 τδν
448 4083 547 4145 ὕπατον
568 4087 790 4158 καταστήσασθαι
819 4083 931 4144 Λεύκιον

151 4177 296 4252 Αἰμίλιον,
313 4179 350 4244 ῶς
364 4174 396 4234 ἂν
412 4174 485 4252 αὐτῷ
499 4178 570 4255 φανῇ
587 4172 714 4253 κράτιστα
729 4170 806 4241 έξειν.
823 4171 932 4240 Ταύτας

151 4265 242 4326 λαόθνν
252 4265 299 4333 τδις
311 4262 462 4341 ἀποκρίσεις
481 4265 495 4320 δ
509 4262 609 4330 θπατος
621 4261 763 4322 σπένδεται
785 4259 850 4342 πρδς
871 4259 932 4330 τοὺς

152 4353 344 4430 Οὐιεντανοὺς,
361 4350 557 4432 ἐπιεικεστέραν
573 4353 675 4430 μᾶλλον
689 4353 707 4423 ἣ
723 4350 929 4431 συμφορωτέραν

95 4461 124 4500 ιε
150 4453 205 4514 τοῖς
219 4444 398 4522 κεκρατηκόσι
416 4441 594 4517 ποιησόμενος
614 4440 737 4522 εἰρήνην,
762 4437 822 4499 ούτε
837 4438 928 4517 χῶραν

152 4536 238 4593 αὐτῶν
254 4531 452 4608 ἀποτεμόμενος
472 4528 532 4590 οὔτε
555 4531 703 4611 χρημάτων
726 4529 816 4588 ἀλλων
833 4529 930 4598 ἐπιθεὶς

151 4623 248 4698 ζημίαν
262 4620 322 4681 οὔτε
336 4620 444 4700 ὁμήρων
458 4620 531 4680 δόσει
545 4619 575 4679 τδ
598 4620 691 4680 πιστδν
708 4621 734 4677 ἀν
756 4625 810 4683 τοῖς
827 4638 931 4696 συγκει·

151 4708 240 4787 μένοις
264 4709 490 4790 βεόαιωσοίμενος.
541 4710 629 4769 Τοῦτο
643 4707 716 4788 αὐτῷ
738 4703 821 4786 μίγαν
836 4705 931 4780 ἤνεγκε

151 4794 262 4879 φθόνον,
279 4795 326 4855 καί
347 4800 393 4855 τοῦ
419 4796 457 4873 μὴ
479 4795 570 4855 λαόεῐν
591 4794 666 4875 παρὰ
690 4798 736 4867 τῆς
761 4793 858 4871 βουλῆς
881 4787 928 4857 τδις

95 4912 123 4951 so
150 4886 195 4946 ἀπὶ
230 4888 283 4955 τοῖς
306 4885 524 4966 κατωρθωμίνοις
552 4886 664 4964 χάριτας
702 4881 785 4941 αἴτιον
815 4879 928 4958 ίγίνετο.

150 4975 314 5048 Ἐνίστησαν
329 4974 381 5056 γάρ
399 4976 472 5056 αὐτῷ
488 4973 533 5033 τδν
559 4969 689 5052 θρίαμόον
715 4967 866 5050 αἰτουμένῳ
880 4966 928 5040 τὴν

150 5065 290 5124 αὐθάδειαν
318 5062 472 5140 αίτιῶμινοι
495 5064 548 5121 τῶν
571 5061 723 5134 συνθηκῶν,
746 5055 786 5117 ότι
812 5058 842 5116 ού
859 5054 928 5134 μετά

149 5157 239 5227 κοινῆς
258 5151 368 5233 γνῶμης
394 5149 476 5220 αὗτάς
501 5149 625 5230 ἔπραξεν.
666 5146 726 5209 Ἵνα
746 5146 774 5206 δί
802 5147 840 5219 μὴ
864 5145 929 5226 πρὸς

149 5241 225 5323 θόριν
248 5241 267 5314 ἢ
282 5243 347 5325 πρὸς
360 5241 440 5324 ἀργὴν
453 5238 526 5318 λοίόη
541 5238 572 5300 τὸ
586 5246 716 5320 πραγμα,
731 5235 775 5296 ἐπὶ
790 5235 925 5297 Οὐολούσ·

1699 414 1757 475 535

981 553 1031 599 tur.
1063 548 1163 599 Etrusci
1176 549 1257 611 enim,
1276 548 1321 599 ubi
1336 548 1452 600 viderunt
1465 548 1559 601 rollum
1571 550 1621 601 iam
1639 554 1759 604 altoma-

980 665 1019 715 nis
1031 664 1186 725 transcendi,
1199 663 1305 716 desertis
1320 665 1424 726 castris,
1443 666 1533 730 partbu
1551 666 1576 716 in
1589 666 1686 730 urbem,
1702 682 1760 733 par·

980 780 1025 832 tim
1040 782 1066 831 in
1076 781 1202 846 prosimos
1213 787 1311 832 montes
1328 783 1451 845 fugerunt.
1485 783 1523 831 Ito
1534 780 1609 843 igitur
1619 780 1660 832 die
1673 783 1760 834 consul

980 894 1005 944 in
1030 894 1139 946 bostium
1165 895 1253 946 castris
1273 897 1373 947 mansit.
1409 894 1532 945 Postridie
1551 910 1611 947 vero
1639 910 1699 958 cos,
1717 897 1762 963 qui

981 1007 1102 1074 egregiam
1116 1021 1217 1073 operam
1233 1008 1257 1057 in
1272 1007 1346 1073 poelio
1367 1010 1500 1069 navarent,
1523 1009 1622 1059 coronis
1639 1009 1762 1076 donisque

981 1122 1185 1187 splendidissimis
1197 1122 1300 1172 donavit
1311 1161 1317 1184 ,
1330 1124 1463 1187 omniaque
1477 1123 1589 1174 iumenta
1599 1128 1621 1176 cl
1641 1126 1762 1191 mancipia

982 1234 1007 1283 iu
1022 1234 1112 1285 castris
1126 1234 1211 1285 relicta
1224 1236 1251 1285 et
1265 1234 1372 1285 tentoria
1389 1234 1475 1285 multis
1487 1234 1558 1286 bouis
1571 1238 1664 1288 retenta
1674 1238 1761 1289 militi·

983 1349 1070 1400 busin
1086 1350 1195 1414 predam
1210 1349 1334 1400 concessit
1355 1363 1361 1396 ι
1382 1352 1459 1415 atque
1483 1351 1610 1402 exercilus
1637 1355 1762 1403 Romanus

982 1469 1041 1516 tunc
1055 1467 1140 1516 tontis
1149 1465 1258 1528 divitiis,
1273 1465 1373 1529 quantis
1386 1479 1513 1530 uunquam
1525 1467 1586 1517 alias
1597 1466 1624 1517 iu
1637 1468 1688 1518 ullo
1699 1483 1762 1534 prce·

983 1581 1016 1633 lio
1025 1584 1065 1633 est
1076 1581 1178 1633 ditatus.
1194 1585 1257 1633 Nam
1272 1596 1332 1647 gens
1347 1585 1454 1634 Etrusca
1465 1583 1524 1634 vitre
1539 1597 1617 1648 genus
1630 1581 1762 1635 delicatum

983 1711 1013 1765 ac
1024 1700 1182 1749 sumtuosum
1195 1701 1222 1748 et
1232 1698 1298 1771 domi
1317 1700 1343 1749 et
1360 1698 1456 1750 militia
1470 1699 1559 1761 degere
1573 1704 1740 1751 consueverat
1754 1719 1761 1750 ι

982 1815 1154 1879 quippenam,
1168 1816 1259 1878 praeter
1271 1826 1312 1864 res
1324 1815 1488 1874 necessarius,
1507 1813 1582 1864 luxus
1596 1815 1672 1866 etiam
1684 1819 1710 1866 et
1720 1829 1761 1866 ar·

982 1928 1052 1979 tisreii
1066 1928 1161 1978 variam
1183 1927 1374 1992 supellectilem,
1394 1929 1428 1978 ad
1451 1929 1593 2001 voluptates
1612 1934 1637 1980 et
1660 1929 1763 1981 delicias

983 2041 1163 2104 elaborantem,
1175 2041 1349 2092 admiraretur.

1015 2264 1092 2313 xvll.
1111 2262 1278 2326 sequentibus
1296 2262 1384 2313 diebus
1401 2260 1519 2313 Veientes
1532 2263 1581 2313 ium
1600 2263 1673 2313 tracti
1690 2236 1773 2314 mults

983 2360 1074 2411 cisium
1087 2349 1208 2410 maximol
1224 2368 1337 2424 quosque
1353 2364 1413 2410 natu
1425 2359 1457 2409 ad
1477 2360 1604 2411 consulem
1618 2374 1687 2411 more
1700 2375 1761 2424 sup·

984 2459 1077 2523 plicam
1089 2462 1191 2511 ornatos
1212 2459 1347 2519 miseruut,
1361 2463 1391 2509 ut
1410 2474 1468 2509 curn
1484 2473 1514 2510 eo
1528 2458 1560 2509 de
1573 2473 1634 2525 pace
1653 2463 1761 2523 agerent.

983 2558 1015 2608 lli
1028 2557 1141 2622 lugentes
1154 2561 1181 2609 et
1202 2557 1345 2622 suppliciter
1367 2560 1481 2619 orantes,
1496 2562 1522 2609 et
1543 2559 1592 2608 aliu
1607 2572 1764 2622 quaecuuque

984 2658 1034 2707 rim
1047 2656 1207 2708 conciliandas
1221 2655 1395 2707 misericordiae
1407 2656 1500 2707 babent
1512 2669 1571 2706 curu
1589 2656 1675 2708 multis
1687 2656 1762 2706 lacri-

984 2757 1031 2806 mis
1052 2760 1289 2818 commemorantes,
1313 2757 1477 2821 impetrarunt
1496 2771 1511 2807 a
1530 2758 1646 2820 consule,
1664 2761 1694 2808 ut
1715 2758 1764 2808 sibi

984 2854 1069 2905 liceret
1084 2854 1179 2917 legatos
1192 2856 1295 2904 Romam
1303 2849 1332 2899 ud
1340 2856 1455 2904 senatum
1464 2853 1496 2905 de
1509 2866 1570 2918 paee
1589 2858 1690 2907 acturos
1703 2856 1764 2906 mit·

984 2958 1036 3006 tere
1051 2969 1058 2999 ι
1075 2953 1176 3003 iuterim
1200 2967 1276 3011 vero,
1297 2952 1358 3002 dum
1376 2953 1451 3017 legati
1465 2966 1612 3018 responsum
1630 2955 1763 3019 referrent,

985 3052 1016 3102 ab
1028 3052 1096 3102 omni
1109 3051 1228 3102 maleficio
1247 3054 1273 3102 et
1283 3052 1335 3117 agri
1347 3051 1387 3102 sui
1397 3053 1538 3103 vastatione
1549 3055 1648 3105 milites
1658 3053 1765 3105 abstine-

985 3152 1048 3200 rent.
1081 3153 1145 3209 Quae
1154 3154 1184 3200 ut
1199 3149 1246 3200 sibi
1261 3149 1464 3209 concederentur,
1485 3148 1636 3202 frumentum
1653 3151 1762 3202 duorum

985 3245 1123 3306 mensium,
1145 3247 1171 3295 et
1200 3244 1351 3309 stipendium
1378 3259 1423 3297 sex
1444 3247 1579 3308 mensium,
1610 3250 1684 3311 prout
1711 3248 1764 3298 ric-

986 3345 1025 3393 tor
1044 3343 1189 3406 imperarat,
1213 3344 1364 3392 seliomano
1391 3343 1508 3394 exercitui
1530 3342 1634 3393 daturos
1661 3342 1765 3408 polliciti

985 3443 1052 3491 sunt.
1086 3439 1195 3500 Consul,
1209 3438 1246 3488 bis
1267 3440 1351 3490 allatis
1367 3442 1393 3490 ct
1413 3441 1522 3505 acceptis
1542 3441 1654 3504 interque
1672 3442 1766 3494 milites

986 3538 1086 3599 divisis,
1098 3535 1212 3586 inducias
1226 3536 1345 3586 cumillis
1365 3536 1431 3588 iecit.
1465 3538 1572 3589 Senatus
1584 3552 1656 3599 vero,
1673 3539 1766 3590 auditis

986 3628 1075 3692 legatis
1088 3631 1114 3677 et
1125 3625 1259 3690 acceptisa
1274 3627 1376 3678 consule
1391 3627 1484 3689 literis,
1501 3630 1609 3679 multum
1622 3633 1724 3693 rogante
1739 3634 1766 3680 et

988 3719 1120 3779 suadente,
1140 3722 1169 3770 ut
1179 3732 1257 3783 quam
1274 3718 1402 3770 celerrime
1429 3719 1537 3781 bellum,
1553 3722 1621 3785 quod
1633 3722 1765 3785 gerebatur

986 3827 1045 3864 carn
1058 3812 1183 3871 Etruscis,
1197 3810 1317 3870 liniretur,
1332 3810 1448 3863 hostibus
1461 3825 1548 3876 pacem
1560 3827 1637 3877 quam
1651 3814 1767 3878 petebant

987 3907 1047 3959 dare
1073 3904 1185 3957 decrerit
1212 3924 1219 3954 ι
1242 3904 1285 3953 scd
1310 3904 1403 3967 quibus
1428 3904 1611 3956 conditionibus
1636 3906 1662 3956 id
1684 3906 1765 3970 leret,
1792 3922 1795 3927 ¹

986 4003 1016 4051 L.
1028 3998 1154 4050 AEmilium
1177 3995 1316 4057 musulani,
1331 3998 1406 4061 prout
1425 3996 1449 4048 ei
1468 3996 1590 4060 optimum
1604 4001 1670 4049 esset
1685 3999 1763 4050 risum

987 4096 1098 4144 statuere
1114 4090 1204 4141 lussit.⁴
1229 4090 1336 4153 consul,
1355 4088 1403 4139 boc
1418 4102 1538 4153 responso
1552 4092 1667 4153 accepto,
1686 4089 1766 4139 turdus

985 4202 1044 4240 cum
1055 4186 1199 4239 Veientibus
1219 4183 1293 4246 fecit,
1309 4184 1368 4234 datu
1387 4182 1434 4233 illis
1454 4194 1529 4247 pace,
1546 4182 1571 4231 ln
1584 4195 1634 4245 qua
1647 4183 1765 4233 maiorem

986 4281 1106 4332 rationem
1118 4279 1226 4332 lenitatis
1238 4292 1314 4342 quarn
1323 4275 1438 4328 utilitatis
1448 4274 1531 4341 populi
1543 4274 1652 4335 victoris,
1667 4275 1764 4335 habuit,

987 4391 1032 4429 uec
1044 4378 1114 4442 parte
1126 4375 1179 4438 agri
1192 4373 1241 4424 illis
1256 4372 1368 4431 ademta,
1388 4382 1434 4420 nec
1447 4368 1498 4419 ulla
1512 4368 1585 4419 aliam
1606 4368 1765 4434 pecuniarum

985 4467 1080 4519 mulcta
1098 4466 1224 4530 irrogata,
1241 4476 1288 4514 nec
1304 4460 1412 4525 acceptis
1432 4459 1561 4522 obsidibus
1575 4458 1623 4509 fide
1636 4463 1764 4523 pactorum

985 4560 1135 4611 contirmata.
1169 4560 1223 4607 Hoc
1234 4556 1258 4607 ei
1269 4568 1383 4617 magnam
1395 4552 1536 4604 conciliavit
1551 4550 1687 4609 invidiam,
1701 4550 1763 4600 etle-

986 4653 1084 4716 citque,
1097 4653 1126 4700 ut
1145 4650 1225 4715 gratia
1241 4662 1274 4699 ac
1297 4647 1399 4697 bonore
1417 4646 1505 4697 debito
1529 4644 1561 4695 ob
1586 4656 1637 4693 rem
1661 4642 1766 4693 feliciter

985 4754 1080 4816 gestam
1096 4763 1112 4799 a
1126 4751 1212 4799 senatu
1226 4744 1391 4796 fraudaretur.
1425 4744 1453 4793 lii
1466 4742 1534 4793 euim
1548 4738 1708 4804 triumphum
1720 4753 1764 4803 pe-
1865 4806 1868 4809 ¹

985 4847 1049 4899 tenti
1070 4847 1137 4897 cives
1160 4842 1287 4895 adversati
1313 4844 1389 4902 sunt,
1412 4838 1556 4904 objicientes
1587 4837 1763 4901 arrogantiam,

984 4941 1053 5008 qued
1068 4942 1135 5004 leges
1156 4939 1255 4991 traderis
1276 4951 1326 4988 nou
1347 4937 1379 4988 de
1401 4933 1529 4987 communi
1549 4933 1671 4985 sententia
1687 4934 1764 4984 uictis

985 5039 1151 5104 bnposuissel.
1184 5037 1233 5088 sed
1251 5050 1284 5087 ne
1303 5049 1358 5088 cam
1378 5047 1432 5085 rem
1444 5032 1471 5083 iu
1486 5045 1556 5084 suam
1574 5030 1763 5089 contumeliam,

984 5150 1047 5189 nere
1060 5135 1145 5202 iniquo
1156 5133 1276 5186 adeamus
1296 5147 1324 5184 se
1335 5130 1418 5183 animo
1432 5129 1525 5180 iactatu
1545 5130 1654 5194 putaret,
1674 5128 1763 5181 decre-

986 5242 1072 5292 verunt
1086 5242 1115 5290 ut
1130 5238 1215 5304 copias
1234 5237 1260 5287 in
1271 5235 1377 5288 Volscos
1392 5234 1511 5296 doceret,
1528 5237 1557 5285 ut
1572 5233 1674 5287 codena
1691 5231 1765 5288 auxi·
1870 5265 1875 5274 ·
