4048 5924
651 415 941 494 ANTIQUITATUM
963 427 1109 495 ROMAN.
1131 435 1206 499 LIB.
1230 440 1295 505 VII.
1709 462 1769 522 tto

160 564 173 589 ιι
191 534 302 596 ἵκαστον
316 539 434 599 ίνιαυτδν
448 544 598 624 ἐπικουρίας
620 545 697 607 ἕνεκα
721 553 772 609 τῶν
791 575 938 635 κατισχυο-

161 652 174 676 a
193 624 277 701 μένων
290 626 334 686 καί
353 626 509 703 κωλύσεως,
528 632 594 693 ἄλλο
610 633 638 694 δὲ
656 637 732 716 παρὰ
757 640 833 700 ταῦτ’
848 645 934 705 οὐδέν.

161 738 173 764 ιι
192 713 326 791 Μέγιστον
349 715 376 776 δὲ
392 718 453 789 ύμῖν
477 720 591 796 γενέσθω
611 723 773 804 τεκμήριον,
792 728 833 789 θτι
847 731 935 793 ούτεθ

160 826 173 853 ιι
190 809 267 878 νόμος
289 800 351 862 οὔτε
371 807 398 862 αἱ
413 810 537 879 συνθῆκαι
556 808 616 871 κατ’
630 813 721 894 ἀνδρὸς
736 820 876 896 πατρικίου
893 823 932 881 δι-

160 916 173 942 ιι
189 891 279 961 κτίζειν
293 895 332 972 τῷ
353 892 431 975 δήμῳ
454 895 598 957 δεδώκασιν
615 897 749 974 tiresias,
773 901 872 967 δποιεῖ
889 914 935 968 νῦν

158 1002 171 1029 ιι
189 978 298 1047 αύτδςθ
323 982 413 1057 δῆμος.
463 985 583 1045 Αίτεῖται
607 986 658 1068 γὰρ
682 989 747 1050 αὖτδ
768 997 834 1074 παρ’
858 999 933 1072 ὑμῶν

157 1091 170 1116 ιι
193 1066 322 1147 τήμερον,
343 1073 378 1137 ὡς
398 1069 524 1152 πρότερόν
536 1098 566 1153 γε
579 1077 629 1135 οὐκ
652 1074 731 1158 ίχων·
754 1081 837 1151 οὐδεὶς
859 1084 887 1143 δὲ
901 1085 932 1144 ἂν

157 1179 170 1205 ιι
188 1152 307 1221 ἀξιώσειέ
319 1180 345 1216 τι
359 1158 423 1237 παρ’
447 1160 535 1220 ἄλλων
557 1162 723 1244 λαμύοίνειν,
739 1158 776 1227 ὧν
790 1171 846 1229 ίστι
860 1172 932 1253 νόμῳ

155 1266 168 1292 ιι
185 1242 282 1319 κύριος.
297 1243 404 1305 Δίκαιον
420 1246 448 1307 δί
459 1248 560 1329 φύσεως
575 1252 779 1329 ἀνομοθέτητον,
800 1247 822 1317 ὦ
838 1260 931 1339 βουλὴ,

155 1330 240 1399 «πῶς
268 1329 300 1389 δν
322 1331 362 1406 εἴη
384 1339 471 1395 τοῦτο·
499 1337 545 1396 καὶ
569 1339 620 1420 γὰρ
648 1346 724 1401 τοῦτο
748 1344 840 1416 Δίκιος
860 1356 932 1427 opo<

154 1440 167 1467 ι
183 1414 250 1495 ᾤετο
276 1419 329 1478 δεῖν
349 1424 464 1482 σκοπεῖν·
489 1427 542 1494 τοῖς
565 1426 613 1503 μὲν
636 1429 777 1506 δημόταις,
799 1434 829 1501 t<
853 1437 877 1495 τ’
898 1437 931 1498 θν

154 1527 167 1554 ιι
183 1502 299 1586 φεύγωσι
313 1505 385 1574 δίκας
403 1510 454 1569 turi
472 1514 524 1570 τῶν
547 1514 693 1593 πατρικίων
706 1517 750 1576 καὶ
771 1517 802 1587 ἃς
816 1520 847 1579 ἂν
861 1524 931 1584 ἐκεί-

152 1616 165 1643 ι
182 1614 240 1661 νους
263 1593 378 1655 διώκωσι
397 1598 441 1656 τὸν
465 1600 548 1677 δῆμον
564 1601 694 1676 δικάζειν,
713 1613 766 1674 τοῖς
787 1608 814 1670 δὲ
830 1633 928 1693 πατρι-

151 1705 165 1731 ι
181 1681 247 1742 κίοετ
262 1682 324 1761 μήθ’
339 1682 401 1742 θπαν
418 1687 539 1766 ἐπάγωσί
555 1712 607 1748 τινι
620 1694 671 1750 τῶν
687 1693 836 1766 δημοτικῶν
855 1700 930 1776 δίκην

151 1793 165 1819 ιι
187 1769 251 1846 μήθ’
271 1770 334 1831 όταν
350 1773 421 1833 αὐτοὶ
444 1776 611 1837 κινδυνεύωσι
639 1778 699 1847 τοὺς
717 1784 868 1865 πατρικίους
893 1789 927 1848 ri

150 1882 164 1908 ιι
182 1858 255 1930 νείκη
270 1861 388 1934 διαιταν,
404 1863 471 1923 illi
492 1865 591 1934 τούτοις
608 1866 657 1944 μὲν
678 1870 814 1954 ἀμφότερα
835 1873 929 1943 ἐξεῖναι

147 1970 160 1995 ιι
178 1947 361 2026 πλεονεκτεῖν,
378 1954 439 2026 ἡμῖν
454 1950 481 2011 δί
495 1954 630 2034 οὐδετέρου
657 1960 710 2017 τῶν
724 1957 831 2020 δικαίων
846 1965 927 2038 μετί-

147 2058 159 2083 ιι
176 2037 292 2111 χεινςΙξί
306 2035 374 2096 δέτι
394 2039 511 2120 Μάρκιος
534 2043 620 2102 θδικιῖ
640 2043 684 2104 τὸν
702 2046 785 2121 δῆμον
812 2046 867 2130 [ἢ]
882 2054 927 2113 καὶ

147 2146 159 2171 ιι
177 2120 255 2188 ἄλλος
269 2124 321 2180 τῶν
337 2127 482 2210 πατρικίων
505 2133 641 2205 ὁστισοῦν,
672 2133 719 2192 καὶ
738 2133 837 2204 δίκαιός
855 2141 926 2200 ἔστιν

146 2233 158 2259 ι
176 2209 314 2269 ἀποθανεῖν
333 2210 351 2284 ἢ
371 2216 417 2284 τῆς
431 2216 532 2287 πόλεως
549 2221 687 2296 ἐκπεσεῖν,
707 2222 746 2299 μὴ
758 2229 824 2305 παρ’
839 2229 926 2300 αὐτοῖς

145 2321 158 2347 ιι
177 2296 235 2354 ἀλλ’
250 2297 341 2357 ίνθιῖδε
363 2301 460 2380 κριθείς
480 2305 575 2367 διδότω
593 2306 683 2385 δίκας,
699 2308 790 2391 ὥσπερ
809 2314 866 2374 ἐστὶ
878 2318 924 2377 νό·

145 2407 264 2461 ιμεμον.
315 2388 350 2448 Ei
364 2388 403 2466 μὴ
418 2390 491 2473 ἄρα,
507 2382 530 2453 ὦ
546 2392 644 2468 Δίκιε,
666 2401 680 2457 δ
703 2397 750 2476 μὲν
766 2402 848 2477 δῆμος
870 2405 925 2476 ἶσος

143 2495 157 2522 ι
173 2470 249 2531 ἔσται
267 2473 393 2548 δικαστὴς
412 2478 458 2537 καί
472 2480 547 2541 οὐθὲν
561 2482 593 2541 δν
613 2485 754 2564 χαρίσαιτο
777 2490 849 2570 αύτῷ
863 2493 924 2574 περὶ

144 2586 158 2614 ιι
176 2562 267 2642 ἀνδρὸς
277 2566 369 2647 ίχθροῦ
384 2568 432 2642 τὴν
450 2573 536 2655 ψῆφον
559 2577 702 2655 ίπιφῖρων·
715 2567 787 2638 οὗτοι
803 2579 831 2638 δὲ
844 2584 866 2641 εί
881 2583 923 2664 γέ-

145 2676 158 2703 ιι
176 2672 261 2710 νοιντο
275 2658 321 2726 τῆς
337 2656 425 2745 ψήφου
447 2659 532 2740 κύριοι
547 2662 592 2722 τὸν
608 2666 746 2725 ἀδικοῦντα
758 2668 820 2750 περὶ
834 2671 922 2732 πλεῖοι

144 2762 157 2789 ιι
174 2760 216 2806 νος
226 2740 381 2814 ποιήσονται
399 2750 445 2821 τῆς
457 2749 630 2828 ἀδικουμένης
652 2756 697 2813 ὑπ’
709 2758 789 2816 αὐτοῦ
804 2759 920 2837 πόλεως,

141 2849 154 2877 ιι
172 2824 312 2901 με’λλοντες
334 2832 400 2913 ἀρὰν
416 2834 461 2894 καί
482 2837 617 2920 ίπιορκίαν
632 2841 678 2901 καλ
691 2851 768 2919 μῖσος
784 2845 832 2920 μὲν
848 2852 920 2930 παρὰ

140 2939 152 2965 ιι
171 2915 336 2995 ἀνθρώπων,
367 2920 447 3002 χόλον
472 2924 500 2986 δὲ
533 2926 608 3007 παρδ
630 2931 695 2989 θεῶν
717 2934 747 2990 ἐκ
772 2936 819 3005 τῆς
847 2937 921 3012 δίκης

139 3029 152 3057 ιι
172 3002 341 3083 ἀποίσεσθαι,
366 3011 411 3070 καί
426 3012 494 3088 μετὰ
515 3019 636 3094 πονηρῶν
660 3017 771 3079 ίλπίδων
789 3025 845 3096 ζῆν.
861 3028 920 3088 Οὔκ

81 3129 86 3142 .
138 3118 152 3145 ι
170 3092 239 3162 ἄξιον
264 3102 358 3163 ταῦτα,
374 3099 435 3181 περί
459 3106 505 3173 τῆς
525 3105 638 3180 βουλῆς,
666 3095 688 3166 ris
707 3108 834 3185 δημόται,
856 3115 919 3174 ὕπο-

138 3205 152 3231 ιι
170 3190 277 3254 τοπεῑν,
294 3172 310 3262 ᾗ
327 3183 406 3261 τιμλς
420 3187 465 3246 καί
482 3187 578 3269 ἀρχὰς,
599 3191 644 3252 καὶ
668 3192 702 3251 τδι
724 3193 852 3276 κροίτιστα
865 3203 917 3260 τῶν

138 3294 151 3319 ιι
169 3270 243 3350 ἕκτῇ
267 3270 344 3332 πόλει
369 3284 541 3356 παραχωρεῖν
569 3280 722 3359 ὁμολογεῖτε
748 3285 781 3341 δι’
808 3285 916 3363 ἀρετὴν,

137 3382 151 3407 ιι
167 3355 212 3415 καλ
228 3358 329 3426 πολλός
349 3359 460 3442 χοίριτας
484 3365 579 3425 είδίναι
600 3367 667 3447 φατὲ
681 3373 728 3440 τῆς
751 3371 914 3451 προθυμίας,

138 3442 199 3516 riv
221 3447 376 3518 ἀπεδείξατο
388 3450 448 3531 περὶ
462 3449 511 3521 ets
532 3454 640 3514 κάθοδον
664 3459 748 3532 ὑμῶν.
791 3459 916 3540 Μοίχεται

137 3560 151 3585 ιι
168 3538 252 3593 ταῦτα
267 3535 400 3610 ἀλλήλοις,
414 3538 461 3599 καλ
475 3541 523 3599 ota
537 3542 594 3622 ἔχει
608 3543 702 3622 λόγον,
718 3548 762 3612 οθς
775 3548 915 3620 ἐπαινεῖτε,

138 3648 151 3673 ιι
170 3622 276 3690 τούτους
295 3623 446 3704 φούεῖσθαι,
469 3628 514 3689 καὶ
531 3628 588 3708 όμα
607 3639 661 3698 τοῖς
683 3632 770 3699 αὐτοῖς
790 3634 852 3714 περὶ
867 3635 915 3711 μὲν

992 590 1004 613 ι
1019 570 1082 623 riam
1097 576 1189 629 abile
1201 580 1349 647 probibeat,
1362 585 1425 637 nihil
1440 600 1502 640 rero
1518 593 1646 656 praeterea.
1662 599 1770 652 Maximo

992 681 1004 706 ι
1019 670 1104 718 autem
1117 678 1262 735 argumento
1277 676 1347 726 robis
1361 678 1403 740 sit,
1416 694 1462 732 nec
1477 696 1508 733 cx
1523 683 1576 747 lege
1588 701 1635 738 uec
1646 703 1678 740 ex
1690 694 1769 756 pectis

992 773 1004 797 ιι
1018 754 1057 806 ἰυε
1071 771 1126 811 esse
1138 761 1203 825 plebi
1222 763 1254 815 de
1264 779 1388 831 quoquam
1405 772 1501 834 patricii
1515 776 1609 828 ordinis
1627 780 1768 852 iudicandi,

991 846 1042 898 «io
1062 849 1158 914 ipsum,
1179 856 1247 920 quod
1268 872 1333 909 nunc
1352 861 1422 926 plebs
1440 865 1508 918 iacit.
1552 873 1619 923 Petit
1639 877 1705 927 euim
1721 880 1770 934 boc

991 960 1004 984 ιι
1016 940 1091 995 bodie
1108 963 1123 997 a
1137 948 1224 1014 vobis,
1238 954 1298 1015 quia
1309 959 1367 1006 ante
1390 971 1440 1010 non
1461 960 1572 1017 babebat
1589 980 1596 1012 ι
1612 971 1696 1024 υσθυε
1710 989 1769 1029 vero

990 1054 1002 1077 ιι
1018 1037 1050 1086 ab
1068 1038 1123 1090 eliis
1134 1040 1160 1092 id
1174 1045 1305 1107 petendum
1319 1056 1418 1117 causet,
1436 1057 1504 1119 quod
1522 1074 1567 1125 per
1581 1062 1648 1128 ipsas
1665 1069 1731 1133 leges
1744 1075 1768 1124 ei

989 1126 1176 1187 «permittitur.
1212 1136 1342 1192 Quomodo
1354 1154 1430 1205 vero,
1448 1148 1535 1200 Patres
1551 1155 1698 1220 conscripti,
1720 1159 1768 1211 boo

988 1236 1000 1259 ιι
1015 1217 1056 1267 ius
1075 1224 1172 1274 nature
1188 1206 1238 1277 nou
1257 1231 1378 1296 scriptum
1403 1251 1459 1292 esse
1482 1244 1572 1309 possit,
1596 1250 1687 1302 Decius
1701 1255 1767 1307 enirn

987 1330 1000 1354 ι
1014 1309 1063 1362 boc
1080 1328 1180 1380 quoque
1194 1322 1267 1376 uobis
1281 1332 1443 1392 spectandum
1458 1341 1575 1394 censebat
1587 1348 1625 1407 ut,
1638 1348 1690 1399 sive
1708 1351 1768 1416 ple·
1830 1356 1832 1359 ’

987 1424 1000 1449 ιι
1016 1405 1064 1458 beli
1076 1422 1092 1459 a
1103 1414 1213 1475 patriciis
1232 1420 1268 1471 rei
1286 1429 1403 1491 agantur,
1419 1431 1473 1482 sive
1485 1433 1541 1486 illos
1561 1437 1609 1503 ipsi
1625 1443 1662 1493 rei
1678 1450 1763 1511 agant,

987 1516 999 1541 ι
1015 1498 1135 1555 iudicium
1150 1507 1184 1560 sit
1197 1525 1272 1576 penes
1286 1522 1424 1582 populum?
1449 1529 1611 1592 patriciorum
1633 1551 1694 1591 vero
1710 1541 1766 1597 lites

986 1610 999 1635 ι
1017 1607 1097 1660 neque
1119 1614 1177 1653 cum
1201 1606 1249 1670 ipsi
1275 1610 1384 1676 aliquem
1416 1616 1448 1671 de
1483 1622 1555 1688 plebe
1580 1640 1650 1679 reum
1676 1636 1763 1698 agant,

986 1705 999 1730 ιι
1013 1702 1093 1754 neque
1106 1707 1165 1746 cum
1179 1697 1228 1764 ipsi
1246 1705 1424 1774 periclitentur,
1442 1728 1458 1765 a
1476 1718 1586 1781 patriciis
1608 1722 1763 1795 dirimentur,

986 1801 998 1823 ιι
1011 1780 1056 1831 scd
1066 1783 1279 1854 istorumquidem
1294 1800 1402 1855 conditio
1417 1809 1524 1872 utroque
1535 1811 1610 1863 modo
1620 1813 1653 1865 sit
1667 1818 1763 1881 melior,

985 1896 998 1921 ι
1013 1892 1058 1930 nos
1073 1894 1132 1931 vero
1145 1889 1258 1940 neutrius
1267 1890 1343 1945 buius
1357 1895 1420 1948 iuris
1433 1901 1565 1967 participes
1583 1906 1662 1958 simus
1671 1913 1682 1959 i
1691 1912 1764 1970 Quod

985 1992 997 2015 ιι
1014 1973 1037 2023 si
1054 1976 1175 2042 Marcius,
1188 1986 1233 2034 aut
1245 1985 1308 2037 abus
1325 1991 1409 2054 quiris
1424 1995 1542 2058 patricius
1565 1999 1632 2065 plebi
1650 2003 1764 2058 ῖιιῖυεῖειο

984 2085 995 2109 ι
1011 2067 1119 2131 aliquam
1132 2072 1189 2125 iacit
1198 2114 1205 2137 ‚
1215 2082 1242 2128 et
1252 2079 1341 2145 dignus
1358 2089 1397 2137 est
1411 2088 1456 2151 qui
1467 2094 1546 2142 morte
1559 2094 1702 2157 mulctetur,
1720 2103 1764 2151 eut

983 2188 995 2212 ι
1013 2169 1038 2219 in
1051 2168 1165 2219 exsilium
1177 2172 1297 2238 pellatur,
1314 2191 1364 2228 non
1385 2181 1453 2245 apud
1477 2184 1560 2249 ipsos,
1575 2188 1619 2238 sed
1642 2190 1685 2242 bic
1695 2192 1763 2245 iudi·

983 2280 994 2303 ι
1009 2261 1081 2311 catus
1094 2273 1125 2310 ex
1139 2260 1234 2327 legibus
1251 2281 1338 2331 manas
1360 2272 1412 2324 det.
1434 2277 1487 2328 Nisi
1504 2279 1581 2344 torte,
1594 2284 1671 2345 Deci,
1683 2285 1761 2353 dicas,

981 2374 993 2398 ι
1008 2355 1087 2420 ipsam
1099 2358 1197 2423 plebem
1209 2358 1316 2412 iudicem
1333 2376 1432 2427 equum
1449 2369 1510 2430 iore,
1524 2374 1551 2421 et
1562 2371 1625 2422 nibil
1638 2375 1688 2426 sibi
1703 2392 1760 2442 gra·

980 2467 993 2491 ι
1007 2448 1156 2504 titicaturam
1168 2455 1254 2504 contra
1267 2455 1396 2506 inimicum
1406 2472 1490 2517 suum,
1503 2460 1652 2526 sutirasslunr
1665 2469 1759 2533 terens3

979 2539 1048 2591 «bis
1065 2555 1137 2604 vero,
1161 2544 1182 2594 si
1196 2558 1283 2596 corum
1296 2546 1398 2599 arbitrio
1424 2550 1540 2616 somogia
1562 2556 1759 2624 committantur,

980 2652 991 2676 ι
1006 2649 1077 2687 reum
1088 2635 1167 2701 pluris
1176 2636 1285 2688 tacturos
1297 2653 1380 2703 quam
1391 2641 1476 2693 lessam
1488 2644 1520 2695 ab
1530 2658 1561 2697 eo
1572 2651 1758 2717 rempublicam,

978 2759 991 2783 ι
1006 2736 1142 2805 periurium
1155 2739 1183 2788 et
1197 2740 1379 2791 exsecrationes
1393 2742 1420 2790 et
1439 2739 1566 2791 bominum
1584 2743 1642 2795 odia
1659 2750 1685 2797 et
1697 2749 1760 2799 iram

978 2854 990 2877 ι
1006 2832 1110 2883 deorum
1121 2844 1151 2882 ex
1166 2830 1215 2881 boc
1227 2830 1320 2883 iudicio
1334 2833 1456 2886 relaturos
1477 2839 1504 2887 et
1514 2836 1581 2887 mela
1591 2852 1650 2890 cum
1663 2855 1706 2906 spe
1720 2845 1759 2895 vi-

977 2927 1056 2978 lem
1068 2927 1175 2977 aeuus.
1208 2926 1282 2978 usuc
1293 2941 1394 2993 equum
1413 2943 1516 2992 censu,
1532 2932 1650 2997 (ιιιίιιιιε,
1663 2949 1709 2988 ιιι
1726 2937 1759 2991 de

976 3039 989 3064 ι
1003 3023 1089 3071 senatu
1105 3018 1141 3070 ita
1166 3020 1270 3083 sentire,
1288 3022 1330 3073 cui
1350 3022 1499 3086 bonoribus,
1511 3027 1538 3076 et
1551 3026 1757 3096 magistratibus,

976 3136 989 3160 ι
1007 3120 1033 3166 et
1051 3117 1141 3167 ceteris
1157 3115 1248 3177 rebus,
1261 3132 1318 3182 quae
1338 3119 1364 3169 in
1389 3120 1452 3172 urbe
1471 3125 1532 3172 sunt
1545 3125 1758 3188 prestantissima

975 3229 988 3254 ι
1002 3223 1047 3260 τοι
1065 3210 1170 3261 cessisse
1191 3213 1290 3276 propter
1300 3212 1421 3264 virtutem
1445 3215 1501 3265 eins
1521 3214 1649 3279 letemini,
1668 3217 1758 3283 cuique

974 3325 987 3350 .
1001 3318 1117 3371 magnam
1136 3304 1230 3357 babere
1257 3307 1361 3371 gratiam
1383 3308 1479 3371 dicitis,
1496 3309 1529 3361 ob
1550 3325 1652 3376 operam
1675 3315 1757 3367 animo

974 3420 986 3445 ι
1000 3402 1099 3466 promto
1113 3400 1141 3450 in
1154 3403 1238 3451 restro
1250 3401 1332 3452 reditu
1351 3405 1476 3454 naucum.
1498 3404 1612 3466 Pugnant
1626 3403 1681 3456 hfflc
1691 3405 1757 3458 ἱῑιίθι·

974 3513 987 3537 ι
1002 3507 1030 3544 se
1049 3505 1096 3541 nec
1108 3491 1159 3541 ulla
1172 3492 1268 3549 ratione
1290 3496 1356 3545 stare
1371 3499 1465 3559 potest,
1488 3498 1527 3558 ut,
1552 3510 1616 3561 quos
1631 3497 1754 3561 laudatis,

975 3603 988 3627 ι
1003 3582 1104 3634 eosdem
1127 3582 1251 3645 timeatis,
1275 3585 1367 3647 quibus
1401 3588 1495 3638 maiora
1527 3590 1699 3652 commisistis,
1729 3592 1755 3642 iu

1000 3688 1090 3740 ceteris
1111 3687 1246 3739 dissidatis.
1282 3688 1332 3739 Gur
1345 3699 1394 3735 non
1415 3685 1476 3750 ipsis
1497 3698 1547 3735 uno
1566 3699 1687 3737 consensu
1710 3692 1755 3739 aut

136 3712 915 3887 1:31⁹⁴2}{”22232{ffiwipffivfffQffl’ffl
971 3710 1150 3829 :nomines
1161 3777 1236 3828 suem
1248 3776 1363 3839 habetis,
1380 3778 1593 3829 alimonium
1616 3778 1752 3841 οιιιιιιιιιιι

136 3888 420 3968 ιιπιστεύετεαῦῐνῖςι
437 3891 454 3964 ’δ
472 3894 653 3973 repleuimus
678 3901 830 3971 intersint
844 3898 914 3957 ἀλλὰ
971 3892 984 3917 ‘¹
998 3872 1043 3924 Μὰ
1066 3871 1099 3986 fd
1125 3871 1314 3986 praef'ffandfm
1336 3886 1381 3984 ω’·
1402 3885 1459 3984 Ψ
1477 3877 1543 3923 ¹¹¹⁵t⁸
1564 3874 1754 4017 Μίνῗῗζῃῗῑ

136 4002 149 4029 ιι
172 3976 367 4056 πρθόονλεῢσαι
390 3980 438 4059 μὲν
458 3981 552 4050 αὐτοὺς
565 3983 599 4042 τὰ
622 3985 712 4045 δίκαια
727 3985 831 4054 ίκανοθς
846 3976 914 4047 εἶναι
971 3993 984 4018 ‘¹
1001 3968 1650 4077 W¹Pw³⁰¹¹⁵¹¹mff¹¹⁸2⁸d{ufl'fflqumlemdffl
1700 3979 1752 4030 ιθ

135 4092 148 4117 ιι
165 4065 305 4144 νομίζετε,
321 4068 471 4130 dissicanti
490 4071 550 4153 περὶ
566 4073 653 4133 αὐτῶν
676 4073 775 4134 τούτων
792 4065 829 4134 ὧν
847 4100 914 4159 προ.
971 4085 983 4109 ι
1000 4064 1091 4130 quibus
1126 4065 1304 4125 consultannt,
1340 4076 1441 4115 mmrme
1468 4061 1589 4112 rdoueos?
1621 4062 1750 4118 Poteras,

135 4179 148 4204 ιι
165 4152 333 4216 ύουλεύουσιν
356 4161 386 4218 ού
431 4162 546 4230 ἱκανούς.
587 4161 679 4223 Πολλδ
701 4163 747 4223 καλ
767 4163 837 4224 ἄλλα
851 4166 912 4246 περὶ
969 4181 982 4206 ⁰¹
996 4165 1084 4215 Ρθῑῐθθ
1097 4161 1248 4226 millitis
1265 4164 1292 4212 θῑ
1310 4159 1391 4211 ῐῦθίθθ
1402 4158 1451 4210 θίίθ
1473 4158 1506 4210 ‘¹⁰
1527 4157 1580 4209 1⁰10
1599 4154 1750 4220 (ίῑθθίθι8ίά

134 4268 147 4292 ιι
165 4246 218 4300 τῶν
239 4243 348 4303 δικαίων
371 4181 458 4326 τύχον,
484 4237 507 4308 i>
530 4249 624 4328 βουλὴ,
648 4247 747 4327 tipus,
774 4252 843 4311 illl
867 4250 913 4311 καὶ
970 4260 1052 4310 «brac
1065 4260 1119 4325 ipsc
1134 4258 1267 4310 sufficiunt.

133 4356 147 4382 ιι
163 4336 250 4390 ταῦτα
266 4334 354 4397 ίκανοί.

171 4421 247 4483 bill.
270 4448 283 4474 ι
300 4421 411 4497 Ἐπειδὴ
425 4425 452 4487 δὲ
467 4426 513 4488 καλ
526 4428 642 4511 περὶτοῦ
653 4429 829 4513 συμφίροντος
841 4434 912 4493 ἕπει·

133 4533 146 4559 ιι
167 4519 234 4588 piro
256 4510 342 4590 λέγειν
366 4516 474 4589 Δίκιος,
506 4520 542 4586 ὥς
569 4517 667 4596 δγαθδν
700 4521 749 4599 μίν
768 4521 908 4600 ,θμόνοια,

132 4622 146 4648 ιι
165 4596 248 4658 δεινδν
260 4596 288 4659 ii
301 4602 407 4680 στόσις,
422 4607 468 4665 καὶ
490 4608 676 4691 θεραπεύοντες
699 4610 748 4689 μίν
762 4611 807 4672 τδν
824 4613 910 4691 δῆμον

132 4711 145 4737 ιι
166 4684 194 4741 lu
219 4688 327 4771 θμονοίφ
354 4695 576 4775 πολιτευσόμεθα,
615 4699 780 4770 κωλύσαντες
817 4700 844 4761 il
866 4699 910 4769 οθς

131 4798 145 4826 ι
167 4775 305 4853 βούλονται
319 4785 372 4840 τῶν
385 4784 531 4863 πατρικίων
544 4787 747 4868 ἂνδρηλατεῖνῆ
763 4792 910 4869 μιαιφονεῖν

131 4888 145 4915 ιι
162 4864 200 4931 είς
213 4866 328 4944 πόλεμον
339 4872 465 4953 ίμφύλιον
481 4873 716 4953 καταστησόμεθα,
730 4876 910 4955 πολλδλίγειν

130 4978 144 5004 ι
161 4950 246 5034 ίχων,
263 4957 359 5035 ὀλίγοις
376 4961 440 5022 πάνυ
462 4962 609 5043 χρήσομαι.
662 4966 773 5044 Πρῶτον
796 4965 844 5042 μίν
864 4956 909 5026 σύν

130 5066 144 5092 ιι
161 5044 298 5120 θαυμάσαι
312 5047 367 5128 ἔχω
380 5050 474 5110 Δέκιον
486 5055 532 5125 τῆς
548 5050 689 5132 εἰρωνείας,
701 5054 731 5112 οὗ
745 5052 798 5133 γὰρ
809 5053 905 5126 ἤλιθιό·

130 5154 143 5180 ι
160 5132 239 5204 τητός
247 5156 290 5212 γε·
303 5138 326 5196 εί
338 5145 455 5218 κρεῖττον
469 5140 552 5201 οίιται
561 5140 594 5200 sd
605 5140 772 5223 συμφίροντα
782 5146 820 5222 τῷ
830 5147 909 5226 κοινῷ

130 5244 144 5267 ι
162 5228 265 5301 φρονεῖν
288 5225 394 5299 ίαυτδν,
411 5225 512 5312 δςόρτι
524 5229 706 5311 παρελήλυθεν
721 5233 756 5300 εἰς
770 5231 908 5301 πολιτικὰς

997 4438 1318 4504 LIII.«Ven1m,quoniam
1333 4436 1423 4489 Decius
1433 4436 1465 4488 de
1477 4436 1584 4488 ulilitate
1596 4438 1700 4487 conatus
1710 4433 1749 4485 di·

968 4547 981 4573 ιι
997 4540 1053 4578 cere
1068 4530 1114 4587 eet,
1130 4527 1220 4578 bonan
1232 4539 1287 4577 esse
1299 4524 1468 4587 concordiam,
1493 4523 1639 4575 seditionem
1659 4521 1749 4572 malem

967 4636 979 4660 ι
995 4621 1035 4677 et,
1050 4615 1150 4682 eiplebl
1172 4615 1353 4680 obsequamur,
1372 4613 1520 4665 concordem
1543 4612 1594 4661 iore
1612 4610 1747 4671 civitatem,

968 4725 980 4749 ι
993 4704 1032 4757 sin
1044 4703 1234 4768 prohibeamus,
1249 4703 1380 4767 quominus
1404 4702 1533 4767 patricios,
1551 4712 1614 4763 quos
1627 4697 1687 4749 libet
1705 4700 1749 4748 aut

967 4814 980 4839 ιι
994 4795 1056 4846 urbe
1073 4794 1165 4860 pellant
1184 4795 1228 4844 aut
1246 4792 1375 4855 occidant,
1392 4806 1439 4843 uos
1456 4791 1511 4843 belii
1537 4788 1615 4839 civilis
1635 4789 1748 4838 auctores

967 4903 979 4927 ι
993 4884 1061 4944 iore,
1085 4897 1143 4934 cum
1158 4882 1238 4933 multe
1257 4882 1350 4947 possim
1371 4880 1469 4941 dicere,
1492 4878 1577 4943 paucis
1593 4880 1677 4928 umen
1695 4889 1747 4927 rem

966 4993 978 5018 ιι
997 4971 1133 5037 expediam.
1148 4974 1184 5021 Ac
1199 4972 1306 5036 primum
1323 4969 1424 5034 quidem
1440 4969 1515 5018 miror
1539 4966 1608 5017 Decii
1631 4963 1747 5016 dissimu-

965 5080 978 5104 ι
991 5060 1108 5111 lationem
1134 5060 1199 5123 (non
1228 5058 1294 5110 enim
1325 5058 1407 5109 dicam
1433 5056 1590 5122 fatuitatem)
1614 5057 1634 5108 si
1661 5059 1744 5121 putat,

965 5168 978 5194 ι
990 5146 1129 5212 reipublice
1143 5147 1275 5200 utilitatem
1287 5148 1375 5200 melius
1389 5162 1405 5199 e
1419 5161 1446 5199 se
1465 5147 1579 5212 intelligi,
1603 5147 1647 5211 qui
1667 5161 1745 5212 nuper

966 5259 979 5283 ι
992 5235 1025 5288 ad
1038 5235 1176 5300 reipublice
1191 5237 1428 5292 administrationem
1449 5236 1563 5301 accessit,
1575 5250 1651 5303 ιςιιειυ
1665 5252 1680 5288 a
1698 5252 1745 5288 no-
