4068 5924
636 406 931 480 anulpet'muttttt
953 405 1100 472 ROMAN.
1124 407 1197 468 tta.
1221 409 1268 469 ttl.

1703 413 1758 472 ltu

135 538 231 621 ταχὺς
243 543 284 599 ἔπ’
299 539 377 598 αὐτὸν
390 537 437 596 καὶ
451 537 537 597 πολλθ
552 535 599 614 μίν
615 537 757 616 τραύματα
770 535 843 610 δῦθι,
858 542 924 595 πολ·
951 582 955 621 γ
981 567 1049 615 nens,
1064 554 1173 605 celeriter
1184 555 1209 604 in
1221 568 1278 605 enm
1292 553 1351 604 tacit
1364 554 1501 618 impetum
1514 556 1541 604 et
1552 554 1637 604 maritis
1655 556 1759 606 vulneri·

135 627 181 685 λὰ
208 625 230 686 δ’
244 624 320 693 αιἰτθς
341 624 432 684 λαθὼν
451 625 574 703 τυγχάνει
599 648 652 691 πως
673 624 742 684 κατδι
757 629 803 697 τῆς
824 628 926 704 σφαγῆς

139 716 230 773 αὐτοῦ
248 713 335 794 βάψας
360 713 389 771 τί,
404 712 472 792 ξίφος
488 713 533 770 καὶ
556 713 776 791 διαχρησάμενος.
833 713 926 770 Μετα-

137 800 280 873 6αλούσης
304 799 332 860 δέ
351 805 397 872 τῆς
411 800 493 879 τύχης
513 803 539 859 έν
555 800 635 879 ὀλίγῳ
655 800 731 858 τότε
753 801 805 858 τῶν
827 802 925 877 ἀγωνι-

87 903 104 940 ⁵
136 889 262 967 ζομένων
292 887 358 970 έργα
379 888 424 948 καί
453 889 487 947 εδ
518 890 569 946 τῶν
601 887 738 966 θεωμένων
758 888 831 959 πάθη
838 933 846 961 ,
881 888 926 947 καί

137 976 293 1054 Ῥωμαίων
307 978 355 1054 μέν
370 976 607 1056 ἀναθαρρησάντων
622 980 652 1036 έκ
671 982 717 1048 τῆς
738 976 862 1056 πρότερον
878 1001 925 1035 κα·

139 1067 272 1146 τηφείας,
293 1066 423 1126 Αλόανιῗιν
443 1067 465 1123 δ’
484 1066 658 1145 ἀφῃρημένων
674 1067 705 1123 τό
720 1068 823 1144 χαῖρον,
848 1067 925 1143 ἕτεροι

138 1156 230 1214 πάλιν
244 1153 437 1214 ἀντιπνεύσασα
450 1162 502 1219 τοῖς
521 1157 573 1212 τῶν
586 1153 727 1230 Ῥωμαίων
740 1150 927 1231 κατορθώμασι

140 1243 216 1320 τύχη
228 1244 327 1301 τούτων
341 1242 389 1318 μέν
404 1241 564 1301 ἐταπείνωσε
576 1242 623 1310 τάς
637 1241 765 1315 ἐλπίδας,
781 1241 813 1300 τὰ
831 1240 858 1299 δὲ
873 1243 926 1299 τῶν

81 1346 109 1382 ¹⁰
139 1331 283 1405 πολεμίοιν
297 1330 444 1411 φρονήματ’
460 1332 565 1410 έπῆρεν.
601 1333 655 1390 Τοῦ
671 1330 721 1411 γὰρ
735 1328 865 1390 ’nieme
880 1352 926 1388 πε-

139 1420 257 1490 σόντος,
279 1424 292 1478 ό
311 1419 359 1489 τὴν
376 1416 488 1491 πλησίον
505 1420 583 1478 αὐτοῦ
608 1418 676 1498 έχων
699 1416 791 1479 στάσιν
814 1418 925 1496 ἀδελφὸς

140 1508 330 1583 συμπλέκεται
345 1512 384 1589 τῷ
399 1507 588 1567 καταόαλόντι·
612 1509 658 1565 καί
678 1508 851 1587 τυγχάνουσιν
874 1512 927 1583 ἀμ·

140 1597 251 1676 φότεροι
266 1595 335 1654 κατά
349 1596 394 1653 τὸν
406 1596 485 1655 αὐτὸν
499 1595 593 1674 χρόνον
609 1596 713 1672 πληγάς
727 1595 854 1664 έξαισίους
868 1596 923 1665 έξε-

139 1685 287 1763 νέγκαντες
299 1682 357 1743 κατ’
372 1683 504 1755 ἀλλήλων·
514 1688 528 1741 ό
539 1681 587 1756 μέν
597 1681 720 1748 ’diener
732 1688 777 1741 τοῦ
792 1682 927 1761 Ῥωμαίου

85 1785 112 1823 ¹⁸
140 1773 217 1834 κατὰ
244 1777 289 1832 τοῦ
323 1770 482 1852 μεταφρένου
509 1772 554 1830 καὶ
584 1771 663 1850 μέχρι
687 1775 738 1829 τῶν
768 1772 927 1852 σπλάγχνων

145 1862 237 1942 βάψας
259 1858 289 1919 τὸ
308 1858 385 1940 ξίφος·
406 1863 419 1919 θ
446 1858 474 1916 δέ
497 1857 630 1934 Ῥωμαῖος
655 1856 773 1917 incluto
797 1858 846 1930 τὴν
865 1881 927 1940 προ·

145 1950 232 2014 δειλὴν
245 1955 291 2007 τοῦ
305 1947 433 2024 πολεμίου
448 1945 493 2005 καί
508 1949 560 2005 τῶν
580 1951 675 2025 ἰγνυῶν
692 1946 740 2019 τὴν
754 1944 845 2027 ἑτέραν
860 1950 928 2008 ὑπο-

146 2036 250 2113 τεμών.

188 2125 253 2186 ΧΧ.
278 2123 311 2184 ‘0
327 2124 373 2199 μὲν
393 2122 424 2194 δὴ
441 2122 471 2181 τὸ
491 2123 591 2204 καίριον
612 2127 720 2202 τραῦμα
734 2122 824 2182 λαόδιν
847 2123 923 2192 riui<

87 2222 117 2261 ²⁰
147 2211 293 2287 ἐτεθνήκει,
309 2217 323 2270 θ
337 2215 363 2270 δέ
378 2210 425 2281 τὴν
439 2210 527 2290 ίγνύαν
542 2212 702 2289 τετρωμένος
717 2211 803 2271 οὐκέτι
822 2211 928 2292 βέόαιος

146 2294 181 2374 ἦν
194 2302 317 2373 ίστάναι,
337 2300 441 2369 σκάζων
462 2299 492 2358 δέ
503 2300 548 2358 καί
569 2299 603 2358 τά
622 2296 708 2358 πολλά,
726 2302 764 2379 τῷ
778 2303 861 2381 θυρεῷ
876 2302 927 2359 διε·

149 2392 301 2469 φειδόμενος
317 2391 436 2468 ἀντεῖχεν
450 2387 521 2464 ὅμως
544 2388 598 2461 έτι,
612 2389 657 2449 καὶ
668 2386 735 2463 μετά
749 2393 795 2448 τοῦ
811 2390 928 2468 περιλει-

148 2478 265 2555 πομένου
276 2481 328 2536 τῶν
341 2478 459 2556 ἀδελφῶν
481 2478 525 2536 ἐπὶ
549 2475 593 2534 τθν
613 2475 778 2552 θπομίνοντα
793 2475 928 2552 Ῥωμαῖον

150 2566 253 2646 ἐχώρει·
265 2564 443 2645 περιέστησάν
454 2569 478 2623 τ’
492 2564 570 2624 αιἰτδν
588 2568 602 2623 θ
615 2567 662 2639 μὲν
677 2564 702 2633 ἐξ
714 2564 832 2631 έναντίας
845 2588 926 2644 προσ·

90 2666 118 2703 ²⁵
152 2654 248 2726 ιδεν,θ
271 2654 298 2712 δὲ
319 2653 389 2713 κατά
410 2651 505 2713 νώτου.
552 2654 598 2731 Τῷ
620 2652 647 2711 δέ
661 2650 790 2732 Ῥωμαίῳ
813 2652 927 2712 δείσαντι

151 2742 192 2818 μὴ
217 2743 356 2810 κυκλωθεὶς
377 2742 441 2822 πρὸς
471 2743 557 2800 αὐτῶν
583 2740 792 2819 εὐκατέργαστος
819 2741 928 2818 γένηται

152 2830 212 2890 δυσί
226 2854 255 2888 τε
270 2829 419 2911 μαχόμενος
429 2828 474 2888 καὶ
489 2828 589 2909 διχόθεν
604 2831 732 2900 ἐπιοῦσιν,
746 2818 778 2899 ἦν
795 2829 818 2886 δ’
834 2832 928 2908 ἀκραι-

152 2918 216 2999 φνὴς
240 2917 298 2989 ἔτι,
323 2917 449 2997 λογισμὸς
479 2918 626 2997 εἰσέρχεται
654 2916 746 2974 διελεῖν
766 2915 824 2982 τοὺς
848 2917 927 2975 πολε-

152 3011 225 3085 μίους
251 3009 298 3068 ἀπ’
313 3008 451 3080 ἀλλήλων,
475 3010 521 3066 καί
543 3007 623 3087 χωρίς
646 3005 763 3086 ἑκατέρῳ
784 3006 928 3085 μάχεσθαι.

94 3106 124 3145 ³⁰
152 3098 255 3179 Ῥᾷστα
270 3098 297 3156 δέ
313 3096 464 3167 διαστήσειν
485 3095 576 3160 αὐτοὺς
600 3091 795 3170 θπελάμόανεν,
810 3095 833 3150 εἰ
852 3093 928 3162 δόξαν

150 3188 282 3267 παράσχοι
298 3191 392 3266 φυγῆς·
417 3185 446 3242 ού
468 3184 518 3261 γδιρ
544 3186 589 3241 ὑπ’
616 3182 771 3263 ἀμφοτέρων
794 3181 928 3250 διώξεσθαι

150 3278 202 3334 τῶν
217 3274 364 3345 Ἇλόανῶν,
374 3275 432 3332 ἀλλ’
448 3274 490 3352 ὑφ’
504 3272 570 3347 ένδς,
582 3273 648 3350 δρῶν
659 3269 703 3330 ela
716 3269 826 3349 ἀδελφὸν
843 3271 929 3329 οὐκέτι

149 3364 275 3443 καρτερὸν
288 3362 334 3420 τὸν
352 3361 432 3420 πόδα.
443 3362 537 3420 Ταῦτα
550 3358 694 3432 διανοηθεὶς
708 3359 744 3426 ὡς
760 3346 815 3437 εἶχε
832 3359 929 3437 τάχους

150 3452 270 3531 ἔφευγεν,
284 3449 330 3508 καί
345 3449 483 3509 συνέπεσεν
499 3451 570 3528 αὐτῷ
582 3446 620 3521 μὴ
633 3448 784 3527 διαμαρτεῖν
798 3449 845 3517 τῆς
859 3446 929 3505 tint·

95 3565 124 3602 τε
150 3541 204 3605 ier·
245 3537 334 3614 ‘epo
349 3537 401 3618 γὰρ
414 3536 500 3616 έτερος
513 3539 564 3595 τῶν
577 3534 709 3596 ’λλόανῶν
725 3533 849 3608 οὐδεμίαν
862 3534 929 3612 έχων

151 3626 260 3704 πληγὴν
273 3625 370 3705 καίριον
386 3625 491 3684 ἐδίωκεν
511 3625 587 3683 αὐτὸν
602 3627 632 3683 έκ
648 3623 741 3696 ποδὸς,
755 3625 769 3680 θ
783 3624 805 3681 δ’
822 3622 930 3679 lovini·

151 3737 210 3774 νειν
232 3713 355 3780 ἀδύνατος
371 3712 407 3772 ὢν
421 3714 489 3773 πολὺ
510 3717 555 3772 τοῦ
571 3713 670 3778 δέοντος
688 3709 802 3791 ὑστέρει.
844 3706 930 3769 Ἔνθα

152 3802 188 3875 δὴ
203 3804 257 3861 τῶν
271 3799 400 3861 biturio
413 3810 467 3868 τοῖς
483 3801 615 3882 σφετέροις
629 3797 866 3876 ἐπικελευομένων,
878 3800 929 3856 τῶν

153 3890 181 3951 δέ
198 3889 342 3966 Ῥωμαίων
355 3890 398 3949 τὸν
421 3893 507 3949 αὑτῶν
526 3889 674 3968 ἀγωνιστὴν
695 3887 870 3960 κακιζόντων,
884 3886 930 3945 καί

98 4002 128 4040 ιο
151 3984 203 4040 τῶν
223 3980 272 4057 μέν
293 3978 324 4051 δὴ
342 3976 528 4047 παιανιζόντων
543 4001 571 4036 τε
592 3978 636 4036 καί
657 3975 871 4055 στεφανουμένων
894 3977 930 4043 ὡς

151 4066 197 4125 ἐπὶ
211 4061 411 4146 κατορθωμίνιρ
429 4068 467 4146 τῷ
483 4068 579 4145 ἀγῶνι,
597 4067 648 4123 τῶν
675 4062 697 4121 δ’
718 4062 881 4140 ὀδυρομένων
895 4064 930 4130 ὡς

151 4158 200 4215 οιίκ
211 4155 242 4215 ἀν
257 4155 296 4214 έτι
309 4158 356 4225 τῆς
367 4154 451 4234 τύχης
467 4162 533 4234 σφᾶς
549 4152 804 4228 διαναστησομένης,
821 4174 930 4226 ταμιευ-

153 4247 266 4319 σάμενος
280 4244 324 4301 τὸν
347 4242 437 4322 καιρθν
451 4247 465 4302 θ
480 4240 615 4318 Ῥωμαῖος
629 4242 784 4320 ὑποστρέφει
797 4238 821 4297 τ’
836 4238 929 4311 ὀξέως,

153 4333 199 4391 καί
212 4331 274 4412 πρλιι
288 4330 307 4404 ἢ
320 4329 483 4411 φυλάξασθαι
499 4330 542 4390 τθν
558 4327 683 4389 Ἀλόανθν
699 4327 789 4409 φθάνει
804 4328 842 4405 τῷ
862 4325 929 4402 ξίφει

99 4429 125 4465 ⁶⁶
152 4419 222 4480 κατά
235 4426 282 4480 τοῦ
300 4418 439 4499 βραχίονος
458 4416 563 4496 πληγὴν
585 4417 691 4496 ἐνέγκας
712 4415 756 4474 καί
776 4414 868 4474 διελὼν
881 4415 926 4474 τὸν

152 4513 272 4587 ἀγκῶνα.
315 4506 454 4577 Πεσούσης
476 4504 503 4564 δέ
528 4507 616 4587 χαμαί
636 4511 683 4577 τῆς
699 4503 785 4583 χειρὸς
812 4503 868 4579 ἅμα
892 4507 930 4579 τῷ

154 4595 239 4673 ξίφει,
253 4602 317 4672 μίαν
334 4595 376 4653 ἐτι
390 4592 496 4671 πληγὴν
511 4596 611 4674 καίριον
632 4592 764 4671 ἐξενέγκας
784 4590 931 4652 ἀποκτείνει
957 4646 959 4669 Ι

152 4684 197 4743 τὸν
213 4682 346 4744 Ἀλόανόν·
371 4683 416 4742 καὶ
440 4684 508 4759 μετὰ
536 4687 627 4742 τοῦτον
651 4684 695 4742 ἀπὶ
715 4681 759 4741 τὸν
781 4683 929 4740 τελευταῖον
957 4672 959 4787 ψ

154 4773 290 4849 ἀντόμενος
311 4775 443 4848 ἡμιθνῆτα
457 4773 502 4830 καί
521 4772 679 4850 παρειμένον
695 4767 927 4849 ἐπικατασφάττει.
957 4798 959 4851 !

96 4886 128 4925 εει
153 4861 306 4927 Σκυλιόσας
322 4860 350 4918 θλ
364 4858 423 4926 τοὺς
437 4862 488 4917 τῶν
504 4862 615 4939 ἀνεψιῶν
636 4856 741 4937 νεκρούς
765 4857 800 4920 είς
815 4856 862 4925 τλν
878 4854 928 4912 πό-
956 4856 959 4867 “

152 4950 193 5006 λιν
213 4948 355 5024 ἠπείγετο,
378 4951 480 5027 πρῶτος
496 4948 654 5025 ἀπαγγεῖλαι
666 4946 748 5004 θελων
771 4942 820 5012 την
834 4944 927 5000 ἑαυτοῦ

152 5036 278 5111 νέκηντῷ
291 5035 383 5113 πατρί.
956 4986 958 5135 ψ

192 5125 272 5185 xxi.
294 5118 371 5182 Ἔδει
391 5123 415 5180 δ’
431 5123 483 5203 ἀρα
497 5123 543 5181 καὶ
555 5126 646 5182 τοῦτον
663 5120 798 5200 ἀνθρωπον
812 5118 875 5178 όντα
890 5117 928 5194 μὴ
955 5140 958 5199 γ

980 670 1027 719 bus
1047 670 1140 729 ittalis,
1167 670 1251 720 multis
1267 670 1343 721 etiam
1364 670 1485 734 acceptis,
1502 669 1555 734 ipse
1575 667 1759 732 quodammado

979 784 1124 847 gladiumin
1135 784 1190 834 eius
1201 785 1312 848 iugulum
1327 782 1417 845 infinit,
1430 796 1537 846 eumque
1547 782 1680 833 interfecit.
1691 783 1753 833 tlum

979 898 1139 949 autembrevr
1152 899 1368 963 tempereturtuna
1377 902 1402 949 et
1415 898 1496 963 ipsam
1510 896 1682 948 dindcantinrn
1697 909 1757 946 cna·
1842 932 1845 937 .

884 1065 891 1081 ,
979 1015 1101 1066 ditionem
1115 1022 1141 1067 et
1161 1019 1324 1081 spectantium
1341 1019 1446 1069 atieetm
1467 1022 1598 1075 mutasset,
1613 1022 1639 1067 et
1655 1016 1759 1067 Romani

980 1145 1011 1182 ex
1024 1131 1127 1195 pristine
1138 1145 1244 1183 rnoerore
1260 1133 1354 1183 animos
1368 1133 1523 1198 collegissent
1534 1137 1559 1183 et
1572 1131 1661 1182 ntnaot
1673 1131 1759 1182 letitia

979 1247 1151 1313 privarentur,
1176 1261 1263 1298 rursus
1289 1249 1353 1299 alius
1376 1249 1497 1299 adversus
1528 1262 1600 1299 maus
1636 1249 1759 1300 secundas

980 1357 1146 1406 Rornanorum
1168 1368 1208 1405 res
1222 1357 1297 1418 utque
1312 1368 1368 1419 spes
1382 1355 1470 1406 attlivit
1485 1359 1511 1406 et
1531 1354 1642 1405 bostium
1663 1356 1758 1405 animos

981 1462 1068 1517 erexit.
1101 1462 1193 1514 Albano
1213 1463 1278 1513 enim
1303 1477 1384 1525 eaese,
1408 1463 1485 1514 trater·
1506 1463 1549 1527 qui
1568 1463 1604 1513 itti
1623 1465 1759 1526 proximam

981 1575 1114 1627 stationem
1125 1576 1224 1627 tenebat
1242 1589 1301 1624 curn
1318 1585 1466 1637 percussore
1477 1585 1566 1622 manvus
1585 1573 1723 1632 consemit3
1734 1575 1760 1622 et

981 1687 1069 1736 eodevn
1081 1689 1191 1749 ternpore
1202 1684 1302 1747 utrique
1315 1683 1457 1747 ingentibus
1472 1682 1616 1732 vulneribus
1635 1696 1661 1733 se
1673 1687 1760 1734 mutuo

982 1796 1116 1846 aneoeruat
1133 1795 1261 1845 :Albanus
1273 1794 1339 1845 enim
1360 1794 1470 1857 gladium
1487 1807 1530 1857 per
1545 1793 1646 1843 lionraoi
1662 1796 1759 1855 tergum

982 1902 1014 1952 ad
1038 1903 1134 1953 viscera
1157 1914 1236 1966 usque
1261 1902 1358 1964 adegit,
1389 1905 1513 1952 Romanus
1545 1915 1604 1953 vero
1626 1902 1761 1953 aniversarii

983 2016 1082 2064 scutum
1100 2014 1190 2073 subiit,
1204 2017 1230 2064 el
1248 2013 1353 2063 alterum
1367 2013 1488 2077 poplitem
1510 2013 1534 2063 ei
1550 2014 1664 2064 succidit.

1013 2136 1064 2186 xx.
1079 2135 1127 2194 Qut
1133 2132 1208 2198 igitur
1215 2131 1288 2182 telate
1298 2131 1389 2180 vulnus
1398 2135 1528 2195 acceperat
1545 2131 1713 2182 statinvobiit:
1727 2131 1762 2181 at-

982 2227 1022 2276 ter
1031 2237 1100 2285 vero,
1115 2222 1158 2286 qui
1166 2221 1259 2286 poplite
1268 2222 1396 2272 sauciatus
1408 2227 1476 2283 erat,
1489 2236 1536 2271 non
1546 2226 1643 2286 poterat
1656 2224 1762 2287 amplius

981 2312 1054 2363 firmo
1068 2310 1145 2376 gadra
1160 2313 1241 2370 stare,
1256 2310 1299 2360 sed
1318 2309 1458 2360 claudicans
1474 2312 1500 2360 et
1512 2310 1658 2373 plerumque
1671 2324 1699 2361 se
1714 2311 1761 2361 eti-

981 2414 1027 2465 peo
1036 2403 1179 2451 sustentans
1188 2395 1341 2460 aliquamdiu
1355 2401 1439 2447 tamen
1450 2395 1605 2447 adversario
1621 2397 1723 2457 restitit,
1736 2402 1761 2448 et

981 2505 1038 2542 cum
1059 2491 1133 2540 tratre
1149 2488 1244 2550 reliquo
1257 2490 1410 2546 itomanam,
1431 2485 1476 2549 qui
1498 2484 1566 2535 sotus
1585 2491 1715 2550 superorat
1736 2489 1761 2536 et

981 2580 1091 2644 ipsorum
1111 2578 1231 2640 impeturn
1249 2575 1401 2634 sustinebat,
1421 2586 1552 2638 aggressus
1578 2578 1632 2635 est3
1653 2587 1761 2637 eumque

984 2666 1203 2725 circumdederunt,
1218 2666 1279 2715 atter
1300 2663 1398 2727 quidem
1413 2664 1560 2715 exadverso
1574 2664 1686 2727 adortus,
1699 2665 1761 2715 alter

982 2773 1062 2810 veroa
1076 2761 1154 2821 tergo.
1167 2759 1278 2806 nomano
1286 2757 1370 2803 autem
1378 2753 1458 2803 verite
1467 2765 1498 2803 nu
1508 2752 1539 2802 ab
1551 2753 1598 2803 illis
1610 2754 1762 2804 circumven-

982 2852 1021 2898 tus
1039 2847 1110 2897 faede
1131 2844 1303 2902 contineretur,
1324 2841 1462 2904 quodcum
1478 2841 1577 2891 ‹triobos
1596 2844 1716 2905 pugnaret
1735 2847 1762 2893 et

982 2937 1106 2999 utrimque
1115 2933 1283 2992 invaderetur,
1298 2929 1438 2979 inurentem
1450 2929 1518 2981 ventt
1527 2929 1591 2993 (erat
1601 2930 1667 2980 enim
1678 2930 1760 2981 adbuc

982 3027 1093 3088 integer)
1104 3022 1188 3073 bootes
1196 3032 1323 3085 segregare
1334 3022 1358 3068 et
1366 3021 1538 3080 eumutroque
1550 3019 1685 3081 seperatim
1696 3032 1758 3082 pug-

983 3128 1050 3166 uare.
1069 3112 1195 3164 Facillime
1213 3111 1297 3159 autem
1323 3106 1377 3157 illos
1401 3107 1510 3170 separari
1533 3118 1606 3170 posse
1621 3106 1761 3158 arbitraba-

982 3210 1032 3265 tur,
1041 3203 1063 3253 si
1071 3203 1135 3266 tugae
1146 3198 1284 3264 opinionem
1294 3198 1358 3260 lpsls
1368 3197 1523 3261 prebotsset.
1532 3198 1594 3245 Nam
1602 3208 1761 3258 pereuntum

982 3291 1094 3345 trudebat
1112 3302 1159 3338 non
1180 3289 1314 3349 utrumque
1339 3286 1441 3334 tratrem
1460 3298 1487 3334 se
1511 3284 1697 3338 insecuturam.
1717 3286 1759 3335 aed

982 3397 1058 3434 unum
1087 3384 1199 3436 tanturn,
1223 3376 1282 3439 quia
1301 3376 1407 3425 alterum
1432 3374 1495 3436 pede
1516 3374 1614 3423 intirmo
1633 3373 1671 3423 uti
1696 3374 1763 3424 uide·

983 3472 1034 3521 bal.
1069 3470 1146 3530 capto
1164 3465 1238 3528 igitur
1250 3464 1299 3513 boc
1314 3463 1426 3524 consitio,
1445 3466 1538 3525 quanta
1558 3461 1667 3511 unanima
1680 3464 1763 3526 potuit

984 3556 1108 3608 celeritate
1120 3552 1198 3616 tagit,
1215 3552 1287 3616 eique
1308 3549 1401 3599 accidit
1415 3552 1445 3598 ut
1458 3562 1501 3613 spe
1522 3563 1568 3598 sua
1588 3549 1691 3599 minime
1711 3551 1763 3600 tru-

984 3646 1113 3699 straretor.
1146 3638 1295 3687 Albanorum
1319 3635 1467 3694 euirnatter,
1489 3635 1533 3697 qui
1551 3634 1643 3684 nuttam
1663 3635 1762 3685 tetatcrn

984 3735 1081 3801 plagam
1097 3725 1234 3788 acceperat,
1249 3736 1263 3773 e
1277 3721 1383 3783 vestigio
1402 3734 1459 3770 eum
1482 3720 1660 3783 insequebatur
1679 3722 1762 3771 :alter

984 3832 1058 3878 vero,
1073 3815 1115 3879 qui
1138 3811 1252 3863 incedere
1263 3823 1312 3860 non
1325 3810 1430 3873 poterat,
1443 3807 1540 3870 longius
1564 3821 1639 3870 quam
1652 3809 1763 3871 oportuit

985 3904 1111 3958 remansit.
1155 3904 1224 3962 Tune
1246 3897 1347 3949 lttbanis
1375 3895 1484 3946 clamore
1514 3908 1574 3946 suos
1599 3894 1760 3945 accenderit·
1826 3952 1836 3974 γ

984 4002 1044 4060 bus,
1068 3994 1184 4049 Romanis
1198 4004 1258 4042 vero
1276 4002 1322 4047 suo
1336 3984 1510 4051 propugnatori
1533 3982 1655 4047 ignaviam
1668 3996 1761 4048 expro-

984 4087 1123 4146 brantibus,
1137 4087 1211 4146 atque
1219 4081 1266 4133 iltis
1275 4077 1377 4142 quidem
1390 4075 1440 4125 iam
1449 4084 1535 4136 pnaua
1544 4071 1690 4123 canentibus
1699 4076 1725 4125 et
1735 4088 1763 4126 se

984 4178 1056 4243 quasi
1066 4178 1135 4240 parta
1146 4174 1196 4223 iam
1218 4168 1323 4220 victoria
1341 4162 1530 4224 coronantibus,
1545 4162 1585 4213 bis
1596 4176 1655 4213 vero
1676 4163 1762 4229 tugen.

984 4265 1066 4325 tibus,
1080 4259 1179 4326 quasia
1193 4257 1293 4307 fortune
1314 4252 1376 4316 erigi
1393 4248 1501 4313 amplius
1514 4261 1564 4298 non
1579 4252 1697 4311 possent,
1710 4252 1761 4300 lte·

984 4366 1073 4404 manns
1083 4349 1218 4415 prudenter
1230 4346 1363 4396 observato
1376 4344 1487 4403 tempore
1495 4338 1610 4390 celeriter
1621 4353 1648 4389 se
1658 4352 1760 4390 conver·

984 4441 1028 4500 tit,
1043 4436 1200 4489 ettttbanum
1219 4434 1350 4493 antequam
1372 4426 1419 4477 sibi
1438 4426 1574 4478 caveretin
1591 4425 1692 4475 brachio
1705 4424 1761 4474 vut-

985 4527 1093 4587 aeravit,
1115 4521 1276 4583 cubitumque
1294 4516 1409 4568 abscidit.
1443 4515 1562 4580 Prolapss
1583 4518 1668 4563 autern
1693 4510 1762 4561 humi

985 4629 1059 4667 macru
1070 4628 1118 4663 una
1128 4625 1184 4661 cnrn
1196 4610 1250 4672 ipso
1259 4604 1348 4672 gladio
1359 4605 1408 4655 atio
1420 4604 1523 4655 vulnere
1533 4602 1600 4654 letati
1610 4601 1679 4650 illato
1690 4600 1763 4651 Alba·

984 4713 1044 4749 uum
1064 4696 1203 4755 interiecit,
1221 4694 1318 4756 bneque
1339 4702 1405 4741 caeso
1423 4691 1543 4754 impeturn
1561 4687 1585 4737 in
1602 4691 1761 4750 postremum

984 4784 1051 4844 tecit,
1062 4796 1168 4846 eumque
1181 4782 1231 4831 iarn
1249 4779 1440 4828 semimortuum
1454 4776 1479 4824 et
1496 4773 1653 4836 languentem
1664 4769 1763 4834 lugula·

984 4870 1020 4919 vit
1033 4890 1040 4919 2
1054 4874 1128 4932 atque
1149 4865 1260 4930 spoliatis
1279 4860 1485 4913 consobrinorum
1499 4856 1645 4921 cerporibus
1667 4855 1697 4905 ad
1717 4868 1761 4904 ur-

984 4953 1040 5004 bem
1050 4951 1205 5016 properabat,
1220 4948 1286 5012 qued
1298 4948 1350 5011 ipse
1362 4944 1457 5010 primus
1469 4955 1522 4991 suae
1532 4941 1641 4991 victorie
1649 4938 1761 4990 nuntium

983 5042 1047 5108 patri
1061 5038 1148 5089 etiamn
1165 5034 1248 5085 veltet.

1014 5132 1079 5181 ltttt.
1104 5125 1153 5177 sed
1174 5122 1304 5190 oportebat
1323 5120 1391 5170 bunc
1417 5117 1504 5179 edam,
1522 5118 1609 5180 utpote
1630 5113 1763 5169 bominem,

152 5212 237 5271 πάντα
268 5211 429 5290 διευτυχεῖν,
450 5213 508 5270 ἀλλ’
533 5209 682 5269 ἀπολαῦσαί
707 5232 732 5267 τι
761 5212 808 5267 τοῦ
836 5211 929 5288 φθονε-
955 5204 958 5263 ἶ
983 5225 1032 5262 nen
1048 5218 1226 5272 usquequaque
1251 5202 1347 5254 tetioem
1367 5212 1421 5250 esse
1440 5196 1485 5248 sed
1503 5195 1596 5261 aliquid
1614 5191 1764 5245 incommodi
