4070 5926
657 393 947 468 ANTIQUITATUM
968 393 1114 456 ROMAN.
1137 396 1211 457 Lru.
1235 398 1316 460 Vlll.

170 545 212 583 σιν
224 522 367 600 ἐλάμόανε·
381 521 427 582 καί
441 521 527 604 τούτῳ
538 522 693 603 ἐπαρθέντες
704 527 729 583 οἱ
743 524 870 603 ἡγεμόνες
883 525 949 596 ἐξῆ-

170 632 216 688 γον
228 611 259 669 ἐκ
272 615 318 670 τοῦ
333 609 452 692 χάρακος
465 609 513 682 τὴν
526 609 637 688 δύναμιν
651 614 686 677 ὡς
702 613 737 677 είς
750 611 853 690 μάχην.

210 699 373 761 LXXXIX.
401 698 577 768 Ἐξελθόντων
600 698 627 758 δέ
652 700 698 760 καί
723 705 776 760 τῶν
806 700 949 777 Ῥωμαίων

169 786 215 846 καί
226 785 469 865 παραταξαμένων,
483 786 581 869 ίσχνρθι
593 786 668 869 μάχη
679 787 833 866 γίνεταικαὶ
846 788 950 847 ἱππέων

126 895 141 936 ο
169 875 215 936 καί
229 880 316 946 πεζῶν
334 875 380 935 καί
390 877 495 959 ψιλῶν,
509 875 554 955 ’ίσῃ
571 874 678 934 πάντων
693 874 839 956 χρωμένων
853 882 950 955 προθυ·

171 965 222 1048 μίφ
244 988 273 1025 τε
296 963 341 1024 καὶ
363 962 505 1044 ἐμπειρίᾳ,
526 963 572 1022 καί
587 965 617 1022 τδ
641 973 716 1022 νικᾶν
741 962 853 1025 έκάστου
876 964 950 1044 παρθι

170 1054 263 1114 ἑαυτὸν
278 1054 356 1130 μόνον
371 1052 524 1131 τιθεμένου·
539 1055 574 1119 ὡς
589 1052 616 1111 δὲ
634 1053 721 1132 νεκροί
735 1057 760 1112 τ’
779 1055 865 1112 αὐτῶν
880 1055 950 1112 πολ-

170 1143 212 1201 λοὶ
238 1142 399 1221 ἑκατέρωθεν
432 1144 458 1200 ἐν
482 1131 505 1221 ᾧ
527 1140 676 1221 ἐτάχθησαν
702 1141 794 1222 χωρίῳ
826 1140 950 1208 πεσόντες

171 1230 287 1301 ἔκειντο,
303 1233 350 1289 καὶ
367 1233 510 1306 ἡμιθνῆτες
531 1228 570 1287 έτι
589 1228 695 1295 πλείους
716 1232 770 1287 τῶν
791 1234 909 1309 νεκρῶν,
926 1231 950 1290 οἱ

117 1340 145 1379 to
172 1318 199 1377 δέ
209 1321 282 1399 παρὰ
297 1321 340 1381 τὸν
355 1322 446 1398 ἀγῶνα
464 1315 557 1377 καὶτὰ
573 1314 646 1376 δεινά
659 1316 699 1375 ἔτι
714 1318 880 1394 διαμένοντες
894 1316 951 1375 ἀλί-

170 1431 213 1486 γοι
224 1399 310 1482 ἦσαν,
323 1408 370 1467 καὶ
383 1408 437 1467 οὐδ’
448 1397 519 1467 ούτοι
533 1406 597 1486 δρᾶν
611 1407 646 1465 τὰ
661 1405 780 1482 πολέμου
794 1406 860 1488 ἔργα
873 1405 951 1466 δυνά-

172 1520 260 1572 μενοι,
277 1494 441 1577 βαρυνόντων
456 1493 503 1571 μέν
519 1496 607 1562 αὐτοῖς
621 1496 674 1552 τῶν
688 1494 891 1574 σκεπαστηρίων
903 1493 952 1561 τὰς

172 1585 319 1663 εὐωνύμους
332 1593 425 1665 χεῖρας
439 1583 482 1642 erl
504 1588 604 1656 πλῆθος
621 1585 674 1642 τῶν
695 1583 888 1662 ἐμπεπηγότων
905 1586 951 1661 βε·

169 1675 225 1733 λῶν
240 1674 285 1733 καὶ
309 1676 358 1734 οὐκ
377 1671 480 1731 ἀόιντων
502 1671 641 1749 ὑπομένειν
665 1669 714 1738 τθις
737 1671 889 1750 προόολόις,
904 1692 952 1730 τε·

114 1779 143 1817 te
171 1762 330 1842 τραμμένων
343 1758 372 1820 δέ
383 1763 435 1820 τῶν
450 1762 522 1840 ἐγχει
541 1757 614 1819 ιδίων
631 1758 678 1826 τάς
692 1761 794 1837 ἀκμάς,
807 1757 864 1818 ίστι
876 1760 899 1817 δ’
914 1749 950 1818 ὧν

171 1850 217 1910 καὶ
229 1848 398 1927 κατεαγότων
407 1848 492 1920 ὅλων,
507 1783 545 1915 οίς
563 1846 637 1907 οὐδέν
653 1844 692 1906 ἔτι
707 1839 740 1920 ἧν
758 1850 872 1928 χρῆσθαι
885 1891 894 1919 ,
905 1851 951 1906 τοῦ

172 1937 255 1998 κόπου
267 1960 310 2010 τε,
336 1936 364 2003 te
388 1935 422 1995 δι’
445 1936 509 2008 ύλης
528 1935 631 2015 ἡμέρας
648 1936 848 2013 ἀγωνιζομένοις
863 1936 952 2002 αὐτοῖς

171 2028 252 2094 πολὺς
268 2023 399 2104 ἐγεγόνεε,
410 2026 591 2104 παραλύοντος
609 2023 644 2085 τά
658 2030 738 2105 νεῦρα
753 2025 798 2083 καὶ
815 2022 864 2090 τθις
878 2026 952 2097 πλη-

171 2114 218 2194 γθις
231 2116 347 2180 ἀσθενεῖς
368 2118 522 2188 ποιοῦντος,
547 2114 671 2194 ἱδρῶντος
691 2112 719 2172 δέ
739 2112 786 2172 καί
805 2111 883 2193 δίψης
906 2110 951 2171 καί

113 2230 146 2272 20
173 2204 305 2281 deductae
315 2195 358 2263 οἷα
368 2204 396 2261 ἐν
407 2210 525 2283 πνιγηρᾷ
539 2201 596 2282 ὥρᾳ
610 2201 684 2269 έτους
693 2205 747 2268 τοῖς
760 2200 842 2261 πολθν
856 2200 951 2282 χρόνον

173 2289 372 2371 ἀγωνιζομένοις
395 2290 558 2368 συμπίπτειν
585 2291 674 2369 φιλεῖ,
701 2287 765 2370 παρ’
793 2289 951 2370 ἀμφοτέροις

173 2382 333 2459 γινομένων,
355 2377 431 2446 τέλος
451 2378 524 2438 οὐδέν
546 2376 641 2436 ἔλαθεν
663 2376 830 2456 ἀξιολογονὴ
856 2376 949 2457 μάχη,

173 2471 232 2529 ἀλλ’
252 2471 397 2548 ἀγαπητῶς
411 2466 556 2548 ἀμφότεροι
568 2469 620 2525 τῶν
635 2469 790 2547 στρατηγῶν
805 2469 951 2526 ἀνακαλου·

174 2557 260 2635 μένων
273 2560 391 2629 ἀπῆλθον
405 2556 449 2616 ἐπί
462 2555 522 2623 τοὺς
533 2557 632 2613 ίαυτῶν
647 2554 786 2634 χάρακας·
802 2556 849 2615 καὶ
862 2553 952 2614 οὐκέτι

115 2673 146 2711 as
174 2645 243 2723 μετά
255 2650 333 2705 τοῦτο
345 2644 453 2725 ἐξῄεσαν
466 2645 502 2711 είς
517 2642 608 2722 μάχην
624 2643 768 2722 οὐδέτεροι,
784 2642 853 2701 ἀλλὰ
866 2643 952 2715 καθή·

174 2757 248 2812 μενοι
262 2735 462 2817 παρεφύλαττον
478 2732 602 2805 ἀλλήλοιν
624 2731 671 2799 τδις
686 2730 761 2790 ένεκα
783 2734 835 2790 τῶν
858 2733 950 2804 ἐπιτη-

173 2824 249 2884 δείων
271 2824 410 2901 γενομένας
434 2822 542 2892 ἐξόδους.
584 2816 681 2889 Ἔδοξε
704 2821 793 2898 μέντοι
807 2820 852 2879 καὶ
876 2821 952 2898 λόγος

174 2905 204 2986 ἦν
220 2915 247 2972 ἐν
262 2918 296 2991 τῇ
311 2911 409 2993 Ῥώμη
430 2912 529 2984 πολὺς,
552 2915 586 2979 ῶς
610 2910 744 2986 δυναμένη
760 2908 820 2967 τότε
834 2916 909 2967 νικᾶν
933 2913 951 2980 η

172 2998 318 3079 Ῥωμαίων
333 3001 442 3077 δύναμις
469 2998 582 3058 ἑκουσία
601 2997 684 3075 μηδὲν
699 2997 861 3079 ἐργάσασθαι
882 2997 951 3071 λαμ-

116 3119 147 3159 ςυ
174 3097 239 3173 πρὸν
272 3090 317 3149 διθι
344 3091 421 3167 μῖσός
435 3111 464 3147 τε
478 3094 524 3147 τοῦ
547 3085 649 3147 ὑπάτου
668 3086 714 3147 καί
728 3084 829 3167 ἀργὴν,
845 3084 879 3156 ἣν
895 3075 952 3163 εἶχε

173 3179 238 3260 πρδς
257 3178 317 3246 τοὺς
331 3178 485 3256 πατρικίους
495 3178 539 3236 ἐπί
553 3178 591 3256 τῷ
606 3179 761 3258 φενακισμῷ
775 3178 822 3245 τῆς
835 3177 952 3252 κληρον-

171 3267 243 3348 χίας.
287 3265 370 3328 Αύτοί
391 3264 416 3325 δ’
434 3267 457 3324 οἱ
481 3268 643 3345 στρατιῶται
665 3263 710 3323 τὸν
731 3261 830 3322 ὕπατον
851 3265 887 3330 ὡς
901 3263 953 3340 οὐχ

171 3356 262 3416 ίκανδν
276 3354 433 3437 στρατηγεῖν
447 3356 574 3433 ᾐτιῶντο,
590 3352 738 3432 γράμματα
753 3351 903 3428 πέμποντες
917 3354 953 3416 ῶς

172 3444 232 3513 τούς
251 3442 412 3516 ἐπιτηδείως
436 3444 535 3501 έαυτῶν
550 3438 668 3500 έκαστοι.
721 3439 776 3500 Καί
796 3437 831 3498 cd
845 3438 894 3516 μὲν
909 3439 953 3497 ἐπὶ

117 3558 146 3595 ss
173 3535 352 3612 στρατοπέδου
365 3531 493 3610 γενόμενα
517 3534 627 3590 τοιαῦτα
641 3522 684 3602 ἦν.
730 3528 779 3588 Ἔν
797 3531 861 3607 αὐτῇ
877 3527 951 3608 δέτῇ

173 3623 270 3701 Ῥώμη
289 3621 376 3682 πολλά
390 3619 515 3695 δαιμόνια
537 3618 635 3695 σημεῖα
655 3615 794 3700 ἐφαίνετο,
817 3616 951 3689 δηλωτικὰ

172 3712 243 3772 θείου
256 3712 336 3792 χόλου
351 3708 421 3770 κατά
434 3730 462 3767 τε
476 3705 565 3789 φωνάς
578 3707 624 3765 καί
638 3705 709 3787 θροις
722 3706 821 3777 ἀήθεις.
855 3703 949 3762 Πάντα

172 3798 196 3855 δ’
218 3800 254 3863 είς
275 3801 352 3857 τοῦτο
366 3796 521 3871 συνέτεινεν,
538 3799 573 3861 ῶς
587 3796 654 3853 οἵτε
672 3792 840 3866 μάντειςεαί
855 3793 879 3850 οἱ
899 3795 951 3851 τῶν

169 3887 247 3964 ἱερῶν
262 3884 387 3965 ἐξηγηταί
410 3883 609 3961 συνενέγκαντες
621 3882 668 3949 τάς
685 3881 821 3956 ἐμπειρίας
835 3879 951 3960 ἀπεφαί-

115 3993 145 4034 ⁴0
171 4002 247 4040 νοντο
260 3975 301 4037 δτι
312 3980 377 4037 θεῶν
393 3974 568 4056 [χολοῦσθαί]
583 3996 672 4051 τινες,
685 3974 715 4032 οὗ
738 3973 891 4049 κομίζονται
905 3969 953 4038 τθις

172 4068 299 4146 νομίμως
311 4065 390 4143 τιμὰς
400 4067 430 4124 οὗ
445 4067 567 4145 καθαρῶς
583 4061 637 4123 οὐδ’
650 4060 727 4127 ὁσίως
743 4058 951 4136 ἐπιτελουμένων

172 4161 261 4226 αύτοῑς
273 4160 326 4219 τῶν
342 4159 430 4236 ἱερῶν.
474 4153 590 4224 Ζήτησις
601 4150 633 4223 δὴ
652 4151 719 4229 μετὰ
732 4153 809 4209 τοῦτο
823 4146 908 4217 πολλὴ
923 4148 953 4205 ἐκ

171 4246 278 4307 πάντων
292 4245 407 4325 ἐγίνετο,
426 4241 473 4301 καί
493 4240 542 4300 σὺν
561 4238 649 4321 χρόνῳ
664 4239 775 4314 μήνυσις
796 4235 952 4311 ἀποδίδοται

171 4345 225 4405 τοῖς
237 4334 419 4415 ἱεροφάνταις,
434 4329 474 4390 ότι
496 4334 549 4389 τῶν
562 4327 699 4412 παρθένων
719 4327 769 4405 μία
785 4327 837 4384 τῶν
854 4327 953 4406 φυλατ-

116 4433 144 4472 ⁴⁵
170 4426 273 4485 τουσῶν
285 4421 317 4481 τὸ
329 4419 399 4500 ἱερὸν
412 4424 478 4494 πῦρ,
495 4418 611 4495 Ὀπιμία
624 4416 708 4494 όνομα
723 4417 802 4493 αὐτῇ,
817 4411 866 4485 τὴν
881 4435 952 4493 παρ·

171 4513 257 4572 θενίαν
280 4511 452 4591 ἀφαιρεθεῖσα
474 4505 573 4585 μιαίνει
595 4506 630 4565 τθι
651 4504 720 4585 ἱερά.
763 4506 800 4565 Ol
828 4504 850 4562 δ’
867 4504 898 4562 ἐκ
922 4524 951 4559 τε

174 4600 295 4680 βασάνων
309 4597 419 4658 κελτῶν
433 4596 521 4655 ἀλλων
534 4593 692 4662 ἀποδείξεων
707 4591 854 4671 μαθόντες,
869 4591 952 4650 ὅτιτὸ

173 4689 335 4766 μηνυόμενον
348 4677 379 4759 ἦν
396 4684 516 4763 ἀδίκημα
528 4686 636 4760 ἀληθές,
650 4682 733 4755 αὐτὴν
749 4681 796 4759 μέν
810 4686 858 4754 τῆς
872 4702 951 4761 κορυ-

172 4783 223 4860 φῆς
240 4777 398 4860 ἀφελόμενοι
413 4772 450 4835 τδι
462 4773 605 4849 στέμματα
619 4772 666 4831 καί
685 4770 886 4847 πομπεύσαντες
907 4768 952 4829 διὰ

113 4894 145 4932 se
172 4871 269 4949 ἀγοράς
282 4866 353 4933 ε’ντθς
371 4864 475 4946 τείχους
499 4865 585 4932 ζῶσαν
603 4858 773 4939 κατώρυξαν·
789 4855 834 4915 δύο
850 4855 878 4914 δέ
891 4855 952 4922 τοὺς

172 4956 369 5040 ἐξελεγχθέντας
380 4952 575 5033 διαπράξασθαι
588 4950 637 5023 τὴν
650 4945 748 5031 φθορθιν
763 4941 951 5022 μαστιγώσαν-

170 5073 213 5116 τες
229 5051 255 5106 έν
276 5049 381 5130 φανερῷ
402 5045 572 5101 ἀπέκτειναν.
617 5040 672 5099 Καὶ
692 5039 860 5116 παραχρῆμα
883 5032 951 5108 μετὰ

171 5144 250 5198 τοῦτο
262 5134 334 5195 καλθι
347 5133 382 5191 τθι
392 5132 452 5211 ίερδ
467 5129 513 5189 καί
526 5127 561 5186 τὰ
582 5126 776 5204 μαντεύματα,
789 5126 826 5195 ὣς
841 5119 950 5205 ἀφεικό-

170 5250 224 5287 των
241 5229 328 5290 αύτοῐς
342 5224 395 5279 τῶν
409 5220 475 5279 θεῶν
491 5218 536 5276 τὸν
546 5216 643 5297 χόλον,
659 5213 767 5295 ἐγίνετο.

1721 402 1780 462 bil

1003 535 1152 599 angebatur3
1168 540 1242 602 atque
1252 538 1300 589 bae
1313 552 1339 589 re
1353 537 1411 589 etati
1426 537 1503 590 duces
1520 539 1603 604 coplas
1615 552 1647 590 ex
1658 540 1746 615 castris
1758 541 1783 592 in

1003 624 1083 674 aciem
1097 626 1277 689 produxerunt.

1034 722 1162 772 LXXXlX.
1180 726 1264 780 Quum
1285 726 1370 775 antem
1390 727 1417 774 et
1434 723 1481 788 ipsi
1494 724 1598 775 Romani
1617 726 1784 790 prodiissent,

1003 817 1131 882 aciemque
1146 818 1337 879 instruxissent,
1359 820 1519 871 commissum
1533 825 1573 872 est
1592 835 1649 874 acre
1669 824 1785 888 pretium

1004 915 1068 965 buter
1078 917 1176 979 equites
1186 920 1213 968 et
1225 918 1322 983 pedites
1331 918 1520 984 atquevelitcs‚
1535 920 1651 970 omuibus
1666 921 1720 985 pari
1730 924 1785 971 stu·

1004 1011 1046 1062 dio
1062 1017 1087 1065 et
1100 1014 1186 1078 peritia
1199 1015 1381 1081 pugnantibus,
1392 1019 1419 1067 et
1429 1028 1581 1080 unoquoque
1593 1018 1704 1069 victoriae
1714 1032 1784 1084 spem

1005 1108 1030 1158 in
1040 1123 1068 1160 se
1079 1109 1132 1174 ipse
1144 1113 1197 1162 sole
1208 1112 1351 1164 collocante.
1386 1116 1471 1172 Quum
1482 1118 1566 1166 autem
1575 1117 1655 1166 multa
1666 1116 1784 1181 utrinqne

1005 1205 1030 1256 in
1039 1219 1069 1256 eo
1082 1206 1154 1271 leco,
1169 1209 1194 1257 in
1209 1224 1260 1275 que
1270 1210 1382 1261 collocati
1400 1212 1510 1271 inerant,
1523 1211 1645 1264 cadavera
1659 1217 1783 1277 pmstrata

1005 1307 1031 1354 et
1052 1306 1188 1357 semineces
1202 1308 1283 1358 multo
1298 1308 1396 1372 plnres,
1418 1323 1494 1373 qnam
1507 1312 1600 1362 mortui
1621 1311 1744 1372 iacerent,
1759 1313 1786 1362 et

1005 1403 1079 1468 pauci
1096 1406 1193 1455 tantum
1208 1405 1233 1455 in
1253 1407 1389 1456 certamine
1400 1409 1427 1457 ct
1442 1407 1514 1458 malis
1535 1407 1618 1458 adbuc
1638 1421 1785 1472 persevera·

1006 1501 1076 1557 rent,
1093 1503 1119 1549 et
1139 1513 1170 1550 ue
1183 1501 1227 1552 isti
1240 1502 1341 1565 quidam
1353 1503 1491 1568 quidquam
1503 1504 1559 1556 belli
1577 1519 1668 1557 munus
1680 1507 1784 1571 exsequi

1005 1598 1123 1658 possent,
1138 1598 1217 1648 scutis
1237 1598 1328 1662 quibua
1346 1614 1438 1665 cerpus
1450 1602 1610 1666 protegebant
1623 1602 1657 1652 ob
1677 1603 1785 1654 talorum

1005 1692 1138 1745 inlisomm
1152 1696 1336 1749 multitudinem
1353 1699 1466 1750 sinistras
1478 1714 1565 1750 manus
1579 1700 1738 1764 gravantibus
1760 1703 1787 1753 et

1006 1792 1198 1857 impedientibus
1212 1796 1353 1859 quominus
1364 1796 1475 1847 bostium
1485 1797 1606 1860 impeturn
1622 1798 1784 1859 sustinerent,

1006 1886 1034 1935 et
1043 1888 1127 1936 retusa
1143 1886 1282 1951 gladiorum
1301 1889 1371 1949 acie,
1391 1888 1513 1939 nonnullis
1524 1887 1600 1939 etiam
1610 1887 1669 1939 totis
1683 1890 1785 1951 tractis,

1007 1977 1042 2028 ita
1053 1982 1083 2029 nt
1095 1978 1178 2029 nullus
1196 1980 1302 2045 amptius
1319 1983 1485 2032 esseteorum
1508 1993 1577 2043 usus,
1598 1983 1625 2031 ct
1636 1981 1727 2045 ingenti
1746 1982 1786 2032 la-

1006 2070 1066 2121 bore
1076 2109 1082 2131 ,
1093 2084 1168 2135 quem
1180 2086 1225 2137 per
1240 2077 1320 2122 tatum
1334 2072 1401 2123 diem
1415 2075 1553 2137 pugnantes
1563 2073 1681 2135 tulerant,
1695 2088 1786 2126 nervos

1007 2163 1157 2214 dissolvente
1167 2166 1192 2215 et
1201 2165 1265 2216 letos
1277 2164 1433 2226 debilitante,
1452 2168 1477 2216 et
1488 2163 1592 2227 sudore,
1603 2166 1653 2228 siti,
1667 2166 1784 2230 anhelitu,

1008 2258 1052 2319 (ut
1064 2257 1089 2307 in
1104 2258 1301 2309 summnoestatis
1314 2257 1411 2310 terrore
1428 2258 1455 2308 in
1471 2258 1544 2324 longo
1556 2261 1689 2311 certamine
1702 2261 1785 2312 laomi-

1007 2350 1081 2402 ulbus
1095 2352 1159 2403 solet
1169 2351 1300 2415 accidere)
1313 2356 1434 2416 utrosque
1448 2351 1609 2415 vexantibus,
1628 2353 1722 2404 uultum
1738 2368 1788 2405 me·

1006 2441 1148 2492 motabilem
1161 2441 1254 2492 exitum
1270 2441 1294 2492 id
1307 2441 1419 2506 proelium
1431 2441 1538 2493 babuit:
1551 2443 1593 2493 sed
1610 2443 1683 2493 ambe
1692 2443 1786 2494 ererel-

1006 2539 1049 2589 tns
1065 2553 1080 2589 a
1091 2538 1198 2590 ducibus
1209 2539 1261 2589 suis
1272 2541 1382 2590 revocati
1397 2538 1512 2590 lubenter
1521 2540 1545 2589 in
1556 2543 1640 2591 castra
1650 2541 1785 2592 redierunt.

1007 2638 1038 2686 Et
1054 2636 1138 2686 ueratri
1152 2639 1238 2699 postea
1253 2635 1279 2685 in
1299 2635 1378 2686 aciem
1393 2635 1558 2700 prodierunt:
1581 2636 1639 2698 sed,
1656 2637 1682 2686 tn
1698 2637 1787 2688 castris

1006 2731 1122 2783 sedentes
1137 2731 1303 2783 observabant
1322 2746 1382 2795 eos,
1394 2732 1437 2796 qni
1451 2732 1483 2782 art
1497 2745 1538 2784 res
1552 2734 1704 2785 necessarias
1715 2748 1785 2786 com-

1007 2831 1128 2897 parandas
1143 2832 1253 2884 exibant.
1287 2834 1373 2883 Romae
1393 2835 1476 2883 tamen
1490 2832 1564 2882 multi
1581 2831 1745 2897 opinabantur
1762 2838 1788 2886 ct

1006 2929 1079 2995 vulgo
1091 2929 1224 2993 iactabant,
1236 2929 1371 2981 exereitum
1384 2932 1549 2983 Romanorum
1558 2966 1566 2993 ,
1576 2945 1654 2996 quum
1666 2932 1788 2995 potuisset

1006 3028 1122 3090 vincere,
1136 3027 1222 3079 dedita
1234 3042 1310 3093 opem
1321 3029 1414 3079 nullum
1427 3029 1552 3093 egregiam
1565 3029 1661 3081 lacinus
1670 3030 1786 3093 edidisse,

1006 3126 1065 3178 odio
1076 3127 1185 3177 consulis
1205 3129 1231 3178 et
1248 3126 1286 3177 ira
1306 3128 1331 3178 in
1344 3132 1442 3193 patres,
1456 3128 1524 3194 qnod
1542 3129 1593 3193 agri
1607 3128 1728 3180 divisione
1743 3142 1787 3194 per

1007 3225 1092 3277 dolum
1114 3223 1243 3276 fraudatus
1265 3229 1312 3277 est.
1346 3226 1395 3278 Sed
1414 3226 1463 3291 ipsi
1476 3226 1568 3277 milites
1588 3227 1733 3289 consulum,
1756 3231 1784 3278 nt

1006 3340 1094 3391 parum
1116 3324 1231 3375 idoneum
1266 3324 1299 3374 ad
1324 3324 1511 3389 imperandum,
1536 3325 1687 3376 accusabant
1708 3327 1787 3377 literis

1007 3423 1120 3488 privatim
1143 3422 1175 3472 ad
1194 3421 1345 3472 necessarios
1369 3434 1428 3472 snos
1448 3420 1538 3472 missis.
1571 3423 1652 3485 Atque
1673 3421 1713 3472 bic
1733 3429 1788 3473 erat
1842 3424 1844 3427 '

1008 3523 1089 3570 status
1105 3531 1189 3568 rerum
1204 3531 1260 3583 quae
1275 3518 1334 3567 teris
1346 3518 1505 3580 gerebantur.
1540 3519 1635 3583 tuipsa
1652 3532 1711 3568 vera
1726 3519 1787 3570 nrbe

1008 3609 1087 3659 molta
1106 3608 1216 3674 prodigia
1244 3608 1307 3658 iram
1328 3608 1437 3660 divinam
1468 3608 1630 3674 significantia
1655 3609 1788 3660 obseruata

1008 3706 1080 3765 sunt,
1092 3700 1266 3764 exauditaque
1276 3713 1350 3750 voces
1362 3702 1494 3762 ominosas,
1510 3703 1536 3750 et
1549 3715 1620 3751 neon
1632 3704 1786 3764 spectrornm

1010 3796 1085 3848 lactes
1099 3795 1169 3845 visae.
1203 3798 1266 3853 Qnre
1289 3794 1372 3844 omnia
1394 3808 1425 3843 ee
1445 3793 1591 3858 spectabant
1612 3795 1658 3855 (ot
1679 3796 1787 3843 etvates

1008 3896 1035 3942 et
1048 3904 1175 3941 sacrorum
1190 3889 1336 3952 interpretes
1361 3901 1406 3951 pro
1428 3899 1474 3935 soa
1497 3884 1600 3949 peritia,
1624 3899 1652 3935 re
1675 3885 1740 3936 luter
1756 3900 1783 3937 se

1008 3982 1201 4043 communicata,
1227 3978 1402 4042 declarabant)
1420 3978 1481 4029 deas
1495 3978 1590 4041 aliquos
1604 3977 1720 4041 legitimis
1739 3981 1786 4030 lre-

1008 4077 1109 4129 nuribus
1120 4077 1248 4128 fraudatos
1261 4089 1329 4136 esse,
1351 4086 1433 4138 quum
1453 4084 1499 4122 nee
1514 4084 1589 4135 pure.
1605 4083 1651 4122 neo
1666 4072 1705 4136 pie
1716 4086 1788 4124 sacra

1008 4171 1068 4236 ipsis
1086 4170 1181 4222 tierent.
1214 4171 1304 4220 Postea
1318 4166 1395 4231 igitur
1404 4177 1495 4228 magna
1505 4162 1537 4214 ab
1549 4164 1663 4214 omnibns
1679 4165 1786 4229 inquisi-

1007 4263 1074 4315 tione
1088 4259 1393 4315 taetatandemindicinm
1414 4257 1447 4308 ad
1466 4255 1595 4322 pontifices
1608 4255 1719 4307 delatum
1731 4261 1785 4317 est,

1008 4370 1083 4407 unam
1092 4355 1232 4406 Vestalium
1242 4353 1306 4417 lguis
1318 4352 1382 4403 sacri
1391 4350 1533 4411 custodum,
1544 4347 1645 4398 nomine
1652 4348 1787 4413 Opimiam,

1007 4450 1099 4501 amissa
1115 4448 1257 4512 virginitate
1275 4459 1346 4497 sacra
1362 4443 1480 4508 polluere.
1513 4442 1553 4493 illi
1565 4455 1642 4501 vero,
1656 4454 1736 4505 quum
1754 4455 1786 4492 ex

1006 4542 1185 4609 quaestionibus
1200 4542 1303 4604 aliisque
1323 4537 1460 4588 manifestis
1481 4535 1633 4600 argumentis
1652 4534 1782 4598 mgnovts-

1006 4641 1075 4701 sent,
1100 4638 1193 4688 crimen
1205 4634 1315 4686 delatum
1329 4642 1418 4682 verum
1438 4642 1507 4687 esse,
1526 4629 1581 4679 eius
1601 4628 1675 4692 capiti
1694 4626 1786 4677 intrrlas

1006 4748 1069 4798 quas
1081 4729 1194 4797 gestabat
1212 4726 1369 4778 abstulerunt
1380 4765 1386 4783 ,
1399 4735 1505 4786 eamque
1517 4734 1561 4784 per
1579 4719 1689 4770 medium
1705 4719 1786 4769 iorum

1006 4826 1107 4877 ductam
1127 4827 1193 4876 intra
1213 4834 1298 4871 muros
1316 4819 1400 4870 vivam
1416 4814 1582 4869 defoderunt:
1598 4813 1663 4863 duos
1681 4826 1783 4869 vero,a

1005 4919 1096 4985 quibus
1116 4933 1171 4969 eam
1193 4916 1335 4977 corruptam
1361 4913 1437 4962 luisse
1463 4906 1609 4968 constabat,
1634 4907 1658 4956 ln
1674 4906 1785 4956 omniurn

1005 5015 1139 5078 conspectu
1150 5009 1224 5074 virgis
1236 5019 1315 5057 caesos
1328 5008 1456 5056 necarunt.
1491 5004 1548 5060 Quo
1566 5000 1632 5051 lacto
1653 4997 1785 5050 confestim

1004 5114 1099 5167 laetiora
1115 5127 1142 5164 se
1163 5108 1309 5173 obtulerunt
1331 5118 1416 5166 sacra,
1442 5105 1469 5154 et
1490 5104 1562 5154 vates
1587 5081 1784 5166 responderunt,

1005 5215 1068 5264 iram
1078 5211 1183 5264 deornm
1196 5207 1317 5273 placatam
1327 5216 1392 5256 esse.
1635 5194 1641 5201 '
