<?xml version="1.0" encoding="UTF-8"?>
<!DOCTYPE html PUBLIC "-//W3C//DTD XHTML 1.0 Transitional//EN"
    "http://www.w3.org/TR/xhtml1/DTD/xhtml1-transitional.dtd">
<html xmlns="http://www.w3.org/1999/xhtml" xml:lang="en" lang="en">
 <head>
  <title>
</title>
<meta http-equiv="Content-Type" content="text/html;charset=utf-8" />
  <meta name='ocr-system' content='tesseract 3.04.00' />
  <meta name='ocr-capabilities' content='ocr_page ocr_carea ocr_par ocr_line ocrx_word'/>
</head>
<body>
  <div class='ocr_page' id='page_1' title='image "./dionysiihalicar01prougoog/dionysiihalicar01prougoog_0358.png"; bbox 0 0 4052 5926; ppageno 0'>
   <div class='ocr_carea' id='block_1_1' title="bbox 656 423 1763 499">
    <p class='ocr_par' dir='ltr' id='par_1_1' title="bbox 656 423 1763 499">
     <span class='ocr_line' id='line_1_1' title="bbox 656 423 1763 499; baseline 0.003 -13"><span class='ocrx_word' id='word_1_1' title='bbox 656 424 949 499; x_wconf 77' lang='lat' dir='ltr'><strong>ANTIQUl&#39;l&#39;ll&#39;l’UM</strong></span> <span class='ocrx_word' id='word_1_2' title='bbox 970 423 1118 485; x_wconf 82' lang='lat' dir='ltr'><strong>ROMAN.</strong></span> <span class='ocrx_word' id='word_1_3' title='bbox 1141 425 1209 486; x_wconf 90' lang='lat' dir='ltr'><strong>LlB.</strong></span> <span class='ocrx_word' id='word_1_4' title='bbox 1232 428 1281 486; x_wconf 88' lang='lat' dir='ltr'><strong>Vl.</strong></span> <span class='ocrx_word' id='word_1_5' title='bbox 1704 431 1763 489; x_wconf 80' lang='lat' dir='ltr'><strong>sta</strong></span> 
     </span>
    </p>
   </div>
   <div class='ocr_carea' id='block_1_2' title="bbox 164 558 933 647">
    <p class='ocr_par' dir='ltr' id='par_1_2' title="bbox 164 558 933 647">
     <span class='ocr_line' id='line_1_2' title="bbox 164 558 933 647; baseline -0.016 -19"><span class='ocrx_word' id='word_1_6' title='bbox 164 596 176 622; x_wconf 81' lang='grc' dir='ltr'>α</span> <span class='ocrx_word' id='word_1_7' title='bbox 193 569 322 647; x_wconf 83' lang='grc' dir='ltr'>λαγεισιῦν</span> <span class='ocrx_word' id='word_1_8' title='bbox 342 564 368 624; x_wconf 83' lang='grc' dir='ltr'><strong>δὲ</strong></span> <span class='ocrx_word' id='word_1_9' title='bbox 384 568 435 623; x_wconf 83' lang='grc' dir='ltr'><strong>τῶν</strong></span> <span class='ocrx_word' id='word_1_10' title='bbox 451 562 612 640; x_wconf 73' lang='grc' dir='ltr'>πρεσόειιῦν,</span> <span class='ocrx_word' id='word_1_11' title='bbox 626 560 734 639; x_wconf 87' lang='grc' dir='ltr'>πρόιτην</span> <span class='ocrx_word' id='word_1_12' title='bbox 754 558 823 638; x_wconf 81' lang='grc' dir='ltr'>φημί</span> <span class='ocrx_word' id='word_1_13' title='bbox 836 563 933 637; x_wconf 76' lang='grc' dir='ltr'>χρῆναι</span> 
     </span>
    </p>
   </div>
   <div class='ocr_carea' id='block_1_3' title="bbox 106 647 946 5338">
    <p class='ocr_par' dir='ltr' id='par_1_3' title="bbox 106 647 946 5338">
     <span class='ocr_line' id='line_1_3' title="bbox 163 647 934 737; baseline -0.012 -23"><span class='ocrx_word' id='word_1_14' title='bbox 163 681 177 714; x_wconf 85' lang='grc' dir='ltr'>α</span> <span class='ocrx_word' id='word_1_15' title='bbox 196 655 291 737; x_wconf 77' lang='grc' dir='ltr'>βουλὴν</span> <span class='ocrx_word' id='word_1_16' title='bbox 304 662 357 723; x_wconf 88' lang='grc' dir='ltr'>τοῖς</span> <span class='ocrx_word' id='word_1_17' title='bbox 371 652 441 712; x_wconf 79' lang='grc' dir='ltr'><strong>κατά</strong></span> <span class='ocrx_word' id='word_1_18' title='bbox 456 651 505 723; x_wconf 71' lang='grc' dir='ltr'><strong>τὴν</strong></span> <span class='ocrx_word' id='word_1_19' title='bbox 519 649 596 710; x_wconf 91' lang='grc' dir='ltr'>πόλιν</span> <span class='ocrx_word' id='word_1_20' title='bbox 606 647 724 727; x_wconf 80' lang='grc' dir='ltr'>θοράθοις</span> <span class='ocrx_word' id='word_1_21' title='bbox 736 651 808 722; x_wconf 78' lang='grc' dir='ltr'>ἡμᾶς</span> <span class='ocrx_word' id='word_1_22' title='bbox 822 648 934 705; x_wconf 82' lang='grc' dir='ltr'>ἀποδοῦ-</span> 
     </span>
     <span class='ocr_line' id='line_1_4' title="bbox 163 730 933 818; baseline -0.013 -19"><span class='ocrx_word' id='word_1_23' title='bbox 163 771 177 799; x_wconf 72' lang='lat' dir='ltr'><strong>a</strong></span> <span class='ocrx_word' id='word_1_24' title='bbox 193 767 249 818; x_wconf 87' lang='grc' dir='ltr'>ναι,</span> <span class='ocrx_word' id='word_1_25' title='bbox 264 742 309 801; x_wconf 78' lang='grc' dir='ltr'>καί</span> <span class='ocrx_word' id='word_1_26' title='bbox 327 740 425 813; x_wconf 84' lang='grc' dir='ltr'>ταύτην</span> <span class='ocrx_word' id='word_1_27' title='bbox 447 741 492 799; x_wconf 79' lang='grc' dir='ltr'>οὐκ</span> <span class='ocrx_word' id='word_1_28' title='bbox 506 741 542 805; x_wconf 79' lang='grc' dir='ltr'><strong>εἰς</strong></span> <span class='ocrx_word' id='word_1_29' title='bbox 557 735 679 815; x_wconf 78' lang='grc' dir='ltr'>μακράν,</span> <span class='ocrx_word' id='word_1_30' title='bbox 694 734 763 794; x_wconf 84' lang='grc' dir='ltr'><strong>ἀλλά</strong></span> <span class='ocrx_word' id='word_1_31' title='bbox 774 738 808 813; x_wconf 81' lang='grc' dir='ltr'><strong>τῇ</strong></span> <span class='ocrx_word' id='word_1_32' title='bbox 824 730 933 811; x_wconf 79' lang='grc' dir='ltr'>ἀπιούσῃ</span> 
     </span>
     <span class='ocr_line' id='line_1_5' title="bbox 163 833 323 912; baseline -0.019 -19"><span class='ocrx_word' id='word_1_33' title='bbox 163 833 281 912; x_wconf 77' lang='grc' dir='ltr'>(ἡμέᾳ</span> <span class='ocrx_word' id='word_1_34' title='bbox 309 858 323 883; x_wconf 72' lang='grc' dir='ltr'>ν</span> 
     </span>
     <span class='ocr_line' id='line_1_6' title="bbox 118 856 934 995; baseline -0.026 -8"><span class='ocrx_word' id='word_1_35' title='bbox 118 938 132 977; x_wconf 69' lang='lat'><strong>⁶</strong></span> <span class='ocrx_word' id='word_1_36' title='bbox 201 856 350 984; x_wconf 63' lang='lat' dir='ltr'>XXPXVII.</span> <span class='ocrx_word' id='word_1_37' title='bbox 371 917 479 988; x_wconf 78' lang='grc' dir='ltr'>Ταύτην</span> <span class='ocrx_word' id='word_1_38' title='bbox 507 911 710 995; x_wconf 66' lang='grc' dir='ltr'>ἀποφηναμένου</span> <span class='ocrx_word' id='word_1_39' title='bbox 746 909 795 982; x_wconf 77' lang='grc' dir='ltr'><strong>τὴν</strong></span> <span class='ocrx_word' id='word_1_40' title='bbox 825 908 934 987; x_wconf 77' lang='grc' dir='ltr'>γνώμην</span> 
     </span>
     <span class='ocr_line' id='line_1_7' title="bbox 162 998 935 1091; baseline -0.023 -19"><span class='ocrx_word' id='word_1_41' title='bbox 162 1012 294 1091; x_wconf 76' lang='grc' dir='ltr'>Λαρκίου,</span> <span class='ocrx_word' id='word_1_42' title='bbox 314 1006 360 1068; x_wconf 81' lang='grc' dir='ltr'>καί</span> <span class='ocrx_word' id='word_1_43' title='bbox 381 1007 487 1065; x_wconf 90' lang='grc' dir='ltr'>πάντων</span> <span class='ocrx_word' id='word_1_44' title='bbox 514 1000 725 1071; x_wconf 76' lang='grc' dir='ltr'>ἐπαινεσάντων,</span> <span class='ocrx_word' id='word_1_45' title='bbox 749 998 809 1058; x_wconf 88' lang='grc' dir='ltr'>τότε</span> <span class='ocrx_word' id='word_1_46' title='bbox 830 998 879 1074; x_wconf 82' lang='grc' dir='ltr'><strong>μέν</strong></span> <span class='ocrx_word' id='word_1_47' title='bbox 908 1002 935 1055; x_wconf 80' lang='grc' dir='ltr'>αἱ</span> 
     </span>
     <span class='ocr_line' id='line_1_8' title="bbox 163 1086 934 1182; baseline -0.021 -23"><span class='ocrx_word' id='word_1_48' title='bbox 163 1098 302 1182; x_wconf 80' lang='grc' dir='ltr'>πρεσόεῑαι</span> <span class='ocrx_word' id='word_1_49' title='bbox 315 1096 446 1157; x_wconf 72' lang='grc' dir='ltr'>λαθοῦσαι</span> <span class='ocrx_word' id='word_1_50' title='bbox 464 1093 511 1159; x_wconf 84' lang='grc' dir='ltr'><strong>τάς</strong></span> <span class='ocrx_word' id='word_1_51' title='bbox 522 1089 662 1171; x_wconf 75' lang='grc' dir='ltr'>εἰρημένας</span> <span class='ocrx_word' id='word_1_52' title='bbox 675 1086 829 1167; x_wconf 76' lang='grc' dir='ltr'>ἀποκρίσεις</span> <span class='ocrx_word' id='word_1_53' title='bbox 846 1086 934 1159; x_wconf 84' lang='grc' dir='ltr'>ἀπηλ·</span> 
     </span>
     <span class='ocr_line' id='line_1_9' title="bbox 162 1173 933 1266; baseline -0.021 -18"><span class='ocrx_word' id='word_1_54' title='bbox 162 1189 293 1266; x_wconf 86' lang='grc' dir='ltr'>λάγησαν·</span> <span class='ocrx_word' id='word_1_55' title='bbox 318 1185 391 1266; x_wconf 78' lang='grc' dir='ltr'>τῇδ’</span> <span class='ocrx_word' id='word_1_56' title='bbox 415 1182 473 1261; x_wconf 83' lang='grc' dir='ltr'>έξῇς</span> <span class='ocrx_word' id='word_1_57' title='bbox 493 1179 582 1261; x_wconf 70' lang='grc' dir='ltr'>ἡμέρα</span> <span class='ocrx_word' id='word_1_58' title='bbox 597 1177 788 1254; x_wconf 87' lang='grc' dir='ltr'>συναγαγόντες</span> <span class='ocrx_word' id='word_1_59' title='bbox 805 1173 853 1246; x_wconf 74' lang='grc' dir='ltr'><strong>τὴν</strong></span> <span class='ocrx_word' id='word_1_60' title='bbox 873 1179 933 1253; x_wconf 88' lang='grc' dir='ltr'>βοο-</span> 
     </span>
     <span class='ocr_line' id='line_1_10' title="bbox 161 1264 937 1351; baseline -0.023 -13"><span class='ocrx_word' id='word_1_61' title='bbox 161 1275 210 1347; x_wconf 82' lang='grc' dir='ltr'><strong>λὴν</strong></span> <span class='ocrx_word' id='word_1_62' title='bbox 224 1278 248 1337; x_wconf 84' lang='grc' dir='ltr'>σί</span> <span class='ocrx_word' id='word_1_63' title='bbox 269 1274 383 1349; x_wconf 76' lang='grc' dir='ltr'>ὕπατοι,</span> <span class='ocrx_word' id='word_1_64' title='bbox 398 1271 458 1351; x_wconf 82' lang='grc' dir='ltr'>περί</span> <span class='ocrx_word' id='word_1_65' title='bbox 478 1272 525 1339; x_wconf 79' lang='grc' dir='ltr'><strong>τῆς</strong></span> <span class='ocrx_word' id='word_1_66' title='bbox 543 1264 746 1347; x_wconf 76' lang='grc' dir='ltr'>ἐπανορθώσεως</span> <span class='ocrx_word' id='word_1_67' title='bbox 762 1268 815 1324; x_wconf 82' lang='grc' dir='ltr'><strong>τῶν</strong></span> <span class='ocrx_word' id='word_1_68' title='bbox 833 1271 937 1322; x_wconf 88' lang='grc' dir='ltr'>πολιτι-</span> 
     </span>
     <span class='ocr_line' id='line_1_11' title="bbox 106 1357 936 1445; baseline -0.013 -24"><span class='ocrx_word' id='word_1_69' title='bbox 106 1381 133 1422; x_wconf 82' lang='lat' dir='ltr'><strong>to</strong></span> <span class='ocrx_word' id='word_1_70' title='bbox 161 1369 213 1424; x_wconf 83' lang='grc' dir='ltr'>κῶν</span> <span class='ocrx_word' id='word_1_71' title='bbox 246 1362 364 1445; x_wconf 84' lang='grc' dir='ltr'>θορόόων</span> <span class='ocrx_word' id='word_1_72' title='bbox 399 1358 547 1440; x_wconf 84' lang='grc' dir='ltr'>προῦθεσαν</span> <span class='ocrx_word' id='word_1_73' title='bbox 585 1364 706 1417; x_wconf 88' lang='grc' dir='ltr'>σκοπεῖν.</span> <span class='ocrx_word' id='word_1_74' title='bbox 747 1357 855 1434; x_wconf 83' lang='grc' dir='ltr'>ῘΙριῦτος</span> <span class='ocrx_word' id='word_1_75' title='bbox 892 1375 936 1410; x_wconf 91' lang='grc' dir='ltr'><strong>ουν</strong></span> 
     </span>
     <span class='ocr_line' id='line_1_12' title="bbox 162 1441 937 1533; baseline -0.017 -21"><span class='ocrx_word' id='word_1_76' title='bbox 162 1452 301 1533; x_wconf 77' lang='grc' dir='ltr'>ἐρωτηθείς</span> <span class='ocrx_word' id='word_1_77' title='bbox 321 1451 430 1529; x_wconf 83' lang='grc' dir='ltr'>γνώμην</span> <span class='ocrx_word' id='word_1_78' title='bbox 455 1448 572 1512; x_wconf 80' lang='grc' dir='ltr'>Πόπλιος</span> <span class='ocrx_word' id='word_1_79' title='bbox 591 1444 753 1523; x_wconf 83' lang='grc' dir='ltr'>Οῦεργίνιος,</span> <span class='ocrx_word' id='word_1_80' title='bbox 763 1441 830 1523; x_wconf 84' lang='grc' dir='ltr'>ἀνὴρ</span> <span class='ocrx_word' id='word_1_81' title='bbox 852 1444 937 1516; x_wconf 87' lang='grc' dir='ltr'>δημο-</span> 
     </span>
     <span class='ocr_line' id='line_1_13' title="bbox 161 1530 936 1615; baseline -0.015 -16"><span class='ocrx_word' id='word_1_82' title='bbox 161 1541 240 1615; x_wconf 86' lang='grc' dir='ltr'>τικδς,</span> <span class='ocrx_word' id='word_1_83' title='bbox 249 1539 297 1612; x_wconf 76' lang='grc' dir='ltr'><strong>τλν</strong></span> <span class='ocrx_word' id='word_1_84' title='bbox 309 1539 352 1599; x_wconf 69' lang='lat' dir='ltr'><strong>tat</strong></span> <span class='ocrx_word' id='word_1_85' title='bbox 364 1539 445 1615; x_wconf 90' lang='grc' dir='ltr'>μέσου</span> <span class='ocrx_word' id='word_1_86' title='bbox 455 1534 628 1614; x_wconf 76' lang='grc' dir='ltr'>πορευόμενος</span> <span class='ocrx_word' id='word_1_87' title='bbox 642 1532 699 1592; x_wconf 75' lang='lat' dir='ltr'><strong>teti</strong></span> <span class='ocrx_word' id='word_1_88' title='bbox 708 1530 806 1599; x_wconf 70' lang='grc' dir='ltr'>ἔλεξεν·</span> <span class='ocrx_word' id='word_1_89' title='bbox 817 1558 831 1583; x_wconf 79' lang='grc' dir='ltr'><strong>ιι</strong></span> <span class='ocrx_word' id='word_1_90' title='bbox 842 1530 936 1591; x_wconf 84' lang='grc' dir='ltr'>Ἐπει-</span> 
     </span>
     <span class='ocr_line' id='line_1_14' title="bbox 163 1620 935 1705; baseline -0.018 -16"><span class='ocrx_word' id='word_1_91' title='bbox 163 1657 176 1682; x_wconf 77' lang='grc' dir='ltr'><strong>ε</strong></span> <span class='ocrx_word' id='word_1_92' title='bbox 196 1629 229 1702; x_wconf 80' lang='grc' dir='ltr'><strong>δὴ</strong></span> <span class='ocrx_word' id='word_1_93' title='bbox 247 1629 277 1689; x_wconf 79' lang='grc' dir='ltr'><strong>τὸ</strong></span> <span class='ocrx_word' id='word_1_94' title='bbox 295 1627 437 1705; x_wconf 77' lang='grc' dir='ltr'>δημοτικὸν</span> <span class='ocrx_word' id='word_1_95' title='bbox 452 1627 551 1697; x_wconf 82' lang='grc' dir='ltr'>πλῆθος</span> <span class='ocrx_word' id='word_1_96' title='bbox 567 1626 594 1682; x_wconf 76' lang='grc' dir='ltr'>ἐν</span> <span class='ocrx_word' id='word_1_97' title='bbox 608 1625 645 1702; x_wconf 78' lang='grc' dir='ltr'><strong>τῷ</strong></span> <span class='ocrx_word' id='word_1_98' title='bbox 660 1620 816 1701; x_wconf 81' lang='grc' dir='ltr'>παρελθόντι</span> <span class='ocrx_word' id='word_1_99' title='bbox 826 1621 935 1697; x_wconf 68' lang='grc' dir='ltr'>ἐνιαυτῷ</span> 
     </span>
     <span class='ocr_line' id='line_1_15' title="bbox 164 1709 937 1796; baseline -0.018 -17"><span class='ocrx_word' id='word_1_100' title='bbox 164 1747 177 1773; x_wconf 84' lang='grc' dir='ltr'><strong>ιι</strong></span> <span class='ocrx_word' id='word_1_101' title='bbox 194 1716 342 1796; x_wconf 70' lang='grc' dir='ltr'>προθυμίαν</span> <span class='ocrx_word' id='word_1_102' title='bbox 354 1714 481 1785; x_wconf 85' lang='grc' dir='ltr'>πλείστην</span> <span class='ocrx_word' id='word_1_103' title='bbox 493 1715 528 1779; x_wconf 81' lang='grc' dir='ltr'><strong>εἰς</strong></span> <span class='ocrx_word' id='word_1_104' title='bbox 542 1710 600 1778; x_wconf 78' lang='grc' dir='ltr'>τοὺς</span> <span class='ocrx_word' id='word_1_105' title='bbox 614 1709 681 1792; x_wconf 78' lang='grc' dir='ltr'>ῦπδρ</span> <span class='ocrx_word' id='word_1_106' title='bbox 692 1715 740 1782; x_wconf 79' lang='grc' dir='ltr'><strong>τῆς</strong></span> <span class='ocrx_word' id='word_1_107' title='bbox 754 1709 855 1776; x_wconf 89' lang='grc' dir='ltr'>πόλεως</span> <span class='ocrx_word' id='word_1_108' title='bbox 867 1711 937 1786; x_wconf 69' lang='lat' dir='ltr'><strong>spb-</strong></span> 
     </span>
     <span class='ocr_line' id='line_1_16' title="bbox 106 1797 937 1877; baseline -0.02 -7"><span class='ocrx_word' id='word_1_109' title='bbox 106 1829 143 1870; x_wconf 77' lang='grc' dir='ltr'><strong>ιε’</strong></span> <span class='ocrx_word' id='word_1_110' title='bbox 164 1835 178 1862; x_wconf 81' lang='grc' dir='ltr'><strong>ι</strong></span> <span class='ocrx_word' id='word_1_111' title='bbox 198 1831 244 1874; x_wconf 82' lang='grc' dir='ltr'><strong>νας</strong></span> <span class='ocrx_word' id='word_1_112' title='bbox 256 1804 425 1876; x_wconf 89' lang='grc' dir='ltr'>ἀπεδείξατο,</span> <span class='ocrx_word' id='word_1_113' title='bbox 435 1800 612 1866; x_wconf 78' lang='grc' dir='ltr'>Οὐολούσκοις</span> <span class='ocrx_word' id='word_1_114' title='bbox 626 1798 671 1858; x_wconf 78' lang='grc' dir='ltr'>καί</span> <span class='ocrx_word' id='word_1_115' title='bbox 686 1797 839 1877; x_wconf 75' lang='grc' dir='ltr'>Ἀρούγκοις</span> <span class='ocrx_word' id='word_1_116' title='bbox 852 1798 937 1874; x_wconf 78' lang='grc' dir='ltr'>πολλῇ</span> 
     </span>
     <span class='ocr_line' id='line_1_17' title="bbox 164 1885 939 1975; baseline -0.021 -18"><span class='ocrx_word' id='word_1_117' title='bbox 164 1924 178 1950; x_wconf 76' lang='grc' dir='ltr'><strong>ι</strong></span> <span class='ocrx_word' id='word_1_118' title='bbox 196 1903 308 1975; x_wconf 72' lang='grc' dir='ltr'>στρατιᾷ</span> <span class='ocrx_word' id='word_1_119' title='bbox 323 1896 440 1953; x_wconf 74' lang='grc' dir='ltr'>ἐπιοῦσιν</span> <span class='ocrx_word' id='word_1_120' title='bbox 454 1888 656 1964; x_wconf 75' lang='grc' dir='ltr'>ἀντιταξάμενον</span> <span class='ocrx_word' id='word_1_121' title='bbox 671 1890 728 1963; x_wconf 84' lang='grc' dir='ltr'>μεθ’</span> <span class='ocrx_word' id='word_1_122' title='bbox 740 1889 834 1963; x_wconf 77' lang='grc' dir='ltr'>ἡμῶν,</span> <span class='ocrx_word' id='word_1_123' title='bbox 850 1885 939 1960; x_wconf 88' lang='grc' dir='ltr'>οίομαι</span> 
     </span>
     <span class='ocr_line' id='line_1_18' title="bbox 163 1973 938 2061; baseline -0.017 -18"><span class='ocrx_word' id='word_1_124' title='bbox 163 2007 178 2042; x_wconf 91' lang='grc' dir='ltr'><strong>ιι</strong></span> <span class='ocrx_word' id='word_1_125' title='bbox 195 1985 249 2043; x_wconf 86' lang='grc' dir='ltr'>δεῖν</span> <span class='ocrx_word' id='word_1_126' title='bbox 273 1981 332 2051; x_wconf 80' lang='grc' dir='ltr'>τοῦς</span> <span class='ocrx_word' id='word_1_127' title='bbox 353 1978 547 2061; x_wconf 89' lang='grc' dir='ltr'>συναραμένους</span> <span class='ocrx_word' id='word_1_128' title='bbox 569 1979 633 2055; x_wconf 79' lang='grc' dir='ltr'>ἡμῖν</span> <span class='ocrx_word' id='word_1_129' title='bbox 650 1978 707 2035; x_wconf 87' lang='grc' dir='ltr'>τότε</span> <span class='ocrx_word' id='word_1_130' title='bbox 721 1973 767 2032; x_wconf 88' lang='grc' dir='ltr'>καί</span> <span class='ocrx_word' id='word_1_131' title='bbox 784 1975 864 2032; x_wconf 85' lang='grc' dir='ltr'>τῶνδε</span> <span class='ocrx_word' id='word_1_132' title='bbox 887 1977 938 2031; x_wconf 84' lang='grc' dir='ltr'><strong>τῶν</strong></span> 
     </span>
     <span class='ocr_line' id='line_1_19' title="bbox 165 2061 940 2149; baseline -0.012 -22"><span class='ocrx_word' id='word_1_133' title='bbox 165 2100 178 2127; x_wconf 86' lang='grc' dir='ltr'><strong>ι</strong></span> <span class='ocrx_word' id='word_1_134' title='bbox 197 2072 323 2149; x_wconf 79' lang='grc' dir='ltr'>πολέμων</span> <span class='ocrx_word' id='word_1_135' title='bbox 347 2070 527 2149; x_wconf 84' lang='grc' dir='ltr'>μετασχόντας</span> <span class='ocrx_word' id='word_1_136' title='bbox 545 2070 681 2148; x_wconf 81' lang='grc' dir='ltr'>ἀρεῖσθαι,</span> <span class='ocrx_word' id='word_1_137' title='bbox 697 2063 744 2122; x_wconf 76' lang='grc' dir='ltr'>καί</span> <span class='ocrx_word' id='word_1_138' title='bbox 759 2061 870 2137; x_wconf 85' lang='grc' dir='ltr'>μηδενὸς</span> <span class='ocrx_word' id='word_1_139' title='bbox 889 2062 940 2119; x_wconf 86' lang='grc' dir='ltr'>αὗ-</span> 
     </span>
     <span class='ocr_line' id='line_1_20' title="bbox 165 2151 940 2236; baseline -0.015 -16"><span class='ocrx_word' id='word_1_140' title='bbox 165 2189 179 2215; x_wconf 89' lang='grc' dir='ltr'><strong>ιι</strong></span> <span class='ocrx_word' id='word_1_141' title='bbox 195 2165 247 2220; x_wconf 81' lang='grc' dir='ltr'><strong>τῶν</strong></span> <span class='ocrx_word' id='word_1_142' title='bbox 264 2160 332 2236; x_wconf 77' lang='grc' dir='ltr'>μήτε</span> <span class='ocrx_word' id='word_1_143' title='bbox 340 2158 370 2217; x_wconf 82' lang='grc' dir='ltr'><strong>τὸ</strong></span> <span class='ocrx_word' id='word_1_144' title='bbox 380 2161 458 2236; x_wconf 81' lang='grc' dir='ltr'>σῶμα</span> <span class='ocrx_word' id='word_1_145' title='bbox 471 2156 540 2234; x_wconf 78' lang='grc' dir='ltr'>μήτε</span> <span class='ocrx_word' id='word_1_146' title='bbox 548 2154 596 2227; x_wconf 81' lang='grc' dir='ltr'><strong>σλν</strong></span> <span class='ocrx_word' id='word_1_147' title='bbox 609 2152 699 2213; x_wconf 74' lang='lat' dir='ltr'><strong>statas</strong></span> <span class='ocrx_word' id='word_1_148' title='bbox 706 2152 758 2211; x_wconf 75' lang='grc' dir='ltr'>ὑπὸ</span> <span class='ocrx_word' id='word_1_149' title='bbox 768 2154 821 2209; x_wconf 84' lang='grc' dir='ltr'><strong>τῶν</strong></span> <span class='ocrx_word' id='word_1_150' title='bbox 831 2151 940 2209; x_wconf 85' lang='grc' dir='ltr'>δανεισ-</span> 
     </span>
     <span class='ocr_line' id='line_1_21' title="bbox 106 2229 940 2328; baseline -0.017 -18"><span class='ocrx_word' id='word_1_151' title='bbox 106 2269 137 2310; x_wconf 77' lang='lat' dir='ltr'><strong>ao</strong></span> <span class='ocrx_word' id='word_1_152' title='bbox 166 2276 179 2304; x_wconf 89' lang='grc' dir='ltr'><strong>ιι</strong></span> <span class='ocrx_word' id='word_1_153' title='bbox 194 2255 246 2309; x_wconf 84' lang='grc' dir='ltr'><strong>τῶν</strong></span> <span class='ocrx_word' id='word_1_154' title='bbox 257 2248 425 2328; x_wconf 80' lang='grc' dir='ltr'>κρατεῖσθαι·</span> <span class='ocrx_word' id='word_1_155' title='bbox 437 2244 467 2305; x_wconf 86' lang='grc' dir='ltr'><strong>τδ</strong></span> <span class='ocrx_word' id='word_1_156' title='bbox 481 2243 509 2302; x_wconf 81' lang='grc' dir='ltr'>δέ</span> <span class='ocrx_word' id='word_1_157' title='bbox 517 2243 580 2302; x_wconf 65' lang='lat' dir='ltr'><strong>abab</strong></span> <span class='ocrx_word' id='word_1_158' title='bbox 590 2243 689 2302; x_wconf 86' lang='grc' dir='ltr'>δίκαιον</span> <span class='ocrx_word' id='word_1_159' title='bbox 704 2229 770 2299; x_wconf 80' lang='grc' dir='ltr'>ιίναι</span> <span class='ocrx_word' id='word_1_160' title='bbox 780 2237 826 2297; x_wconf 82' lang='grc' dir='ltr'>καί</span> <span class='ocrx_word' id='word_1_161' title='bbox 837 2243 940 2317; x_wconf 80' lang='grc' dir='ltr'>γονεῦσι</span> 
     </span>
     <span class='ocr_line' id='line_1_22' title="bbox 166 2325 941 2414; baseline -0.014 -20"><span class='ocrx_word' id='word_1_162' title='bbox 166 2366 180 2394; x_wconf 80' lang='grc' dir='ltr'><strong>ι</strong></span> <span class='ocrx_word' id='word_1_163' title='bbox 196 2346 248 2406; x_wconf 84' lang='grc' dir='ltr'>τοῖς</span> <span class='ocrx_word' id='word_1_164' title='bbox 263 2336 363 2397; x_wconf 82' lang='grc' dir='ltr'>τούτων</span> <span class='ocrx_word' id='word_1_165' title='bbox 384 2334 448 2414; x_wconf 86' lang='grc' dir='ltr'>ἀχρι</span> <span class='ocrx_word' id='word_1_166' title='bbox 463 2331 509 2391; x_wconf 79' lang='grc' dir='ltr'>καί</span> <span class='ocrx_word' id='word_1_167' title='bbox 527 2330 644 2391; x_wconf 89' lang='grc' dir='ltr'>πάππων</span> <span class='ocrx_word' id='word_1_168' title='bbox 659 2327 703 2388; x_wconf 77' lang='grc' dir='ltr'>καί</span> <span class='ocrx_word' id='word_1_169' title='bbox 717 2325 809 2386; x_wconf 83' lang='grc' dir='ltr'>παισίν</span> <span class='ocrx_word' id='word_1_170' title='bbox 830 2325 878 2394; x_wconf 78' lang='grc' dir='ltr'><strong>ἕως</strong></span> <span class='ocrx_word' id='word_1_171' title='bbox 897 2328 941 2401; x_wconf 87' lang='grc' dir='ltr'>έγ-</span> 
     </span>
     <span class='ocr_line' id='line_1_23' title="bbox 167 2409 941 2504; baseline -0.017 -18"><span class='ocrx_word' id='word_1_172' title='bbox 167 2456 179 2480; x_wconf 87' lang='grc' dir='ltr'><strong>ιι</strong></span> <span class='ocrx_word' id='word_1_173' title='bbox 198 2426 294 2504; x_wconf 80' lang='grc' dir='ltr'>γόνων·</span> <span class='ocrx_word' id='word_1_174' title='bbox 307 2423 367 2491; x_wconf 83' lang='grc' dir='ltr'>τοῦς</span> <span class='ocrx_word' id='word_1_175' title='bbox 381 2421 410 2483; x_wconf 73' lang='grc' dir='ltr'>δέ</span> <span class='ocrx_word' id='word_1_176' title='bbox 431 2421 526 2489; x_wconf 86' lang='grc' dir='ltr'>ἀλλους</span> <span class='ocrx_word' id='word_1_177' title='bbox 540 2419 691 2498; x_wconf 79' lang='grc' dir='ltr'>ἀγωγίμους</span> <span class='ocrx_word' id='word_1_178' title='bbox 710 2409 846 2484; x_wconf 72' lang='grc' dir='ltr'>εἶναιτοῖς</span> <span class='ocrx_word' id='word_1_179' title='bbox 868 2416 941 2475; x_wconf 87' lang='grc' dir='ltr'>δεδα·</span> 
     </span>
     <span class='ocr_line' id='line_1_24' title="bbox 167 2504 939 2589; baseline -0.01 -18"><span class='ocrx_word' id='word_1_180' title='bbox 167 2543 181 2571; x_wconf 79' lang='grc' dir='ltr'><strong>ι</strong></span> <span class='ocrx_word' id='word_1_181' title='bbox 198 2515 310 2574; x_wconf 89' lang='grc' dir='ltr'>νεικόσιν</span> <span class='ocrx_word' id='word_1_182' title='bbox 321 2559 330 2589; x_wconf 88' lang='grc'>,</span> <span class='ocrx_word' id='word_1_183' title='bbox 341 2517 377 2580; x_wconf 85' lang='grc' dir='ltr'><strong>ώς</strong></span> <span class='ocrx_word' id='word_1_184' title='bbox 391 2510 511 2579; x_wconf 74' lang='grc' dir='ltr'>ἑκάστοις</span> <span class='ocrx_word' id='word_1_185' title='bbox 525 2508 702 2569; x_wconf 77' lang='grc' dir='ltr'>συνέόοιλον.»</span> <span class='ocrx_word' id='word_1_186' title='bbox 725 2504 803 2567; x_wconf 76' lang='lat' dir='ltr'><strong>Mardi</strong></span> <span class='ocrx_word' id='word_1_187' title='bbox 816 2504 939 2564; x_wconf 74' lang='grc' dir='ltr'>δὲταῦτα</span> 
     </span>
     <span class='ocr_line' id='line_1_25' title="bbox 166 2585 942 2680; baseline -0.017 -16"><span class='ocrx_word' id='word_1_188' title='bbox 166 2629 181 2658; x_wconf 86' lang='grc' dir='ltr'>α</span> <span class='ocrx_word' id='word_1_189' title='bbox 196 2605 278 2671; x_wconf 79' lang='grc' dir='ltr'>Τῖτος</span> <span class='ocrx_word' id='word_1_190' title='bbox 293 2601 405 2680; x_wconf 80' lang='grc' dir='ltr'>Λάρκιος</span> <span class='ocrx_word' id='word_1_191' title='bbox 426 2590 514 2659; x_wconf 71' lang='grc' dir='ltr'>εἶπεν·</span> <span class='ocrx_word' id='word_1_192' title='bbox 529 2624 541 2651; x_wconf 82' lang='grc' dir='ltr'><strong>ι</strong></span> <span class='ocrx_word' id='word_1_193' title='bbox 555 2598 633 2676; x_wconf 78' lang='grc' dir='ltr'>Ἐμοί</span> <span class='ocrx_word' id='word_1_194' title='bbox 653 2596 697 2669; x_wconf 80' lang='grc' dir='ltr'><strong>δί,</strong></span> <span class='ocrx_word' id='word_1_195' title='bbox 721 2585 743 2655; x_wconf 84' lang='grc' dir='ltr'>ώ</span> <span class='ocrx_word' id='word_1_196' title='bbox 759 2590 855 2675; x_wconf 84' lang='grc' dir='ltr'>βουλὴ,</span> <span class='ocrx_word' id='word_1_197' title='bbox 871 2594 942 2653; x_wconf 88' lang='grc' dir='ltr'>δοκεῖ</span> 
     </span>
     <span class='ocr_line' id='line_1_26' title="bbox 108 2681 941 2772; baseline -0.014 -20"><span class='ocrx_word' id='word_1_198' title='bbox 108 2705 137 2747; x_wconf 70' lang='lat' dir='ltr'><strong>tt</strong></span> <span class='ocrx_word' id='word_1_199' title='bbox 170 2692 356 2772; x_wconf 71' lang='grc' dir='ltr'>«κράτιστον,</span> <span class='ocrx_word' id='word_1_200' title='bbox 377 2689 509 2768; x_wconf 77' lang='grc' dir='ltr'>μὴμόνον</span> <span class='ocrx_word' id='word_1_201' title='bbox 531 2685 590 2756; x_wconf 79' lang='grc' dir='ltr'>τοῦς</span> <span class='ocrx_word' id='word_1_202' title='bbox 614 2691 641 2747; x_wconf 83' lang='grc' dir='ltr'><strong>έν</strong></span> <span class='ocrx_word' id='word_1_203' title='bbox 654 2695 709 2753; x_wconf 86' lang='grc' dir='ltr'>τοῖς</span> <span class='ocrx_word' id='word_1_204' title='bbox 731 2683 857 2761; x_wconf 78' lang='grc' dir='ltr'>πολέμοις</span> <span class='ocrx_word' id='word_1_205' title='bbox 874 2681 941 2764; x_wconf 73' lang='grc' dir='ltr'>[ἀν-</span> 
     </span>
     <span class='ocr_line' id='line_1_27' title="bbox 169 2773 940 2859; baseline -0.001 -25"><span class='ocrx_word' id='word_1_206' title='bbox 169 2781 281 2859; x_wconf 79' lang='grc' dir='ltr'>ιδρας]</span> <span class='ocrx_word' id='word_1_207' title='bbox 306 2777 418 2857; x_wconf 83' lang='grc' dir='ltr'>ἀγαθοῦς</span> <span class='ocrx_word' id='word_1_208' title='bbox 437 2774 605 2854; x_wconf 86' lang='grc' dir='ltr'>γενομένους,</span> <span class='ocrx_word' id='word_1_209' title='bbox 633 2775 702 2836; x_wconf 85' lang='grc' dir='ltr'><strong>ἀλλά</strong></span> <span class='ocrx_word' id='word_1_210' title='bbox 725 2774 771 2834; x_wconf 79' lang='grc' dir='ltr'>καί</span> <span class='ocrx_word' id='word_1_211' title='bbox 790 2774 834 2833; x_wconf 85' lang='grc' dir='ltr'><strong>τδν</strong></span> <span class='ocrx_word' id='word_1_212' title='bbox 861 2773 940 2833; x_wconf 83' lang='grc' dir='ltr'>ἀλλον</span> 
     </span>
     <span class='ocr_line' id='line_1_28' title="bbox 164 2862 937 2946; baseline -0.003 -19"><span class='ocrx_word' id='word_1_213' title='bbox 164 2896 176 2920; x_wconf 88' lang='grc' dir='ltr'><strong>ιι</strong></span> <span class='ocrx_word' id='word_1_214' title='bbox 192 2868 299 2927; x_wconf 77' lang='grc' dir='ltr'>ἅπαντα</span> <span class='ocrx_word' id='word_1_215' title='bbox 314 2869 398 2943; x_wconf 79' lang='grc' dir='ltr'>δῆμον</span> <span class='ocrx_word' id='word_1_216' title='bbox 409 2865 544 2946; x_wconf 79' lang='grc' dir='ltr'>ἐλεύθερον</span> <span class='ocrx_word' id='word_1_217' title='bbox 557 2867 608 2922; x_wconf 89' lang='grc' dir='ltr'>τιῦν</span> <span class='ocrx_word' id='word_1_218' title='bbox 620 2862 790 2943; x_wconf 80' lang='grc' dir='ltr'>συμόολαίων</span> <span class='ocrx_word' id='word_1_219' title='bbox 805 2865 937 2943; x_wconf 84' lang='grc' dir='ltr'>ἀρεῖσθαι.</span> 
     </span>
     <span class='ocr_line' id='line_1_29' title="bbox 166 2952 940 3036; baseline -0.01 -17"><span class='ocrx_word' id='word_1_220' title='bbox 166 2984 180 3011; x_wconf 80' lang='grc' dir='ltr'><strong>ει</strong></span> <span class='ocrx_word' id='word_1_221' title='bbox 200 2957 294 3026; x_wconf 81' lang='grc' dir='ltr'>Μίνως</span> <span class='ocrx_word' id='word_1_222' title='bbox 311 2955 362 3036; x_wconf 86' lang='grc' dir='ltr'><strong>γάρ</strong></span> <span class='ocrx_word' id='word_1_223' title='bbox 382 2956 415 3014; x_wconf 82' lang='grc' dir='ltr'><strong>ἀν</strong></span> <span class='ocrx_word' id='word_1_224' title='bbox 436 2954 518 3021; x_wconf 75' lang='grc' dir='ltr'>οὕτως</span> <span class='ocrx_word' id='word_1_225' title='bbox 535 2952 599 3024; x_wconf 64' lang='lat' dir='ltr'><strong>atvs</strong></span> <span class='ocrx_word' id='word_1_226' title='bbox 615 2952 662 3026; x_wconf 78' lang='grc' dir='ltr'><strong>τλν</strong></span> <span class='ocrx_word' id='word_1_227' title='bbox 681 2954 758 3012; x_wconf 91' lang='grc' dir='ltr'>πόλιν</span> <span class='ocrx_word' id='word_1_228' title='bbox 780 2957 940 3030; x_wconf 83' lang='grc' dir='ltr'>ὁμονοοῦσαν</span> 
     </span>
     <span class='ocr_line' id='line_1_30' title="bbox 167 3040 942 3127; baseline -0.008 -21"><span class='ocrx_word' id='word_1_229' title='bbox 167 3074 181 3099; x_wconf 80' lang='grc' dir='ltr'><strong>ι</strong></span> <span class='ocrx_word' id='word_1_230' title='bbox 198 3044 458 3127; x_wconf 74' lang='grc' dir='ltr'>ἀπεργασαίμιθα.ν</span> <span class='ocrx_word' id='word_1_231' title='bbox 500 3043 595 3122; x_wconf 83' lang='grc' dir='ltr'>Τρίτος</span> <span class='ocrx_word' id='word_1_232' title='bbox 616 3042 643 3101; x_wconf 76' lang='grc' dir='ltr'>δέ</span> <span class='ocrx_word' id='word_1_233' title='bbox 668 3040 807 3122; x_wconf 82' lang='grc' dir='ltr'>παρελθὼν</span> <span class='ocrx_word' id='word_1_234' title='bbox 829 3040 942 3110; x_wconf 79' lang='grc' dir='ltr'>Ἄππιος</span> 
     </span>
     <span class='ocr_line' id='line_1_31' title="bbox 110 3131 942 3214; baseline -0.01 -18"><span class='ocrx_word' id='word_1_235' title='bbox 110 3142 138 3182; x_wconf 74' lang='lat'><strong>³⁰</strong></span> <span class='ocrx_word' id='word_1_236' title='bbox 168 3138 347 3208; x_wconf 73' lang='grc' dir='ltr'>«Κλαύδιος,</span> <span class='ocrx_word' id='word_1_237' title='bbox 374 3138 389 3193; x_wconf 86' lang='grc' dir='ltr'>ό</span> <span class='ocrx_word' id='word_1_238' title='bbox 413 3131 461 3203; x_wconf 73' lang='grc' dir='ltr'><strong>τὴν</strong></span> <span class='ocrx_word' id='word_1_239' title='bbox 487 3131 587 3191; x_wconf 76' lang='grc' dir='ltr'>ὕπατον</span> <span class='ocrx_word' id='word_1_240' title='bbox 611 3132 697 3213; x_wconf 75' lang='grc' dir='ltr'>ἀρχὴν</span> <span class='ocrx_word' id='word_1_241' title='bbox 720 3135 759 3214; x_wconf 83' lang='grc' dir='ltr'><strong>τῷ</strong></span> <span class='ocrx_word' id='word_1_242' title='bbox 786 3132 942 3212; x_wconf 80' lang='grc' dir='ltr'>παρελθόντι</span> 
     </span>
     <span class='ocr_line' id='line_1_32' title="bbox 168 3220 477 3303; baseline -0.016 -19"><span class='ocrx_word' id='word_1_243' title='bbox 168 3251 181 3278; x_wconf 82' lang='grc' dir='ltr'><strong>ε</strong></span> <span class='ocrx_word' id='word_1_244' title='bbox 199 3224 252 3285; x_wconf 78' lang='grc' dir='ltr'>ἔτει</span> <span class='ocrx_word' id='word_1_245' title='bbox 266 3224 355 3303; x_wconf 81' lang='grc' dir='ltr'>σχὼν,</span> <span class='ocrx_word' id='word_1_246' title='bbox 376 3220 477 3290; x_wconf 73' lang='grc' dir='ltr'>ἔλεξεν·</span> 
     </span>
     <span class='ocr_line' id='line_1_33' title="bbox 205 3299 942 3390; baseline -0.011 -13"><span class='ocrx_word' id='word_1_247' title='bbox 205 3315 356 3377; x_wconf 83' lang='lat' dir='ltr'>XXXVIII</span> <span class='ocrx_word' id='word_1_248' title='bbox 379 3340 391 3364; x_wconf 76' lang='grc' dir='ltr'><strong>ι</strong></span> <span class='ocrx_word' id='word_1_249' title='bbox 408 3310 461 3370; x_wconf 83' lang='grc' dir='ltr'><strong>Ἀεὶ</strong></span> <span class='ocrx_word' id='word_1_250' title='bbox 472 3309 536 3389; x_wconf 81' lang='grc' dir='ltr'>μὲν,</span> <span class='ocrx_word' id='word_1_251' title='bbox 549 3299 572 3369; x_wconf 81' lang='grc' dir='ltr'>ώ</span> <span class='ocrx_word' id='word_1_252' title='bbox 586 3308 685 3390; x_wconf 79' lang='grc' dir='ltr'>βουλὴ,</span> <span class='ocrx_word' id='word_1_253' title='bbox 700 3310 792 3379; x_wconf 78' lang='grc' dir='ltr'>ὁσάκις</span> <span class='ocrx_word' id='word_1_254' title='bbox 806 3308 942 3390; x_wconf 77' lang='grc' dir='ltr'>ῦπέρτοώ-</span> 
     </span>
     <span class='ocr_line' id='line_1_34' title="bbox 168 3397 941 3483; baseline -0.001 -25"><span class='ocrx_word' id='word_1_255' title='bbox 168 3430 182 3458; x_wconf 79' lang='grc' dir='ltr'><strong>ι</strong></span> <span class='ocrx_word' id='word_1_256' title='bbox 200 3428 251 3462; x_wconf 92' lang='grc' dir='ltr'><strong>των</strong></span> <span class='ocrx_word' id='word_1_257' title='bbox 267 3401 398 3483; x_wconf 79' lang='grc' dir='ltr'>προύτέθη</span> <span class='ocrx_word' id='word_1_258' title='bbox 418 3402 512 3478; x_wconf 85' lang='grc' dir='ltr'>λόγος,</span> <span class='ocrx_word' id='word_1_259' title='bbox 529 3398 571 3460; x_wconf 77' lang='grc' dir='ltr'>ἐπί</span> <span class='ocrx_word' id='word_1_260' title='bbox 597 3405 644 3470; x_wconf 84' lang='grc' dir='ltr'><strong>τῆς</strong></span> <span class='ocrx_word' id='word_1_261' title='bbox 662 3402 740 3470; x_wconf 78' lang='grc' dir='ltr'>αὐτῆς</span> <span class='ocrx_word' id='word_1_262' title='bbox 751 3402 806 3476; x_wconf 79' lang='grc' dir='ltr'>εἶμι</span> <span class='ocrx_word' id='word_1_263' title='bbox 823 3397 941 3476; x_wconf 80' lang='grc' dir='ltr'>γνώμης,</span> 
     </span>
     <span class='ocr_line' id='line_1_35' title="bbox 169 3485 945 3571; baseline -0.003 -24"><span class='ocrx_word' id='word_1_264' title='bbox 169 3516 184 3547; x_wconf 88' lang='grc' dir='ltr'>α</span> <span class='ocrx_word' id='word_1_265' title='bbox 200 3491 238 3570; x_wconf 73' lang='grc' dir='ltr'>μὴ</span> <span class='ocrx_word' id='word_1_266' title='bbox 254 3489 404 3571; x_wconf 81' lang='grc' dir='ltr'>ἀπιτρέπειν</span> <span class='ocrx_word' id='word_1_267' title='bbox 422 3491 460 3569; x_wconf 78' lang='grc' dir='ltr'><strong>τῷ</strong></span> <span class='ocrx_word' id='word_1_268' title='bbox 477 3486 554 3568; x_wconf 80' lang='grc' dir='ltr'>δήμῳ</span> <span class='ocrx_word' id='word_1_269' title='bbox 570 3485 651 3564; x_wconf 76' lang='grc' dir='ltr'>μηδὲν</span> <span class='ocrx_word' id='word_1_270' title='bbox 670 3489 721 3544; x_wconf 82' lang='grc' dir='ltr'><strong>τῶν</strong></span> <span class='ocrx_word' id='word_1_271' title='bbox 740 3486 912 3561; x_wconf 76' lang='grc' dir='ltr'>ἀξιουμένων,</span> <span class='ocrx_word' id='word_1_272' title='bbox 930 3486 945 3545; x_wconf 81' lang='grc' dir='ltr'>ὅ</span> 
     </span>
     <span class='ocr_line' id='line_1_36' title="bbox 113 3574 944 3656; baseline -0.011 -15"><span class='ocrx_word' id='word_1_273' title='bbox 113 3582 139 3621; x_wconf 73' lang='lat'><strong>³⁶</strong></span> <span class='ocrx_word' id='word_1_274' title='bbox 171 3608 184 3633; x_wconf 80' lang='grc' dir='ltr'><strong>ε</strong></span> <span class='ocrx_word' id='word_1_275' title='bbox 202 3604 229 3640; x_wconf 93' lang='grc' dir='ltr'><strong>τι</strong></span> <span class='ocrx_word' id='word_1_276' title='bbox 243 3580 280 3656; x_wconf 78' lang='grc' dir='ltr'>μὴ</span> <span class='ocrx_word' id='word_1_277' title='bbox 293 3580 404 3656; x_wconf 91' lang='grc' dir='ltr'>νόμιμον</span> <span class='ocrx_word' id='word_1_278' title='bbox 421 3576 488 3653; x_wconf 78' lang='grc' dir='ltr'>μηδὲ</span> <span class='ocrx_word' id='word_1_279' title='bbox 509 3575 603 3643; x_wconf 79' lang='grc' dir='ltr'>καλὸν,</span> <span class='ocrx_word' id='word_1_280' title='bbox 620 3574 686 3650; x_wconf 82' lang='grc' dir='ltr'>μήτε</span> <span class='ocrx_word' id='word_1_281' title='bbox 709 3574 738 3633; x_wconf 78' lang='grc' dir='ltr'><strong>τὸ</strong></span> <span class='ocrx_word' id='word_1_282' title='bbox 757 3574 879 3656; x_wconf 81' lang='grc' dir='ltr'>ιρρόνημα</span> <span class='ocrx_word' id='word_1_283' title='bbox 897 3580 944 3646; x_wconf 83' lang='grc' dir='ltr'><strong>τῆς</strong></span> 
     </span>
     <span class='ocr_line' id='line_1_37' title="bbox 172 3660 944 3741; baseline -0.01 -14"><span class='ocrx_word' id='word_1_284' title='bbox 172 3697 184 3719; x_wconf 88' lang='grc' dir='ltr'><strong>ιι</strong></span> <span class='ocrx_word' id='word_1_285' title='bbox 201 3668 302 3734; x_wconf 82' lang='grc' dir='ltr'>πολιως</span> <span class='ocrx_word' id='word_1_286' title='bbox 315 3669 455 3741; x_wconf 73' lang='grc' dir='ltr'>ἐλαττοῦν,</span> <span class='ocrx_word' id='word_1_287' title='bbox 474 3663 519 3724; x_wconf 79' lang='grc' dir='ltr'>καὶ</span> <span class='ocrx_word' id='word_1_288' title='bbox 542 3663 601 3722; x_wconf 83' lang='grc' dir='ltr'>οὐδὲ</span> <span class='ocrx_word' id='word_1_289' title='bbox 619 3668 664 3720; x_wconf 86' lang='grc' dir='ltr'><strong>νῦν</strong></span> <span class='ocrx_word' id='word_1_290' title='bbox 689 3660 879 3741; x_wconf 85' lang='grc' dir='ltr'>μεταγινώσκω</span> <span class='ocrx_word' id='word_1_291' title='bbox 892 3664 944 3720; x_wconf 81' lang='grc' dir='ltr'><strong>τῶν</strong></span> 
     </span>
     <span class='ocr_line' id='line_1_38' title="bbox 170 3748 944 3835; baseline -0.005 -24"><span class='ocrx_word' id='word_1_292' title='bbox 170 3784 185 3811; x_wconf 87' lang='grc' dir='ltr'><strong>ιι</strong></span> <span class='ocrx_word' id='word_1_293' title='bbox 213 3756 241 3825; x_wconf 80' lang='grc' dir='ltr'>έξ</span> <span class='ocrx_word' id='word_1_294' title='bbox 264 3758 347 3835; x_wconf 83' lang='grc' dir='ltr'>ἀρχῆς</span> <span class='ocrx_word' id='word_1_295' title='bbox 369 3778 415 3833; x_wconf 91' lang='grc' dir='ltr'><strong>μοι</strong></span> <span class='ocrx_word' id='word_1_296' title='bbox 435 3752 568 3835; x_wconf 84' lang='grc' dir='ltr'>ρανέντων</span> <span class='ocrx_word' id='word_1_297' title='bbox 591 3752 676 3810; x_wconf 80' lang='grc' dir='ltr'>οὐδέν.</span> <span class='ocrx_word' id='word_1_298' title='bbox 725 3748 764 3810; x_wconf 87' lang='grc' dir='ltr'>Ἦ</span> <span class='ocrx_word' id='word_1_299' title='bbox 783 3748 890 3807; x_wconf 88' lang='grc' dir='ltr'>πάντων</span> <span class='ocrx_word' id='word_1_300' title='bbox 912 3748 944 3807; x_wconf 82' lang='grc' dir='ltr'><strong>ἀν</strong></span> 
     </span>
     <span class='ocr_line' id='line_1_39' title="bbox 170 3837 944 3924; baseline -0.006 -20"><span class='ocrx_word' id='word_1_301' title='bbox 170 3873 183 3898; x_wconf 77' lang='grc' dir='ltr'><strong>ι</strong></span> <span class='ocrx_word' id='word_1_302' title='bbox 200 3843 256 3919; x_wconf 78' lang='grc' dir='ltr'>εἴην</span> <span class='ocrx_word' id='word_1_303' title='bbox 276 3845 420 3922; x_wconf 88' lang='grc' dir='ltr'>ἀνθρώπων</span> <span class='ocrx_word' id='word_1_304' title='bbox 432 3841 636 3924; x_wconf 76' lang='grc' dir='ltr'>ἀφρονέστατος,</span> <span class='ocrx_word' id='word_1_305' title='bbox 658 3842 682 3899; x_wconf 81' lang='grc' dir='ltr'><strong>εἰ</strong></span> <span class='ocrx_word' id='word_1_306' title='bbox 696 3838 790 3920; x_wconf 87' lang='grc' dir='ltr'>πέρυσι</span> <span class='ocrx_word' id='word_1_307' title='bbox 806 3837 854 3914; x_wconf 80' lang='grc' dir='ltr'><strong>μέν</strong></span> <span class='ocrx_word' id='word_1_308' title='bbox 873 3837 944 3899; x_wconf 71' lang='grc' dir='ltr'>ὅπα·</span> 
     </span>
     <span class='ocr_line' id='line_1_40' title="bbox 169 3928 946 4013; baseline -0.001 -24"><span class='ocrx_word' id='word_1_309' title='bbox 169 3959 184 3989; x_wconf 92' lang='grc' dir='ltr'>α</span> <span class='ocrx_word' id='word_1_310' title='bbox 205 3957 250 4001; x_wconf 88' lang='grc' dir='ltr'><strong>τος</strong></span> <span class='ocrx_word' id='word_1_311' title='bbox 274 3930 327 4013; x_wconf 71' lang='grc' dir='ltr'>ὢν,</span> <span class='ocrx_word' id='word_1_312' title='bbox 348 3930 566 4012; x_wconf 86' lang='grc' dir='ltr'>ἀντιπράττοντός</span> <span class='ocrx_word' id='word_1_313' title='bbox 589 3952 634 4006; x_wconf 92' lang='grc' dir='ltr'><strong>μοι</strong></span> <span class='ocrx_word' id='word_1_314' title='bbox 657 3934 703 3988; x_wconf 89' lang='grc' dir='ltr'><strong>τοῦ</strong></span> <span class='ocrx_word' id='word_1_315' title='bbox 727 3928 876 3988; x_wconf 86' lang='grc' dir='ltr'>συνυπάτου</span> <span class='ocrx_word' id='word_1_316' title='bbox 899 3929 946 3988; x_wconf 81' lang='grc' dir='ltr'>καί</span> 
     </span>
     <span class='ocr_line' id='line_1_41' title="bbox 114 4018 945 4098; baseline -0.007 -15"><span class='ocrx_word' id='word_1_317' title='bbox 114 4028 142 4068; x_wconf 83' lang='lat'><strong>⁴⁰</strong></span> <span class='ocrx_word' id='word_1_318' title='bbox 171 4051 184 4076; x_wconf 78' lang='grc' dir='ltr'><strong>ι</strong></span> <span class='ocrx_word' id='word_1_319' title='bbox 200 4024 246 4083; x_wconf 81' lang='grc' dir='ltr'><strong>τὸν</strong></span> <span class='ocrx_word' id='word_1_320' title='bbox 262 4023 345 4098; x_wconf 77' lang='grc' dir='ltr'>δῆμον</span> <span class='ocrx_word' id='word_1_321' title='bbox 362 4020 530 4092; x_wconf 81' lang='grc' dir='ltr'>ἀπισείοντος,</span> <span class='ocrx_word' id='word_1_322' title='bbox 548 4020 674 4098; x_wconf 79' lang='grc' dir='ltr'>ἀντέσχον</span> <span class='ocrx_word' id='word_1_323' title='bbox 693 4019 739 4077; x_wconf 89' lang='grc' dir='ltr'>καί</span> <span class='ocrx_word' id='word_1_324' title='bbox 763 4018 880 4094; x_wconf 81' lang='grc' dir='ltr'>διέμεινα</span> <span class='ocrx_word' id='word_1_325' title='bbox 901 4019 945 4079; x_wconf 72' lang='lat' dir='ltr'><strong>tat</strong></span> 
     </span>
     <span class='ocr_line' id='line_1_42' title="bbox 171 4104 945 4189; baseline 0 -25"><span class='ocrx_word' id='word_1_326' title='bbox 171 4137 184 4164; x_wconf 89' lang='grc' dir='ltr'><strong>ιι</strong></span> <span class='ocrx_word' id='word_1_327' title='bbox 203 4113 255 4169; x_wconf 83' lang='grc' dir='ltr'><strong>τῶν</strong></span> <span class='ocrx_word' id='word_1_328' title='bbox 268 4109 448 4189; x_wconf 78' lang='grc' dir='ltr'>ἐγνωσμένων,</span> <span class='ocrx_word' id='word_1_329' title='bbox 460 4105 518 4167; x_wconf 81' lang='grc' dir='ltr'>οὔτε</span> <span class='ocrx_word' id='word_1_330' title='bbox 531 4106 604 4188; x_wconf 81' lang='grc' dir='ltr'>ρόόῳ</span> <span class='ocrx_word' id='word_1_331' title='bbox 614 4105 776 4185; x_wconf 80' lang='grc' dir='ltr'>ἀποτραπεὶς</span> <span class='ocrx_word' id='word_1_332' title='bbox 786 4104 844 4165; x_wconf 83' lang='grc' dir='ltr'>οὔτε</span> <span class='ocrx_word' id='word_1_333' title='bbox 857 4106 945 4178; x_wconf 72' lang='grc' dir='ltr'>δεήσει</span> 
     </span>
     <span class='ocr_line' id='line_1_43' title="bbox 171 4191 945 4277; baseline -0.004 -22"><span class='ocrx_word' id='word_1_334' title='bbox 171 4198 263 4258; x_wconf 72' lang='grc' dir='ltr'>(οὔτε</span> <span class='ocrx_word' id='word_1_335' title='bbox 288 4198 394 4277; x_wconf 78' lang='grc' dir='ltr'>χάρισιν</span> <span class='ocrx_word' id='word_1_336' title='bbox 423 4194 505 4264; x_wconf 83' lang='grc' dir='ltr'>εἴξας·</span> <span class='ocrx_word' id='word_1_337' title='bbox 532 4200 576 4253; x_wconf 88' lang='grc' dir='ltr'><strong>νῦν</strong></span> <span class='ocrx_word' id='word_1_338' title='bbox 598 4194 625 4253; x_wconf 81' lang='grc' dir='ltr'>δέ</span> <span class='ocrx_word' id='word_1_339' title='bbox 647 4192 752 4267; x_wconf 80' lang='grc' dir='ltr'>ἰδιώτης</span> <span class='ocrx_word' id='word_1_340' title='bbox 780 4191 817 4252; x_wconf 78' lang='grc' dir='ltr'>ὢν</span> <span class='ocrx_word' id='word_1_341' title='bbox 839 4194 945 4276; x_wconf 69' lang='grc' dir='ltr'>ῥίψαιμι</span> 
     </span>
     <span class='ocr_line' id='line_1_44' title="bbox 170 4282 945 4365; baseline 0.001 -25"><span class='ocrx_word' id='word_1_342' title='bbox 170 4314 184 4340; x_wconf 84' lang='grc' dir='ltr'><strong>ι</strong></span> <span class='ocrx_word' id='word_1_343' title='bbox 203 4288 318 4365; x_wconf 77' lang='grc' dir='ltr'>ἐμαυτὸν</span> <span class='ocrx_word' id='word_1_344' title='bbox 336 4286 381 4345; x_wconf 80' lang='grc' dir='ltr'>καί</span> <span class='ocrx_word' id='word_1_345' title='bbox 395 4286 442 4357; x_wconf 72' lang='grc' dir='ltr'><strong>τὴν</strong></span> <span class='ocrx_word' id='word_1_346' title='bbox 463 4283 611 4365; x_wconf 84' lang='grc' dir='ltr'>παρρησίαν</span> <span class='ocrx_word' id='word_1_347' title='bbox 631 4282 837 4364; x_wconf 87' lang='grc' dir='ltr'>καταπροδοίην.</span> <span class='ocrx_word' id='word_1_348' title='bbox 881 4282 945 4342; x_wconf 64' lang='lat' dir='ltr'><strong>Illas</strong></span> 
     </span>
     <span class='ocr_line' id='line_1_45' title="bbox 171 4371 943 4455; baseline 0.003 -27"><span class='ocrx_word' id='word_1_349' title='bbox 171 4402 184 4428; x_wconf 89' lang='grc' dir='ltr'><strong>ιι</strong></span> <span class='ocrx_word' id='word_1_350' title='bbox 201 4398 252 4452; x_wconf 68' lang='grc' dir='ltr'><strong>μοι</strong></span> <span class='ocrx_word' id='word_1_351' title='bbox 276 4374 306 4433; x_wconf 82' lang='grc' dir='ltr'><strong>τὸ</strong></span> <span class='ocrx_word' id='word_1_352' title='bbox 325 4374 456 4455; x_wconf 74' lang='grc' dir='ltr'>ἐλεύθερον</span> <span class='ocrx_word' id='word_1_353' title='bbox 475 4377 521 4444; x_wconf 81' lang='grc' dir='ltr'><strong>τῆς</strong></span> <span class='ocrx_word' id='word_1_354' title='bbox 540 4377 626 4455; x_wconf 66' lang='grc' dir='ltr'>ψυχῆς</span> <span class='ocrx_word' id='word_1_355' title='bbox 638 4375 711 4449; x_wconf 74' lang='grc' dir='ltr'>ὑμῶν</span> <span class='ocrx_word' id='word_1_356' title='bbox 727 4371 836 4439; x_wconf 77' lang='grc' dir='ltr'>ἕκαστος</span> <span class='ocrx_word' id='word_1_357' title='bbox 851 4372 943 4450; x_wconf 81' lang='grc' dir='ltr'>βούλε-</span> 
     </span>
     <span class='ocr_line' id='line_1_46' title="bbox 116 4460 945 4543; baseline 0 -24"><span class='ocrx_word' id='word_1_358' title='bbox 116 4467 141 4507; x_wconf 72' lang='lat'><strong>⁴⁶</strong></span> <span class='ocrx_word' id='word_1_359' title='bbox 172 4492 185 4519; x_wconf 89' lang='grc' dir='ltr'><strong>ιι</strong></span> <span class='ocrx_word' id='word_1_360' title='bbox 201 4488 245 4523; x_wconf 91' lang='grc' dir='ltr'><strong>ται</strong></span> <span class='ocrx_word' id='word_1_361' title='bbox 262 4464 406 4522; x_wconf 84' lang='grc' dir='ltr'>ἀποκαλεῖν</span> <span class='ocrx_word' id='word_1_362' title='bbox 432 4462 544 4543; x_wconf 84' lang='grc' dir='ltr'>εὐγενές,</span> <span class='ocrx_word' id='word_1_363' title='bbox 568 4461 615 4521; x_wconf 82' lang='grc' dir='ltr'>εἴτ’</span> <span class='ocrx_word' id='word_1_364' title='bbox 638 4462 764 4537; x_wconf 80' lang='grc' dir='ltr'>αὔθαδες,</span> <span class='ocrx_word' id='word_1_365' title='bbox 778 4463 838 4521; x_wconf 80' lang='grc' dir='ltr'>ὅσον</span> <span class='ocrx_word' id='word_1_366' title='bbox 854 4460 887 4520; x_wconf 83' lang='grc' dir='ltr'><strong>ἀν</strong></span> <span class='ocrx_word' id='word_1_367' title='bbox 909 4464 945 4531; x_wconf 81' lang='grc' dir='ltr'><strong>ζιῦ</strong></span> 
     </span>
     <span class='ocr_line' id='line_1_47' title="bbox 170 4549 943 4634; baseline -0.003 -23"><span class='ocrx_word' id='word_1_368' title='bbox 170 4578 184 4606; x_wconf 76' lang='grc' dir='ltr'><strong>ι</strong></span> <span class='ocrx_word' id='word_1_369' title='bbox 201 4553 314 4634; x_wconf 84' lang='grc' dir='ltr'>χρόνον,</span> <span class='ocrx_word' id='word_1_370' title='bbox 328 4549 393 4633; x_wconf 80' lang='grc' dir='ltr'>[οὐκ</span> <span class='ocrx_word' id='word_1_371' title='bbox 408 4552 595 4627; x_wconf 77' lang='grc' dir='ltr'>ἀποστήσομαι</span> <span class='ocrx_word' id='word_1_372' title='bbox 616 4557 660 4609; x_wconf 88' lang='grc' dir='ltr'><strong>τοῦ</strong></span> <span class='ocrx_word' id='word_1_373' title='bbox 677 4550 730 4624; x_wconf 84' lang='grc' dir='ltr'>ἤδη</span> <span class='ocrx_word' id='word_1_374' title='bbox 749 4552 836 4618; x_wconf 84' lang='grc' dir='ltr'>καλῶς</span> <span class='ocrx_word' id='word_1_375' title='bbox 852 4552 943 4628; x_wconf 88' lang='grc' dir='ltr'>δεδογ-</span> 
     </span>
     <span class='ocr_line' id='line_1_48' title="bbox 168 4638 944 4722; baseline -0.004 -21"><span class='ocrx_word' id='word_1_376' title='bbox 168 4667 181 4692; x_wconf 84' lang='lat'><strong>·</strong></span> <span class='ocrx_word' id='word_1_377' title='bbox 197 4641 292 4722; x_wconf 84' lang='grc' dir='ltr'>μένου]</span> <span class='ocrx_word' id='word_1_378' title='bbox 317 4639 435 4700; x_wconf 83' lang='grc' dir='ltr'>οῦδέποτ’</span> <span class='ocrx_word' id='word_1_379' title='bbox 457 4638 553 4708; x_wconf 77' lang='grc' dir='ltr'>εἰσάξω</span> <span class='ocrx_word' id='word_1_380' title='bbox 577 4639 747 4719; x_wconf 82' lang='grc' dir='ltr'>χαριζόμενος</span> <span class='ocrx_word' id='word_1_381' title='bbox 777 4647 833 4707; x_wconf 85' lang='grc' dir='ltr'>τοῖς</span> <span class='ocrx_word' id='word_1_382' title='bbox 854 4648 944 4707; x_wconf 87' lang='grc' dir='ltr'>κακοῖς</span> 
     </span>
     <span class='ocr_line' id='line_1_49' title="bbox 169 4727 943 4810; baseline -0.005 -21"><span class='ocrx_word' id='word_1_383' title='bbox 169 4755 182 4781; x_wconf 79' lang='grc' dir='ltr'><strong>ι</strong></span> <span class='ocrx_word' id='word_1_384' title='bbox 196 4733 282 4810; x_wconf 80' lang='grc' dir='ltr'>χρεῶν</span> <span class='ocrx_word' id='word_1_385' title='bbox 296 4728 451 4804; x_wconf 86' lang='grc' dir='ltr'>ἀποκοπάς,</span> <span class='ocrx_word' id='word_1_386' title='bbox 469 4728 537 4788; x_wconf 83' lang='grc' dir='ltr'><strong>ἀλλά</strong></span> <span class='ocrx_word' id='word_1_387' title='bbox 553 4730 598 4789; x_wconf 83' lang='grc' dir='ltr'>καί</span> <span class='ocrx_word' id='word_1_388' title='bbox 622 4727 687 4807; x_wconf 76' lang='grc' dir='ltr'>πρὸς</span> <span class='ocrx_word' id='word_1_389' title='bbox 706 4728 766 4795; x_wconf 84' lang='grc' dir='ltr'>τοὺς</span> <span class='ocrx_word' id='word_1_390' title='bbox 789 4728 943 4805; x_wconf 79' lang='grc' dir='ltr'>εἰσάγοντας</span> 
     </span>
     <span class='ocr_line' id='line_1_50' title="bbox 172 4816 943 4899; baseline -0.001 -24"><span class='ocrx_word' id='word_1_391' title='bbox 172 4845 185 4871; x_wconf 92' lang='grc' dir='ltr'><strong>ιι</strong></span> <span class='ocrx_word' id='word_1_392' title='bbox 202 4819 283 4887; x_wconf 79' lang='grc' dir='ltr'>αὐτὰς</span> <span class='ocrx_word' id='word_1_393' title='bbox 298 4818 390 4899; x_wconf 81' lang='grc' dir='ltr'>ἀπάση</span> <span class='ocrx_word' id='word_1_394' title='bbox 404 4817 537 4898; x_wconf 75' lang='grc' dir='ltr'>προθυμίαι</span> <span class='ocrx_word' id='word_1_395' title='bbox 551 4816 686 4897; x_wconf 91' lang='grc' dir='ltr'>χρώμενος</span> <span class='ocrx_word' id='word_1_396' title='bbox 708 4816 788 4892; x_wconf 82' lang='grc' dir='ltr'>ὁμόσε</span> <span class='ocrx_word' id='word_1_397' title='bbox 811 4816 943 4894; x_wconf 81' lang='grc' dir='ltr'>χωρήσω·</span> 
     </span>
     <span class='ocr_line' id='line_1_51' title="bbox 114 4902 944 4985; baseline -0.005 -18"><span class='ocrx_word' id='word_1_398' title='bbox 114 4916 141 4955; x_wconf 70' lang='lat'><strong>⁵⁰</strong></span> <span class='ocrx_word' id='word_1_399' title='bbox 171 4907 370 4985; x_wconf 76' lang='grc' dir='ltr'>«λογιζόμενος</span> <span class='ocrx_word' id='word_1_400' title='bbox 397 4906 437 4965; x_wconf 87' lang='grc' dir='ltr'><strong>ότι</strong></span> <span class='ocrx_word' id='word_1_401' title='bbox 461 4915 536 4964; x_wconf 83' lang='grc' dir='ltr'>πᾶσα</span> <span class='ocrx_word' id='word_1_402' title='bbox 562 4906 643 4963; x_wconf 89' lang='grc' dir='ltr'>κακία</span> <span class='ocrx_word' id='word_1_403' title='bbox 673 4903 719 4964; x_wconf 78' lang='grc' dir='ltr'>καί</span> <span class='ocrx_word' id='word_1_404' title='bbox 745 4902 871 4983; x_wconf 71' lang='grc' dir='ltr'>διαφθορά</span> <span class='ocrx_word' id='word_1_405' title='bbox 898 4906 944 4963; x_wconf 82' lang='grc' dir='ltr'>καί</span> 
     </span>
     <span class='ocr_line' id='line_1_52' title="bbox 175 4992 943 5075; baseline -0.003 -21"><span class='ocrx_word' id='word_1_406' title='bbox 175 5024 190 5053; x_wconf 88' lang='grc' dir='ltr'><strong>ιι</strong></span> <span class='ocrx_word' id='word_1_407' title='bbox 205 4996 357 5069; x_wconf 75' lang='grc' dir='ltr'>συλλήόδην</span> <span class='ocrx_word' id='word_1_408' title='bbox 376 4994 512 5075; x_wconf 80' lang='grc' dir='ltr'>ἀνατροπὴ</span> <span class='ocrx_word' id='word_1_409' title='bbox 530 4994 630 5059; x_wconf 83' lang='grc' dir='ltr'>πόλεως</span> <span class='ocrx_word' id='word_1_410' title='bbox 651 4993 704 5052; x_wconf 72' lang='lat' dir='ltr'><strong>tsi</strong></span> <span class='ocrx_word' id='word_1_411' title='bbox 721 4992 879 5072; x_wconf 90' lang='grc' dir='ltr'>χρεοκοπίας</span> <span class='ocrx_word' id='word_1_412' title='bbox 894 4993 943 5073; x_wconf 84' lang='grc' dir='ltr'><strong>ἀρ·</strong></span> 
     </span>
     <span class='ocr_line' id='line_1_53' title="bbox 172 5080 944 5166; baseline -0.008 -21"><span class='ocrx_word' id='word_1_413' title='bbox 172 5111 186 5138; x_wconf 76' lang='grc' dir='ltr'><strong>ι</strong></span> <span class='ocrx_word' id='word_1_414' title='bbox 202 5108 293 5166; x_wconf 87' lang='grc' dir='ltr'>χεται.</span> <span class='ocrx_word' id='word_1_415' title='bbox 336 5084 390 5146; x_wconf 79' lang='grc' dir='ltr'>Καί</span> <span class='ocrx_word' id='word_1_416' title='bbox 406 5084 458 5144; x_wconf 74' lang='lat' dir='ltr'><strong>elas</strong></span> <span class='ocrx_word' id='word_1_417' title='bbox 481 5107 519 5150; x_wconf 87' lang='grc' dir='ltr'><strong>τις</strong></span> <span class='ocrx_word' id='word_1_418' title='bbox 537 5082 589 5141; x_wconf 79' lang='grc' dir='ltr'><strong>ἀπὸ</strong></span> <span class='ocrx_word' id='word_1_419' title='bbox 607 5086 652 5141; x_wconf 90' lang='grc' dir='ltr'><strong>τοῦ</strong></span> <span class='ocrx_word' id='word_1_420' title='bbox 669 5081 816 5162; x_wconf 83' lang='grc' dir='ltr'>ρρονίμου,</span> <span class='ocrx_word' id='word_1_421' title='bbox 831 5080 883 5142; x_wconf 78' lang='grc' dir='ltr'>εἴτε</span> <span class='ocrx_word' id='word_1_422' title='bbox 900 5081 944 5140; x_wconf 88' lang='grc' dir='ltr'><strong>διά</strong></span> 
     </span>
     <span class='ocr_line' id='line_1_54' title="bbox 174 5170 944 5253; baseline -0.001 -22"><span class='ocrx_word' id='word_1_423' title='bbox 174 5199 191 5231; x_wconf 78' lang='grc' dir='ltr'>α</span> <span class='ocrx_word' id='word_1_424' title='bbox 207 5176 305 5253; x_wconf 85' lang='grc' dir='ltr'>μανίας</span> <span class='ocrx_word' id='word_1_425' title='bbox 323 5174 401 5248; x_wconf 82' lang='grc' dir='ltr'>τινὸς,</span> <span class='ocrx_word' id='word_1_426' title='bbox 416 5174 508 5247; x_wconf 73' lang='grc' dir='ltr'>έπειδλ</span> <span class='ocrx_word' id='word_1_427' title='bbox 519 5175 549 5233; x_wconf 88' lang='grc' dir='ltr'>οῦ</span> <span class='ocrx_word' id='word_1_428' title='bbox 568 5171 598 5232; x_wconf 86' lang='grc' dir='ltr'><strong>τδ</strong></span> <span class='ocrx_word' id='word_1_429' title='bbox 611 5171 677 5232; x_wconf 84' lang='grc' dir='ltr'>ῐδιον</span> <span class='ocrx_word' id='word_1_430' title='bbox 697 5171 813 5252; x_wconf 74' lang='grc' dir='ltr'>ἀσφαλές</span> <span class='ocrx_word' id='word_1_431' title='bbox 827 5170 896 5231; x_wconf 86' lang='grc' dir='ltr'><strong>ἀλλά</strong></span> <span class='ocrx_word' id='word_1_432' title='bbox 914 5172 944 5231; x_wconf 79' lang='grc' dir='ltr'><strong>τό</strong></span> 
     </span>
     <span class='ocr_line' id='line_1_55' title="bbox 173 5259 945 5338; baseline -0.009 -13"><span class='ocrx_word' id='word_1_433' title='bbox 173 5291 185 5317; x_wconf 80' lang='grc' dir='ltr'><strong>ιι</strong></span> <span class='ocrx_word' id='word_1_434' title='bbox 203 5268 251 5338; x_wconf 76' lang='grc' dir='ltr'><strong>τῆς</strong></span> <span class='ocrx_word' id='word_1_435' title='bbox 266 5265 370 5331; x_wconf 83' lang='grc' dir='ltr'>πολιως</span> <span class='ocrx_word' id='word_1_436' title='bbox 383 5262 447 5330; x_wconf 78' lang='grc' dir='ltr'>ἀξιῶ</span> <span class='ocrx_word' id='word_1_437' title='bbox 464 5269 586 5336; x_wconf 87' lang='grc' dir='ltr'>σκοπεῖν,</span> <span class='ocrx_word' id='word_1_438' title='bbox 602 5264 656 5324; x_wconf 83' lang='grc' dir='ltr'>εἴτε</span> <span class='ocrx_word' id='word_1_439' title='bbox 667 5260 738 5329; x_wconf 78' lang='grc' dir='ltr'>ὅπως</span> <span class='ocrx_word' id='word_1_440' title='bbox 755 5259 788 5334; x_wconf 78' lang='grc' dir='ltr'><strong>δή</strong></span> <span class='ocrx_word' id='word_1_441' title='bbox 806 5283 872 5321; x_wconf 90' lang='grc' dir='ltr'>ποτε</span> <span class='ocrx_word' id='word_1_442' title='bbox 889 5259 945 5332; x_wconf 80' lang='grc' dir='ltr'>οἰή-</span> 
     </span>
    </p>
   </div>
   <div class='ocr_carea' id='block_1_4' title="bbox 987 568 1766 1193">
    <p class='ocr_par' dir='ltr' id='par_1_4' title="bbox 987 568 1764 898">
     <span class='ocr_line' id='line_1_56' title="bbox 987 568 1760 633; baseline 0.013 -22"><span class='ocrx_word' id='word_1_443' title='bbox 987 582 1001 611; x_wconf 82' lang='lat' dir='ltr'><strong>a</strong></span> <span class='ocrx_word' id='word_1_444' title='bbox 1014 568 1200 630; x_wconf 84' lang='lat' dir='ltr'><strong>Haecresponsa</strong></span> <span class='ocrx_word' id='word_1_445' title='bbox 1213 569 1239 618; x_wconf 87' lang='lat' dir='ltr'><strong>et</strong></span> <span class='ocrx_word' id='word_1_446' title='bbox 1263 568 1355 631; x_wconf 87' lang='lat' dir='ltr'><strong>optima</strong></span> <span class='ocrx_word' id='word_1_447' title='bbox 1374 570 1399 618; x_wconf 89' lang='lat' dir='ltr'><strong>et</strong></span> <span class='ocrx_word' id='word_1_448' title='bbox 1422 568 1563 633; x_wconf 74' lang='lat' dir='ltr'><strong>aequissima</strong></span> <span class='ocrx_word' id='word_1_449' title='bbox 1588 570 1640 620; x_wconf 87' lang='lat' dir='ltr'><strong>iove</strong></span> <span class='ocrx_word' id='word_1_450' title='bbox 1665 569 1760 621; x_wconf 88' lang='lat' dir='ltr'><strong>iudico.</strong></span> 
     </span>
     <span class='ocr_line' id='line_1_57' title="bbox 988 655 1764 720; baseline 0.004 -15"><span class='ocrx_word' id='word_1_451' title='bbox 988 675 1000 699; x_wconf 89' lang='grc' dir='ltr'><strong>ι</strong></span> <span class='ocrx_word' id='word_1_452' title='bbox 1014 659 1047 705; x_wconf 79' lang='lat' dir='ltr'><strong>At</strong></span> <span class='ocrx_word' id='word_1_453' title='bbox 1056 655 1253 719; x_wconf 88' lang='lat' dir='ltr'><strong>postdiscessum</strong></span> <span class='ocrx_word' id='word_1_454' title='bbox 1264 656 1402 720; x_wconf 83' lang='lat' dir='ltr'><strong>legatorum</strong></span> <span class='ocrx_word' id='word_1_455' title='bbox 1419 657 1526 720; x_wconf 91' lang='lat' dir='ltr'><strong>primum</strong></span> <span class='ocrx_word' id='word_1_456' title='bbox 1536 660 1651 708; x_wconf 88' lang='lat' dir='ltr'><strong>senatum</strong></span> <span class='ocrx_word' id='word_1_457' title='bbox 1662 658 1764 710; x_wconf 82' lang='lat' dir='ltr'><strong>urbanis</strong></span> 
     </span>
     <span class='ocr_line' id='line_1_58' title="bbox 988 742 1764 808; baseline 0.008 -19"><span class='ocrx_word' id='word_1_458' title='bbox 988 762 1001 788; x_wconf 85' lang='grc' dir='ltr'><strong>ιι</strong></span> <span class='ocrx_word' id='word_1_459' title='bbox 1017 742 1166 795; x_wconf 86' lang='lat' dir='ltr'><strong>tumultibus</strong></span> <span class='ocrx_word' id='word_1_460' title='bbox 1177 745 1287 795; x_wconf 91' lang='lat' dir='ltr'><strong>dandum</strong></span> <span class='ocrx_word' id='word_1_461' title='bbox 1296 757 1393 805; x_wconf 88' lang='lat' dir='ltr'><strong>censeo,</strong></span> <span class='ocrx_word' id='word_1_462' title='bbox 1409 743 1485 807; x_wconf 85' lang='lat' dir='ltr'><strong>idque</strong></span> <span class='ocrx_word' id='word_1_463' title='bbox 1495 757 1544 793; x_wconf 89' lang='lat' dir='ltr'><strong>non</strong></span> <span class='ocrx_word' id='word_1_464' title='bbox 1556 742 1629 806; x_wconf 91' lang='lat' dir='ltr'><strong>longo</strong></span> <span class='ocrx_word' id='word_1_465' title='bbox 1642 746 1764 808; x_wconf 88' lang='lat' dir='ltr'><strong>temporis</strong></span> 
     </span>
     <span class='ocr_line' id='line_1_59' title="bbox 988 832 1547 898; baseline 0.002 -17"><span class='ocrx_word' id='word_1_466' title='bbox 988 851 1001 877; x_wconf 83' lang='grc' dir='ltr'><strong>ιι</strong></span> <span class='ocrx_word' id='word_1_467' title='bbox 1017 833 1096 897; x_wconf 88' lang='lat' dir='ltr'><strong>spatio</strong></span> <span class='ocrx_word' id='word_1_468' title='bbox 1113 833 1274 898; x_wconf 87' lang='lat' dir='ltr'><strong>interposite,</strong></span> <span class='ocrx_word' id='word_1_469' title='bbox 1291 832 1336 884; x_wconf 90' lang='lat' dir='ltr'><strong>sed</strong></span> <span class='ocrx_word' id='word_1_470' title='bbox 1349 832 1516 884; x_wconf 88' lang='lat' dir='ltr'><strong>crastinodie.</strong></span> <span class='ocrx_word' id='word_1_471' title='bbox 1534 851 1547 876; x_wconf 78' lang='lat' dir='ltr'><strong>n</strong></span> 
     </span>
    </p>

    <p class='ocr_par' dir='ltr' id='par_1_5' title="bbox 987 924 1766 1193">
     <span class='ocr_line' id='line_1_60' title="bbox 1018 924 1762 989; baseline 0.004 -16"><span class='ocrx_word' id='word_1_472' title='bbox 1018 926 1138 975; x_wconf 80' lang='lat' dir='ltr'><strong>xxxvii.</strong></span> <span class='ocrx_word' id='word_1_473' title='bbox 1149 927 1212 975; x_wconf 86' lang='lat' dir='ltr'><strong>cnm</strong></span> <span class='ocrx_word' id='word_1_474' title='bbox 1224 924 1296 989; x_wconf 85' lang='lat' dir='ltr'><strong>igitm</strong></span> <span class='ocrx_word' id='word_1_475' title='bbox 1304 924 1477 975; x_wconf 82' lang='lat' dir='ltr'><strong>Larciusbanc</strong></span> <span class='ocrx_word' id='word_1_476' title='bbox 1487 924 1635 975; x_wconf 88' lang='lat' dir='ltr'><strong>sententiam</strong></span> <span class='ocrx_word' id='word_1_477' title='bbox 1650 924 1762 985; x_wconf 74' lang='lat' dir='ltr'>dixisset,</span> 
     </span>
     <span class='ocr_line' id='line_1_61' title="bbox 987 1025 1763 1092; baseline 0.001 -15"><span class='ocrx_word' id='word_1_478' title='bbox 987 1040 1065 1089; x_wconf 85' lang='lat' dir='ltr'><strong>eaque</strong></span> <span class='ocrx_word' id='word_1_479' title='bbox 1076 1025 1107 1075; x_wconf 88' lang='lat' dir='ltr'><strong>ab</strong></span> <span class='ocrx_word' id='word_1_480' title='bbox 1121 1027 1237 1077; x_wconf 89' lang='lat' dir='ltr'><strong>omnibus</strong></span> <span class='ocrx_word' id='word_1_481' title='bbox 1250 1027 1390 1077; x_wconf 89' lang='lat' dir='ltr'><strong>collaudata</strong></span> <span class='ocrx_word' id='word_1_482' title='bbox 1400 1026 1505 1089; x_wconf 84' lang='lat' dir='ltr'><strong>luisset,</strong></span> <span class='ocrx_word' id='word_1_483' title='bbox 1517 1030 1578 1077; x_wconf 91' lang='lat' dir='ltr'><strong>tunc</strong></span> <span class='ocrx_word' id='word_1_484' title='bbox 1586 1026 1661 1092; x_wconf 88' lang='lat' dir='ltr'><strong>legati</strong></span> <span class='ocrx_word' id='word_1_485' title='bbox 1674 1040 1763 1092; x_wconf 86' lang='lat' dir='ltr'><strong>aecep-</strong></span> 
     </span>
     <span class='ocr_line' id='line_1_62' title="bbox 988 1129 1766 1193; baseline 0.003 -14"><span class='ocrx_word' id='word_1_486' title='bbox 988 1129 1021 1179; x_wconf 89' lang='lat' dir='ltr'><strong>tis</strong></span> <span class='ocrx_word' id='word_1_487' title='bbox 1031 1131 1153 1192; x_wconf 79' lang='lat' dir='ltr'>responsis</span> <span class='ocrx_word' id='word_1_488' title='bbox 1165 1144 1222 1192; x_wconf 87' lang='lat' dir='ltr'><strong>quse</strong></span> <span class='ocrx_word' id='word_1_489' title='bbox 1232 1129 1304 1179; x_wconf 86' lang='lat' dir='ltr'><strong>retuli</strong></span> <span class='ocrx_word' id='word_1_490' title='bbox 1315 1130 1486 1180; x_wconf 88' lang='lat' dir='ltr'><strong>discesserunt</strong></span> <span class='ocrx_word' id='word_1_491' title='bbox 1500 1147 1507 1178; x_wconf 86' lang='lat'>:</span> <span class='ocrx_word' id='word_1_492' title='bbox 1523 1129 1637 1193; x_wconf 77' lang='lat' dir='ltr'><strong>sequenti</strong></span> <span class='ocrx_word' id='word_1_493' title='bbox 1654 1143 1713 1180; x_wconf 89' lang='lat' dir='ltr'><strong>vero</strong></span> <span class='ocrx_word' id='word_1_494' title='bbox 1725 1130 1766 1181; x_wconf 92' lang='lat' dir='ltr'><strong>die</strong></span> 
     </span>
    </p>
   </div>
   <div class='ocr_carea' id='block_1_5' title="bbox 988 1231 1767 1295">
    <p class='ocr_par' dir='ltr' id='par_1_6' title="bbox 988 1231 1767 1295">
     <span class='ocr_line' id='line_1_63' title="bbox 988 1231 1767 1295; baseline -0.001 -13"><span class='ocrx_word' id='word_1_495' title='bbox 988 1232 1113 1293; x_wconf 87' lang='lat' dir='ltr'><strong>eonsules,</strong></span> <span class='ocrx_word' id='word_1_496' title='bbox 1128 1235 1215 1282; x_wconf 83' lang='lat' dir='ltr'><strong>coacto</strong></span> <span class='ocrx_word' id='word_1_497' title='bbox 1226 1234 1315 1281; x_wconf 86' lang='lat' dir='ltr'><strong>senatu</strong></span> <span class='ocrx_word' id='word_1_498' title='bbox 1326 1231 1358 1281; x_wconf 91' lang='lat' dir='ltr'><strong>de</strong></span> <span class='ocrx_word' id='word_1_499' title='bbox 1368 1231 1519 1295; x_wconf 75' lang='lat' dir='ltr'>corrigendis</span> <span class='ocrx_word' id='word_1_500' title='bbox 1534 1244 1568 1283; x_wconf 84' lang='lat' dir='ltr'><strong>ec</strong></span> <span class='ocrx_word' id='word_1_501' title='bbox 1582 1231 1709 1283; x_wconf 82' lang='lat' dir='ltr'><strong>aedaudta</strong></span> <span class='ocrx_word' id='word_1_502' title='bbox 1723 1245 1767 1281; x_wconf 89' lang='lat' dir='ltr'><strong>ur·</strong></span> 
     </span>
    </p>
   </div>
   <div class='ocr_carea' id='block_1_6' title="bbox 905 1333 1768 1399">
    <p class='ocr_par' dir='ltr' id='par_1_7' title="bbox 905 1333 1768 1399">
     <span class='ocr_line' id='line_1_64' title="bbox 905 1333 1768 1399; baseline -0.002 -17"><span class='ocrx_word' id='word_1_503' title='bbox 905 1342 921 1377; x_wconf 77' lang='lat' dir='ltr'><strong>‘t</strong></span> <span class='ocrx_word' id='word_1_504' title='bbox 988 1333 1059 1383; x_wconf 87' lang='lat' dir='ltr'><strong>banis</strong></span> <span class='ocrx_word' id='word_1_505' title='bbox 1083 1333 1233 1383; x_wconf 73' lang='lat' dir='ltr'><strong>tumultibus</strong></span> <span class='ocrx_word' id='word_1_506' title='bbox 1254 1333 1399 1384; x_wconf 87' lang='lat' dir='ltr'><strong>retulerunt.</strong></span> <span class='ocrx_word' id='word_1_507' title='bbox 1434 1335 1532 1384; x_wconf 83' lang='lat' dir='ltr'><strong>Primus</strong></span> <span class='ocrx_word' id='word_1_508' title='bbox 1562 1334 1639 1396; x_wconf 86' lang='lat' dir='ltr'><strong>igitur</strong></span> <span class='ocrx_word' id='word_1_509' title='bbox 1667 1338 1768 1399; x_wconf 86' lang='lat' dir='ltr'><strong>rogatus</strong></span> 
     </span>
    </p>
   </div>
   <div class='ocr_carea' id='block_1_7' title="bbox 989 1433 1773 2198">
    <p class='ocr_par' dir='ltr' id='par_1_8' title="bbox 989 1433 1773 2198">
     <span class='ocr_line' id='line_1_65' title="bbox 989 1433 1767 1499; baseline -0.001 -13"><span class='ocrx_word' id='word_1_510' title='bbox 989 1435 1134 1486; x_wconf 86' lang='lat' dir='ltr'><strong>sententiam</strong></span> <span class='ocrx_word' id='word_1_511' title='bbox 1147 1438 1174 1486; x_wconf 84' lang='lat' dir='ltr'><strong>P.</strong></span> <span class='ocrx_word' id='word_1_512' title='bbox 1191 1433 1327 1498; x_wconf 82' lang='lat' dir='ltr'><strong>virginius,</strong></span> <span class='ocrx_word' id='word_1_513' title='bbox 1349 1434 1388 1485; x_wconf 90' lang='lat' dir='ltr'><strong>vir</strong></span> <span class='ocrx_word' id='word_1_514' title='bbox 1401 1435 1541 1499; x_wconf 86' lang='lat' dir='ltr'><strong>popularis,</strong></span> <span class='ocrx_word' id='word_1_515' title='bbox 1555 1435 1665 1486; x_wconf 88' lang='lat' dir='ltr'><strong>medlam</strong></span> <span class='ocrx_word' id='word_1_516' title='bbox 1680 1439 1767 1488; x_wconf 74' lang='lat' dir='ltr'><strong>bnans</strong></span> 
     </span>
     <span class='ocr_line' id='line_1_66' title="bbox 990 1537 1768 1602; baseline 0 -14"><span class='ocrx_word' id='word_1_517' title='bbox 990 1539 1068 1601; x_wconf 89' lang='lat' dir='ltr'><strong>viam,</strong></span> <span class='ocrx_word' id='word_1_518' title='bbox 1082 1540 1117 1590; x_wconf 91' lang='lat' dir='ltr'><strong>ita</strong></span> <span class='ocrx_word' id='word_1_519' title='bbox 1131 1538 1231 1589; x_wconf 86' lang='lat' dir='ltr'><strong>loeutus</strong></span> <span class='ocrx_word' id='word_1_520' title='bbox 1245 1541 1284 1590; x_wconf 86' lang='lat' dir='ltr'><strong>est</strong></span> <span class='ocrx_word' id='word_1_521' title='bbox 1301 1558 1308 1588; x_wconf 87' lang='lat'>:</span> <span class='ocrx_word' id='word_1_522' title='bbox 1323 1557 1336 1582; x_wconf 91' lang='grc' dir='ltr'><strong>ιι</strong></span> <span class='ocrx_word' id='word_1_523' title='bbox 1351 1537 1455 1598; x_wconf 79' lang='lat' dir='ltr'><strong>Quando</strong></span> <span class='ocrx_word' id='word_1_524' title='bbox 1468 1537 1538 1602; x_wconf 89' lang='lat' dir='ltr'><strong>plebs</strong></span> <span class='ocrx_word' id='word_1_525' title='bbox 1552 1538 1684 1602; x_wconf 79' lang='lat' dir='ltr'><strong>superiore</strong></span> <span class='ocrx_word' id='word_1_526' title='bbox 1704 1552 1768 1588; x_wconf 88' lang='lat' dir='ltr'><strong>anno</strong></span> 
     </span>
     <span class='ocr_line' id='line_1_67' title="bbox 992 1640 1769 1705; baseline 0.004 -18"><span class='ocrx_word' id='word_1_527' title='bbox 992 1664 1004 1687; x_wconf 81' lang='grc' dir='ltr'><strong>ι</strong></span> <span class='ocrx_word' id='word_1_528' title='bbox 1019 1656 1140 1693; x_wconf 89' lang='lat' dir='ltr'><strong>summam</strong></span> <span class='ocrx_word' id='word_1_529' title='bbox 1152 1643 1227 1692; x_wconf 89' lang='lat' dir='ltr'><strong>enimi</strong></span> <span class='ocrx_word' id='word_1_530' title='bbox 1236 1641 1391 1693; x_wconf 77' lang='lat' dir='ltr'><strong>alacritatem</strong></span> <span class='ocrx_word' id='word_1_531' title='bbox 1401 1642 1427 1691; x_wconf 90' lang='lat' dir='ltr'><strong>in</strong></span> <span class='ocrx_word' id='word_1_532' title='bbox 1438 1640 1510 1692; x_wconf 89' lang='lat' dir='ltr'><strong>bellis</strong></span> <span class='ocrx_word' id='word_1_533' title='bbox 1522 1654 1567 1705; x_wconf 89' lang='lat' dir='ltr'><strong>pro</strong></span> <span class='ocrx_word' id='word_1_534' title='bbox 1579 1641 1705 1705; x_wconf 84' lang='lat' dir='ltr'><strong>republica</strong></span> <span class='ocrx_word' id='word_1_535' title='bbox 1713 1655 1769 1705; x_wconf 87' lang='lat' dir='ltr'><strong>ges-</strong></span> 
     </span>
     <span class='ocr_line' id='line_1_68' title="bbox 995 1743 1769 1807; baseline 0 -12"><span class='ocrx_word' id='word_1_536' title='bbox 995 1744 1053 1795; x_wconf 77' lang='lat' dir='ltr'><strong>·tis</strong></span> <span class='ocrx_word' id='word_1_537' title='bbox 1071 1743 1261 1804; x_wconf 86' lang='lat' dir='ltr'><strong>demonstravit,</strong></span> <span class='ocrx_word' id='word_1_538' title='bbox 1276 1757 1326 1806; x_wconf 85' lang='lat' dir='ltr'><strong>quo</strong></span> <span class='ocrx_word' id='word_1_539' title='bbox 1346 1748 1457 1807; x_wconf 90' lang='lat' dir='ltr'><strong>tempore</strong></span> <span class='ocrx_word' id='word_1_540' title='bbox 1480 1743 1576 1793; x_wconf 82' lang='lat' dir='ltr'><strong>veiseis</strong></span> <span class='ocrx_word' id='word_1_541' title='bbox 1599 1746 1625 1795; x_wconf 91' lang='lat' dir='ltr'><strong>et</strong></span> <span class='ocrx_word' id='word_1_542' title='bbox 1647 1745 1769 1795; x_wconf 76' lang='lat' dir='ltr'><strong>Auruncis</strong></span> 
     </span>
     <span class='ocr_line' id='line_1_69' title="bbox 992 1841 1770 1906; baseline 0.001 -14"><span class='ocrx_word' id='word_1_543' title='bbox 992 1861 1005 1885; x_wconf 83' lang='grc' dir='ltr'><strong>ι</strong></span> <span class='ocrx_word' id='word_1_544' title='bbox 1020 1856 1078 1892; x_wconf 91' lang='lat' dir='ltr'><strong>cum</strong></span> <span class='ocrx_word' id='word_1_545' title='bbox 1100 1842 1165 1906; x_wconf 91' lang='lat' dir='ltr'><strong>genti</strong></span> <span class='ocrx_word' id='word_1_546' title='bbox 1181 1845 1256 1904; x_wconf 89' lang='lat' dir='ltr'><strong>atque</strong></span> <span class='ocrx_word' id='word_1_547' title='bbox 1286 1841 1375 1892; x_wconf 79' lang='lat' dir='ltr'><strong>infesto</strong></span> <span class='ocrx_word' id='word_1_548' title='bbox 1399 1841 1510 1891; x_wconf 84' lang='lat' dir='ltr'><strong>exercitu</strong></span> <span class='ocrx_word' id='word_1_549' title='bbox 1530 1841 1689 1892; x_wconf 81' lang='lat' dir='ltr'><strong>venientibus</strong></span> <span class='ocrx_word' id='word_1_550' title='bbox 1714 1855 1770 1893; x_wconf 87' lang='lat' dir='ltr'><strong>sese</strong></span> 
     </span>
     <span class='ocr_line' id='line_1_70' title="bbox 992 1939 1769 2004; baseline 0.005 -18"><span class='ocrx_word' id='word_1_551' title='bbox 992 1961 1005 1986; x_wconf 86' lang='grc' dir='ltr'><strong>ι</strong></span> <span class='ocrx_word' id='word_1_552' title='bbox 1019 1940 1146 1990; x_wconf 90' lang='lat' dir='ltr'><strong>nobiscum</strong></span> <span class='ocrx_word' id='word_1_553' title='bbox 1158 1939 1287 2003; x_wconf 82' lang='lat' dir='ltr'><strong>opposuit,</strong></span> <span class='ocrx_word' id='word_1_554' title='bbox 1305 1952 1394 1990; x_wconf 91' lang='lat' dir='ltr'><strong>censeo</strong></span> <span class='ocrx_word' id='word_1_555' title='bbox 1407 1939 1464 1989; x_wconf 92' lang='lat' dir='ltr'><strong>illos</strong></span> <span class='ocrx_word' id='word_1_556' title='bbox 1478 1939 1521 2004; x_wconf 86' lang='lat' dir='ltr'><strong>qui</strong></span> <span class='ocrx_word' id='word_1_557' title='bbox 1530 1942 1590 1990; x_wconf 90' lang='lat' dir='ltr'><strong>tune</strong></span> <span class='ocrx_word' id='word_1_558' title='bbox 1601 1953 1648 1989; x_wconf 89' lang='lat' dir='ltr'><strong>nos</strong></span> <span class='ocrx_word' id='word_1_559' title='bbox 1665 1940 1769 1991; x_wconf 88' lang='lat' dir='ltr'><strong>adiuve-</strong></span> 
     </span>
     <span class='ocr_line' id='line_1_71' title="bbox 994 2036 1768 2101; baseline 0 -14"><span class='ocrx_word' id='word_1_560' title='bbox 994 2057 1006 2081; x_wconf 91' lang='grc' dir='ltr'><strong>ι</strong></span> <span class='ocrx_word' id='word_1_561' title='bbox 1021 2041 1093 2100; x_wconf 84' lang='grc' dir='ltr'>ειιιιι,</span> <span class='ocrx_word' id='word_1_562' title='bbox 1116 2036 1208 2101; x_wconf 80' lang='lat' dir='ltr'><strong>gadque</strong></span> <span class='ocrx_word' id='word_1_563' title='bbox 1227 2037 1315 2086; x_wconf 86' lang='lat' dir='ltr'><strong>boram</strong></span> <span class='ocrx_word' id='word_1_564' title='bbox 1339 2036 1461 2086; x_wconf 89' lang='lat' dir='ltr'><strong>bellorum</strong></span> <span class='ocrx_word' id='word_1_565' title='bbox 1478 2036 1538 2086; x_wconf 90' lang='lat' dir='ltr'><strong>socii</strong></span> <span class='ocrx_word' id='word_1_566' title='bbox 1556 2037 1662 2097; x_wconf 86' lang='lat' dir='ltr'><strong>luerint,</strong></span> <span class='ocrx_word' id='word_1_567' title='bbox 1677 2036 1768 2087; x_wconf 89' lang='lat' dir='ltr'><strong>demit·</strong></span> 
     </span>
     <span class='ocr_line' id='line_1_72' title="bbox 994 2134 1773 2198; baseline 0.001 -14"><span class='ocrx_word' id='word_1_568' title='bbox 994 2136 1119 2197; x_wconf 79' lang='lat' dir='ltr'><strong>utendos,</strong></span> <span class='ocrx_word' id='word_1_569' title='bbox 1139 2138 1165 2185; x_wconf 91' lang='lat' dir='ltr'><strong>et</strong></span> <span class='ocrx_word' id='word_1_570' title='bbox 1185 2135 1276 2185; x_wconf 87' lang='lat' dir='ltr'><strong>nullius</strong></span> <span class='ocrx_word' id='word_1_571' title='bbox 1296 2148 1382 2185; x_wconf 93' lang='lat' dir='ltr'><strong>eorum</strong></span> <span class='ocrx_word' id='word_1_572' title='bbox 1400 2134 1441 2186; x_wconf 90' lang='lat' dir='ltr'><strong>vel</strong></span> <span class='ocrx_word' id='word_1_573' title='bbox 1459 2147 1549 2198; x_wconf 81' lang='lat' dir='ltr'><strong>corpus</strong></span> <span class='ocrx_word' id='word_1_574' title='bbox 1561 2134 1602 2185; x_wconf 90' lang='lat' dir='ltr'><strong>vel</strong></span> <span class='ocrx_word' id='word_1_575' title='bbox 1623 2134 1738 2184; x_wconf 78' lang='lat' dir='ltr'><strong>fortunas</strong></span> <span class='ocrx_word' id='word_1_576' title='bbox 1757 2149 1773 2185; x_wconf 92' lang='lat' dir='ltr'><strong>a</strong></span> 
     </span>
    </p>
   </div>
   <div class='ocr_carea' id='block_1_8' title="bbox 994 2236 1774 3193">
    <p class='ocr_par' dir='ltr' id='par_1_9' title="bbox 994 2236 1774 3193">
     <span class='ocr_line' id='line_1_73' title="bbox 994 2236 1771 2302; baseline 0.004 -17"><span class='ocrx_word' id='word_1_577' title='bbox 994 2239 1187 2291; x_wconf 74' lang='lat' dir='ltr'><strong>a&#39;ereditoribus</strong></span> <span class='ocrx_word' id='word_1_578' title='bbox 1207 2239 1381 2290; x_wconf 83' lang='lat' dir='ltr'><strong>detinendas:</strong></span> <span class='ocrx_word' id='word_1_579' title='bbox 1409 2241 1435 2290; x_wconf 90' lang='lat' dir='ltr'><strong>et</strong></span> <span class='ocrx_word' id='word_1_580' title='bbox 1461 2238 1529 2289; x_wconf 91' lang='lat' dir='ltr'><strong>idem</strong></span> <span class='ocrx_word' id='word_1_581' title='bbox 1557 2236 1596 2289; x_wconf 85' lang='lat' dir='ltr'><strong>ius</strong></span> <span class='ocrx_word' id='word_1_582' title='bbox 1618 2238 1708 2288; x_wconf 89' lang='lat' dir='ltr'><strong>borum</strong></span> <span class='ocrx_word' id='word_1_583' title='bbox 1727 2252 1771 2302; x_wconf 90' lang='lat' dir='ltr'><strong>pa-</strong></span> 
     </span>
     <span class='ocr_line' id='line_1_74' title="bbox 994 2335 1773 2400; baseline -0.004 -13"><span class='ocrx_word' id='word_1_584' title='bbox 994 2355 1006 2381; x_wconf 89' lang='grc' dir='ltr'><strong>ιι</strong></span> <span class='ocrx_word' id='word_1_585' title='bbox 1022 2337 1132 2388; x_wconf 86' lang='lat' dir='ltr'><strong>rentibus</strong></span> <span class='ocrx_word' id='word_1_586' title='bbox 1155 2350 1234 2400; x_wconf 85' lang='lat' dir='ltr'><strong>usque</strong></span> <span class='ocrx_word' id='word_1_587' title='bbox 1251 2335 1372 2397; x_wconf 82' lang='lat' dir='ltr'><strong>adesos,</strong></span> <span class='ocrx_word' id='word_1_588' title='bbox 1394 2338 1420 2386; x_wconf 90' lang='lat' dir='ltr'><strong>et</strong></span> <span class='ocrx_word' id='word_1_589' title='bbox 1439 2335 1504 2400; x_wconf 89' lang='lat' dir='ltr'><strong>proli</strong></span> <span class='ocrx_word' id='word_1_590' title='bbox 1525 2348 1603 2399; x_wconf 89' lang='lat' dir='ltr'><strong>usque</strong></span> <span class='ocrx_word' id='word_1_591' title='bbox 1624 2335 1773 2399; x_wconf 89' lang='lat' dir='ltr'><strong>adnepotes</strong></span> 
     </span>
     <span class='ocr_line' id='line_1_75' title="bbox 994 2434 1773 2500; baseline 0.003 -18"><span class='ocrx_word' id='word_1_592' title='bbox 994 2454 1008 2482; x_wconf 88' lang='grc' dir='ltr'><strong>ιι</strong></span> <span class='ocrx_word' id='word_1_593' title='bbox 1021 2436 1218 2495; x_wconf 63' lang='lat' dir='ltr'><strong>concedendum</strong></span> <span class='ocrx_word' id='word_1_594' title='bbox 1232 2437 1329 2487; x_wconf 90' lang='lat' dir='ltr'><strong>ceteros</strong></span> <span class='ocrx_word' id='word_1_595' title='bbox 1347 2448 1408 2486; x_wconf 86' lang='lat' dir='ltr'><strong>vero</strong></span> <span class='ocrx_word' id='word_1_596' title='bbox 1422 2435 1548 2485; x_wconf 84' lang='lat' dir='ltr'><strong>debitores</strong></span> <span class='ocrx_word' id='word_1_597' title='bbox 1559 2448 1599 2484; x_wconf 50' lang='lat' dir='ltr'><strong>»ex</strong></span> <span class='ocrx_word' id='word_1_598' title='bbox 1620 2434 1773 2500; x_wconf 88' lang='lat' dir='ltr'><strong>obligationi-</strong></span> 
     </span>
     <span class='ocr_line' id='line_1_76' title="bbox 994 2533 1773 2598; baseline -0.001 -15"><span class='ocrx_word' id='word_1_599' title='bbox 994 2554 1006 2578; x_wconf 84' lang='grc' dir='ltr'><strong>ιι</strong></span> <span class='ocrx_word' id='word_1_600' title='bbox 1022 2533 1068 2584; x_wconf 91' lang='lat' dir='ltr'><strong>bus</strong></span> <span class='ocrx_word' id='word_1_601' title='bbox 1082 2549 1097 2584; x_wconf 90' lang='lat' dir='ltr'><strong>a</strong></span> <span class='ocrx_word' id='word_1_602' title='bbox 1112 2534 1275 2585; x_wconf 88' lang='lat' dir='ltr'><strong>creditoribus</strong></span> <span class='ocrx_word' id='word_1_603' title='bbox 1290 2534 1345 2584; x_wconf 88' lang='lat' dir='ltr'><strong>iure</strong></span> <span class='ocrx_word' id='word_1_604' title='bbox 1361 2534 1454 2584; x_wconf 88' lang='lat' dir='ltr'><strong>abduci</strong></span> <span class='ocrx_word' id='word_1_605' title='bbox 1465 2547 1537 2598; x_wconf 89' lang='lat' dir='ltr'><strong>posse</strong></span> <span class='ocrx_word' id='word_1_606' title='bbox 1549 2533 1641 2584; x_wconf 90' lang='lat' dir='ltr'><strong>iudico.</strong></span> <span class='ocrx_word' id='word_1_607' title='bbox 1657 2537 1773 2586; x_wconf 81' lang='lat' dir='ltr'><strong>»Postea</strong></span> 
     </span>
     <span class='ocr_line' id='line_1_77' title="bbox 994 2630 1774 2694; baseline 0.001 -14"><span class='ocrx_word' id='word_1_608' title='bbox 994 2633 1065 2681; x_wconf 89' lang='lat' dir='ltr'><strong>Titus</strong></span> <span class='ocrx_word' id='word_1_609' title='bbox 1078 2632 1178 2682; x_wconf 85' lang='lat' dir='ltr'><strong>Larcius</strong></span> <span class='ocrx_word' id='word_1_610' title='bbox 1196 2631 1260 2682; x_wconf 82' lang='lat' dir='ltr'><strong>dixit</strong></span> <span class='ocrx_word' id='word_1_611' title='bbox 1280 2651 1287 2682; x_wconf 77' lang='grc' dir='ltr'><strong>ι</strong></span> <span class='ocrx_word' id='word_1_612' title='bbox 1311 2650 1324 2675; x_wconf 87' lang='grc' dir='ltr'><strong>ι</strong></span> <span class='ocrx_word' id='word_1_613' title='bbox 1345 2630 1420 2692; x_wconf 83' lang='lat' dir='ltr'><strong>Mihi,</strong></span> <span class='ocrx_word' id='word_1_614' title='bbox 1442 2634 1524 2694; x_wconf 88' lang='lat' dir='ltr'><strong>patres</strong></span> <span class='ocrx_word' id='word_1_615' title='bbox 1544 2630 1691 2694; x_wconf 90' lang='lat' dir='ltr'><strong>conscripti,</strong></span> <span class='ocrx_word' id='word_1_616' title='bbox 1710 2634 1774 2693; x_wconf 92' lang='lat' dir='ltr'><strong>opti·</strong></span> 
     </span>
     <span class='ocr_line' id='line_1_78' title="bbox 996 2732 1773 2817; baseline 0.001 -37"><span class='ocrx_word' id='word_1_617' title='bbox 996 2754 1009 2780; x_wconf 83' lang='grc' dir='ltr'><strong>ι</strong></span> <span class='ocrx_word' id='word_1_618' title='bbox 1022 2748 1092 2785; x_wconf 91' lang='lat' dir='ltr'><strong>mum</strong></span> <span class='ocrx_word' id='word_1_619' title='bbox 1104 2734 1212 2794; x_wconf 88' lang='lat' dir='ltr'><strong>ridetur,</strong></span> <span class='ocrx_word' id='word_1_620' title='bbox 1226 2732 1247 2783; x_wconf 89' lang='lat' dir='ltr'><strong>si</strong></span> <span class='ocrx_word' id='word_1_621' title='bbox 1267 2747 1316 2783; x_wconf 92' lang='lat' dir='ltr'><strong>non</strong></span> <span class='ocrx_word' id='word_1_622' title='bbox 1331 2733 1412 2784; x_wconf 90' lang='lat' dir='ltr'><strong>solum</strong></span> <span class='ocrx_word' id='word_1_623' title='bbox 1423 2733 1472 2794; x_wconf 88' lang='lat' dir='ltr'><strong>illl,</strong></span> <span class='ocrx_word' id='word_1_624' title='bbox 1485 2738 1528 2798; x_wconf 88' lang='lat' dir='ltr'><strong>qui</strong></span> <span class='ocrx_word' id='word_1_625' title='bbox 1543 2732 1569 2817; x_wconf 72' lang='lat' dir='ltr'><strong>in</strong></span> <span class='ocrx_word' id='word_1_626' title='bbox 1587 2732 1659 2783; x_wconf 92' lang='lat' dir='ltr'><strong>bellis</strong></span> <span class='ocrx_word' id='word_1_627' title='bbox 1671 2736 1773 2783; x_wconf 88' lang='lat' dir='ltr'><strong>strenue</strong></span> 
     </span>
     <span class='ocr_line' id='line_1_79' title="bbox 996 2827 1773 2895; baseline -0.006 -13"><span class='ocrx_word' id='word_1_628' title='bbox 996 2851 1009 2876; x_wconf 81' lang='grc' dir='ltr'><strong>ιι</strong></span> <span class='ocrx_word' id='word_1_629' title='bbox 1026 2845 1053 2881; x_wconf 87' lang='lat' dir='ltr'><strong>se</strong></span> <span class='ocrx_word' id='word_1_630' title='bbox 1073 2834 1212 2895; x_wconf 88' lang='lat' dir='ltr'><strong>gesseruut,</strong></span> <span class='ocrx_word' id='word_1_631' title='bbox 1233 2828 1277 2880; x_wconf 91' lang='lat' dir='ltr'><strong>sed</strong></span> <span class='ocrx_word' id='word_1_632' title='bbox 1296 2829 1372 2880; x_wconf 88' lang='lat' dir='ltr'><strong>etiam</strong></span> <span class='ocrx_word' id='word_1_633' title='bbox 1393 2832 1448 2880; x_wconf 89' lang='lat' dir='ltr'><strong>tota</strong></span> <span class='ocrx_word' id='word_1_634' title='bbox 1462 2829 1559 2892; x_wconf 88' lang='lat' dir='ltr'><strong>reliqua</strong></span> <span class='ocrx_word' id='word_1_635' title='bbox 1575 2827 1645 2892; x_wconf 85' lang='lat' dir='ltr'><strong>plebs</strong></span> <span class='ocrx_word' id='word_1_636' title='bbox 1663 2829 1773 2878; x_wconf 87' lang='lat' dir='ltr'><strong>contrae-</strong></span> 
     </span>
     <span class='ocr_line' id='line_1_80' title="bbox 997 2926 1774 2993; baseline -0.005 -14"><span class='ocrx_word' id='word_1_637' title='bbox 997 2950 1010 2973; x_wconf 91' lang='grc' dir='ltr'><strong>ιι</strong></span> <span class='ocrx_word' id='word_1_638' title='bbox 1023 2933 1096 2979; x_wconf 88' lang='lat' dir='ltr'><strong>tuum</strong></span> <span class='ocrx_word' id='word_1_639' title='bbox 1110 2928 1301 2993; x_wconf 81' lang='lat' dir='ltr'><strong>obligationibus</strong></span> <span class='ocrx_word' id='word_1_640' title='bbox 1317 2927 1442 2979; x_wconf 86' lang='lat' dir='ltr'><strong>liberetur.</strong></span> <span class='ocrx_word' id='word_1_641' title='bbox 1477 2930 1529 2978; x_wconf 89' lang='lat' dir='ltr'><strong>llac</strong></span> <span class='ocrx_word' id='word_1_642' title='bbox 1540 2928 1607 2978; x_wconf 91' lang='lat' dir='ltr'><strong>enim</strong></span> <span class='ocrx_word' id='word_1_643' title='bbox 1618 2926 1671 2976; x_wconf 86' lang='lat' dir='ltr'><strong>sola</strong></span> <span class='ocrx_word' id='word_1_644' title='bbox 1679 2926 1774 2977; x_wconf 88' lang='lat' dir='ltr'><strong>ratione</strong></span> 
     </span>
     <span class='ocr_line' id='line_1_81' title="bbox 997 3027 1774 3079; baseline -0.008 0"><span class='ocrx_word' id='word_1_645' title='bbox 997 3049 1009 3073; x_wconf 91' lang='grc' dir='ltr'><strong>ι</strong></span> <span class='ocrx_word' id='word_1_646' title='bbox 1022 3032 1100 3079; x_wconf 89' lang='lat' dir='ltr'><strong>totam</strong></span> <span class='ocrx_word' id='word_1_647' title='bbox 1114 3030 1240 3079; x_wconf 86' lang='lat' dir='ltr'><strong>civitatem</strong></span> <span class='ocrx_word' id='word_1_648' title='bbox 1258 3028 1403 3078; x_wconf 87' lang='lat' dir='ltr'><strong>concordem</strong></span> <span class='ocrx_word' id='word_1_649' title='bbox 1422 3027 1564 3078; x_wconf 88' lang='lat' dir='ltr'><strong>reddemus.</strong></span> <span class='ocrx_word' id='word_1_650' title='bbox 1578 3047 1591 3071; x_wconf 77' lang='grc' dir='ltr'>υ</span> <span class='ocrx_word' id='word_1_651' title='bbox 1604 3029 1702 3077; x_wconf 85' lang='lat' dir='ltr'><strong>Tertius</strong></span> <span class='ocrx_word' id='word_1_652' title='bbox 1713 3039 1774 3075; x_wconf 87' lang='lat' dir='ltr'><strong>vero</strong></span> 
     </span>
     <span class='ocr_line' id='line_1_82' title="bbox 997 3123 1772 3193; baseline -0.009 -15"><span class='ocrx_word' id='word_1_653' title='bbox 997 3130 1058 3193; x_wconf 77' lang='lat' dir='ltr'><strong>App.</strong></span> <span class='ocrx_word' id='word_1_654' title='bbox 1075 3127 1206 3189; x_wconf 79' lang='lat' dir='ltr'><strong>Claudius,</strong></span> <span class='ocrx_word' id='word_1_655' title='bbox 1224 3125 1359 3190; x_wconf 89' lang='lat' dir='ltr'><strong>superioris</strong></span> <span class='ocrx_word' id='word_1_656' title='bbox 1370 3125 1427 3176; x_wconf 90' lang='lat' dir='ltr'><strong>anui</strong></span> <span class='ocrx_word' id='word_1_657' title='bbox 1441 3126 1545 3187; x_wconf 89' lang='lat' dir='ltr'><strong>consol,</strong></span> <span class='ocrx_word' id='word_1_658' title='bbox 1563 3125 1599 3175; x_wconf 89' lang='lat' dir='ltr'><strong>ita</strong></span> <span class='ocrx_word' id='word_1_659' title='bbox 1614 3125 1652 3175; x_wconf 89' lang='lat' dir='ltr'><strong>est</strong></span> <span class='ocrx_word' id='word_1_660' title='bbox 1664 3123 1772 3173; x_wconf 86' lang='lat' dir='ltr'><strong>locutus.</strong></span> 
     </span>
    </p>
   </div>
   <div class='ocr_carea' id='block_1_9' title="bbox 995 3299 1776 5347">
    <p class='ocr_par' dir='ltr' id='par_1_10' title="bbox 995 3299 1776 5347">
     <span class='ocr_line' id='line_1_83' title="bbox 1028 3299 1775 3366; baseline -0.005 -13"><span class='ocrx_word' id='word_1_661' title='bbox 1028 3304 1162 3354; x_wconf 80' lang='lat' dir='ltr'><strong>lillllvlll.</strong></span> <span class='ocrx_word' id='word_1_662' title='bbox 1181 3321 1194 3347; x_wconf 91' lang='grc' dir='ltr'><strong>ιι</strong></span> <span class='ocrx_word' id='word_1_663' title='bbox 1207 3302 1322 3363; x_wconf 83' lang='lat' dir='ltr'><strong>Quoties,</strong></span> <span class='ocrx_word' id='word_1_664' title='bbox 1335 3306 1417 3365; x_wconf 90' lang='lat' dir='ltr'><strong>patres</strong></span> <span class='ocrx_word' id='word_1_665' title='bbox 1430 3301 1581 3366; x_wconf 82' lang='lat' dir='ltr'><strong>conscripti,</strong></span> <span class='ocrx_word' id='word_1_666' title='bbox 1593 3301 1625 3351; x_wconf 89' lang='lat' dir='ltr'><strong>de</strong></span> <span class='ocrx_word' id='word_1_667' title='bbox 1641 3299 1682 3351; x_wconf 86' lang='lat' dir='ltr'><strong>his</strong></span> <span class='ocrx_word' id='word_1_668' title='bbox 1701 3300 1775 3351; x_wconf 89' lang='lat' dir='ltr'><strong>rebus</strong></span> 
     </span>
     <span class='ocr_line' id='line_1_84' title="bbox 998 3385 1775 3452; baseline -0.001 -16"><span class='ocrx_word' id='word_1_669' title='bbox 998 3406 1010 3431; x_wconf 80' lang='grc' dir='ltr'><strong>ι</strong></span> <span class='ocrx_word' id='word_1_670' title='bbox 1027 3388 1148 3452; x_wconf 90' lang='lat' dir='ltr'><strong>agendum</strong></span> <span class='ocrx_word' id='word_1_671' title='bbox 1171 3387 1219 3437; x_wconf 86' lang='lat' dir='ltr'><strong>luit</strong></span> <span class='ocrx_word' id='word_1_672' title='bbox 1235 3399 1333 3450; x_wconf 89' lang='lat' dir='ltr'><strong>semper</strong></span> <span class='ocrx_word' id='word_1_673' title='bbox 1350 3388 1374 3435; x_wconf 92' lang='lat' dir='ltr'><strong>in</strong></span> <span class='ocrx_word' id='word_1_674' title='bbox 1387 3387 1474 3437; x_wconf 86' lang='lat' dir='ltr'><strong>eedem</strong></span> <span class='ocrx_word' id='word_1_675' title='bbox 1494 3385 1620 3452; x_wconf 88' lang='lat' dir='ltr'><strong>permansi</strong></span> <span class='ocrx_word' id='word_1_676' title='bbox 1639 3386 1775 3445; x_wconf 89' lang='lat' dir='ltr'><strong>sententia,</strong></span> 
     </span>
     <span class='ocr_line' id='line_1_85' title="bbox 998 3471 1776 3536; baseline 0.001 -18"><span class='ocrx_word' id='word_1_677' title='bbox 998 3494 1011 3518; x_wconf 86' lang='grc' dir='ltr'><strong>ιι</strong></span> <span class='ocrx_word' id='word_1_678' title='bbox 1025 3474 1085 3523; x_wconf 85' lang='lat' dir='ltr'><strong>niliil</strong></span> <span class='ocrx_word' id='word_1_679' title='bbox 1110 3486 1165 3524; x_wconf 90' lang='lat' dir='ltr'><strong>esse</strong></span> <span class='ocrx_word' id='word_1_680' title='bbox 1188 3472 1374 3523; x_wconf 79' lang='lat' dir='ltr'><strong>mnoodenoum</strong></span> <span class='ocrx_word' id='word_1_681' title='bbox 1391 3472 1456 3536; x_wconf 90' lang='lat' dir='ltr'><strong>plebi</strong></span> <span class='ocrx_word' id='word_1_682' title='bbox 1480 3473 1547 3535; x_wconf 88' lang='lat' dir='ltr'><strong>quod</strong></span> <span class='ocrx_word' id='word_1_683' title='bbox 1570 3474 1651 3535; x_wconf 87' lang='lat' dir='ltr'><strong>petat,</strong></span> <span class='ocrx_word' id='word_1_684' title='bbox 1672 3472 1721 3522; x_wconf 90' lang='lat' dir='ltr'><strong>nisi</strong></span> <span class='ocrx_word' id='word_1_685' title='bbox 1742 3471 1776 3521; x_wconf 87' lang='lat' dir='ltr'><strong>sit</strong></span> 
     </span>
     <span class='ocr_line' id='line_1_86' title="bbox 998 3556 1775 3621; baseline 0.001 -17"><span class='ocrx_word' id='word_1_686' title='bbox 998 3578 1011 3604; x_wconf 79' lang='grc' dir='ltr'><strong>ι</strong></span> <span class='ocrx_word' id='word_1_687' title='bbox 1025 3559 1161 3619; x_wconf 86' lang='lat' dir='ltr'><strong>legitimum</strong></span> <span class='ocrx_word' id='word_1_688' title='bbox 1180 3561 1207 3609; x_wconf 89' lang='lat' dir='ltr'><strong>et</strong></span> <span class='ocrx_word' id='word_1_689' title='bbox 1216 3558 1367 3619; x_wconf 89' lang='lat' dir='ltr'><strong>honestum,</strong></span> <span class='ocrx_word' id='word_1_690' title='bbox 1388 3572 1469 3621; x_wconf 86' lang='lat' dir='ltr'><strong>neque</strong></span> <span class='ocrx_word' id='word_1_691' title='bbox 1483 3571 1613 3621; x_wconf 88' lang='lat' dir='ltr'><strong>generosos</strong></span> <span class='ocrx_word' id='word_1_692' title='bbox 1631 3556 1775 3620; x_wconf 85' lang='lat' dir='ltr'><strong>reipublicae</strong></span> 
     </span>
     <span class='ocr_line' id='line_1_87' title="bbox 999 3641 1776 3708; baseline -0.005 -14"><span class='ocrx_word' id='word_1_693' title='bbox 999 3665 1011 3687; x_wconf 95' lang='grc' dir='ltr'><strong>ιι</strong></span> <span class='ocrx_word' id='word_1_694' title='bbox 1025 3646 1119 3696; x_wconf 88' lang='lat' dir='ltr'><strong>animos</strong></span> <span class='ocrx_word' id='word_1_695' title='bbox 1130 3644 1313 3708; x_wconf 81' lang='lat' dir='ltr'><strong>deprimendos</strong></span> <span class='ocrx_word' id='word_1_696' title='bbox 1324 3662 1334 3696; x_wconf 89' lang='lat'><strong>.·</strong></span> <span class='ocrx_word' id='word_1_697' title='bbox 1344 3647 1370 3694; x_wconf 91' lang='lat' dir='ltr'><strong>et</strong></span> <span class='ocrx_word' id='word_1_698' title='bbox 1382 3657 1412 3692; x_wconf 91' lang='lat' dir='ltr'><strong>ne</strong></span> <span class='ocrx_word' id='word_1_699' title='bbox 1424 3657 1490 3693; x_wconf 90' lang='lat' dir='ltr'><strong>nune</strong></span> <span class='ocrx_word' id='word_1_700' title='bbox 1503 3644 1604 3706; x_wconf 90' lang='lat' dir='ltr'><strong>quidem</strong></span> <span class='ocrx_word' id='word_1_701' title='bbox 1616 3641 1686 3691; x_wconf 90' lang='lat' dir='ltr'><strong>aliter</strong></span> <span class='ocrx_word' id='word_1_702' title='bbox 1696 3642 1776 3691; x_wconf 87' lang='lat' dir='ltr'><strong>sentio</strong></span> 
     </span>
     <span class='ocr_line' id='line_1_88' title="bbox 995 3725 1773 3793; baseline -0.006 -14"><span class='ocrx_word' id='word_1_703' title='bbox 995 3748 1009 3773; x_wconf 84' lang='grc' dir='ltr'><strong>ιι</strong></span> <span class='ocrx_word' id='word_1_704' title='bbox 1024 3743 1054 3779; x_wconf 90' lang='lat' dir='ltr'><strong>ac</strong></span> <span class='ocrx_word' id='word_1_705' title='bbox 1066 3728 1199 3793; x_wconf 80' lang='lat' dir='ltr'><strong>principi03</strong></span> <span class='ocrx_word' id='word_1_706' title='bbox 1214 3727 1308 3792; x_wconf 90' lang='lat' dir='ltr'><strong>alioqui</strong></span> <span class='ocrx_word' id='word_1_707' title='bbox 1325 3730 1437 3779; x_wconf 90' lang='lat' dir='ltr'><strong>omnium</strong></span> <span class='ocrx_word' id='word_1_708' title='bbox 1456 3729 1598 3778; x_wconf 86' lang='lat' dir='ltr'><strong>mortalium</strong></span> <span class='ocrx_word' id='word_1_709' title='bbox 1618 3740 1698 3777; x_wconf 88' lang='lat' dir='ltr'><strong>essem</strong></span> <span class='ocrx_word' id='word_1_710' title='bbox 1711 3725 1773 3775; x_wconf 87' lang='lat' dir='ltr'><strong>stul·</strong></span> 
     </span>
     <span class='ocr_line' id='line_1_89' title="bbox 1000 3807 1774 3877; baseline -0.012 -13"><span class='ocrx_word' id='word_1_711' title='bbox 1000 3835 1012 3858; x_wconf 91' lang='grc' dir='ltr'><strong>ι</strong></span> <span class='ocrx_word' id='word_1_712' title='bbox 1026 3814 1151 3873; x_wconf 83' lang='lat' dir='ltr'><strong>tissimus,</strong></span> <span class='ocrx_word' id='word_1_713' title='bbox 1164 3814 1186 3864; x_wconf 89' lang='lat' dir='ltr'><strong>si</strong></span> <span class='ocrx_word' id='word_1_714' title='bbox 1196 3852 1202 3871; x_wconf 88' lang='lat'><strong>,</strong></span> <span class='ocrx_word' id='word_1_715' title='bbox 1213 3826 1269 3865; x_wconf 89' lang='lat' dir='ltr'><strong>cum</strong></span> <span class='ocrx_word' id='word_1_716' title='bbox 1287 3825 1350 3863; x_wconf 91' lang='lat' dir='ltr'><strong>anuo</strong></span> <span class='ocrx_word' id='word_1_717' title='bbox 1363 3813 1489 3877; x_wconf 86' lang='lat' dir='ltr'><strong>superiore</strong></span> <span class='ocrx_word' id='word_1_718' title='bbox 1501 3812 1588 3863; x_wconf 92' lang='lat' dir='ltr'><strong>consul</strong></span> <span class='ocrx_word' id='word_1_719' title='bbox 1605 3810 1704 3874; x_wconf 79' lang='lat' dir='ltr'><strong>collegae</strong></span> <span class='ocrx_word' id='word_1_720' title='bbox 1715 3807 1774 3858; x_wconf 86' lang='lat' dir='ltr'><strong>milii</strong></span> 
     </span>
     <span class='ocr_line' id='line_1_90' title="bbox 1000 3896 1774 3967; baseline -0.01 -15"><span class='ocrx_word' id='word_1_721' title='bbox 1000 3921 1012 3946; x_wconf 84' lang='grc' dir='ltr'><strong>ιι</strong></span> <span class='ocrx_word' id='word_1_722' title='bbox 1028 3903 1167 3952; x_wconf 83' lang='lat' dir='ltr'><strong>adversanti</strong></span> <span class='ocrx_word' id='word_1_723' title='bbox 1181 3905 1207 3954; x_wconf 90' lang='lat' dir='ltr'><strong>et</strong></span> <span class='ocrx_word' id='word_1_724' title='bbox 1223 3902 1322 3967; x_wconf 89' lang='lat' dir='ltr'><strong>plebem</strong></span> <span class='ocrx_word' id='word_1_725' title='bbox 1337 3902 1362 3952; x_wconf 86' lang='lat' dir='ltr'><strong>iu</strong></span> <span class='ocrx_word' id='word_1_726' title='bbox 1375 3915 1415 3952; x_wconf 91' lang='lat' dir='ltr'><strong>me</strong></span> <span class='ocrx_word' id='word_1_727' title='bbox 1431 3899 1566 3951; x_wconf 86' lang='lat' dir='ltr'><strong>concitanti</strong></span> <span class='ocrx_word' id='word_1_728' title='bbox 1588 3896 1736 3953; x_wconf 87' lang='lat' dir='ltr'><strong>restiterim,</strong></span> <span class='ocrx_word' id='word_1_729' title='bbox 1750 3899 1774 3945; x_wconf 90' lang='lat' dir='ltr'><strong>et</strong></span> 
     </span>
     <span class='ocr_line' id='line_1_91' title="bbox 1000 3984 1774 4054; baseline -0.01 -14"><span class='ocrx_word' id='word_1_730' title='bbox 1000 4008 1013 4035; x_wconf 88' lang='grc' dir='ltr'><strong>ιι</strong></span> <span class='ocrx_word' id='word_1_731' title='bbox 1026 3992 1167 4041; x_wconf 86' lang='lat' dir='ltr'><strong>constanter</strong></span> <span class='ocrx_word' id='word_1_732' title='bbox 1182 3992 1208 4041; x_wconf 89' lang='lat' dir='ltr'><strong>in</strong></span> <span class='ocrx_word' id='word_1_733' title='bbox 1224 3989 1345 4042; x_wconf 88' lang='lat' dir='ltr'><strong>sententia</strong></span> <span class='ocrx_word' id='word_1_734' title='bbox 1356 3988 1580 4054; x_wconf 87' lang='lat' dir='ltr'><strong>perseveraverim,</strong></span> <span class='ocrx_word' id='word_1_735' title='bbox 1592 3999 1638 4036; x_wconf 92' lang='lat' dir='ltr'><strong>nec</strong></span> <span class='ocrx_word' id='word_1_736' title='bbox 1651 3984 1703 4035; x_wconf 93' lang='lat' dir='ltr'><strong>ullo</strong></span> <span class='ocrx_word' id='word_1_737' title='bbox 1721 3987 1774 4034; x_wconf 87' lang='lat' dir='ltr'><strong>ter·</strong></span> 
     </span>
     <span class='ocr_line' id='line_1_92' title="bbox 1000 4066 1775 4139; baseline -0.013 -14"><span class='ocrx_word' id='word_1_738' title='bbox 1000 4094 1013 4119; x_wconf 83' lang='grc' dir='ltr'><strong>ιι</strong></span> <span class='ocrx_word' id='word_1_739' title='bbox 1027 4088 1082 4125; x_wconf 90' lang='lat' dir='ltr'><strong>rore</strong></span> <span class='ocrx_word' id='word_1_740' title='bbox 1097 4074 1186 4138; x_wconf 89' lang='lat' dir='ltr'><strong>depelli</strong></span> <span class='ocrx_word' id='word_1_741' title='bbox 1204 4073 1337 4139; x_wconf 85' lang='lat' dir='ltr'><strong>potuerim,</strong></span> <span class='ocrx_word' id='word_1_742' title='bbox 1353 4087 1398 4123; x_wconf 92' lang='lat' dir='ltr'><strong>nec</strong></span> <span class='ocrx_word' id='word_1_743' title='bbox 1416 4072 1475 4123; x_wconf 89' lang='lat' dir='ltr'><strong>ullis</strong></span> <span class='ocrx_word' id='word_1_744' title='bbox 1495 4069 1609 4135; x_wconf 89' lang='lat' dir='ltr'><strong>preclbus</strong></span> <span class='ocrx_word' id='word_1_745' title='bbox 1627 4073 1671 4118; x_wconf 92' lang='lat' dir='ltr'><strong>aut</strong></span> <span class='ocrx_word' id='word_1_746' title='bbox 1690 4066 1775 4132; x_wconf 82' lang='lat' dir='ltr'><strong>gratita</strong></span> 
     </span>
     <span class='ocr_line' id='line_1_93' title="bbox 1000 4155 1774 4222; baseline -0.004 -14"><span class='ocrx_word' id='word_1_747' title='bbox 1000 4178 1012 4203; x_wconf 91' lang='lat'>«</span> <span class='ocrx_word' id='word_1_748' title='bbox 1028 4159 1153 4219; x_wconf 85' lang='lat' dir='ltr'><strong>cesserim,</strong></span> <span class='ocrx_word' id='word_1_749' title='bbox 1173 4172 1239 4209; x_wconf 91' lang='lat' dir='ltr'><strong>nune</strong></span> <span class='ocrx_word' id='word_1_750' title='bbox 1257 4159 1369 4222; x_wconf 85' lang='lat' dir='ltr'><strong>privatus</strong></span> <span class='ocrx_word' id='word_1_751' title='bbox 1379 4171 1419 4207; x_wconf 90' lang='lat' dir='ltr'><strong>me</strong></span> <span class='ocrx_word' id='word_1_752' title='bbox 1432 4157 1483 4220; x_wconf 88' lang='lat' dir='ltr'><strong>ipse</strong></span> <span class='ocrx_word' id='word_1_753' title='bbox 1495 4155 1640 4219; x_wconf 85' lang='lat' dir='ltr'><strong>dejicerem,</strong></span> <span class='ocrx_word' id='word_1_754' title='bbox 1655 4159 1680 4205; x_wconf 89' lang='lat' dir='ltr'><strong>et</strong></span> <span class='ocrx_word' id='word_1_755' title='bbox 1694 4170 1774 4207; x_wconf 87' lang='lat' dir='ltr'><strong>meam</strong></span> 
     </span>
     <span class='ocr_line' id='line_1_94' title="bbox 1001 4241 1776 4309; baseline -0.003 -16"><span class='ocrx_word' id='word_1_756' title='bbox 1001 4263 1013 4287; x_wconf 84' lang='grc' dir='ltr'><strong>ι</strong></span> <span class='ocrx_word' id='word_1_757' title='bbox 1027 4244 1142 4308; x_wconf 90' lang='lat' dir='ltr'><strong>loquendi</strong></span> <span class='ocrx_word' id='word_1_758' title='bbox 1157 4245 1295 4296; x_wconf 90' lang='lat' dir='ltr'><strong>libertatem</strong></span> <span class='ocrx_word' id='word_1_759' title='bbox 1310 4244 1449 4309; x_wconf 90' lang='lat' dir='ltr'><strong>proderem.</strong></span> <span class='ocrx_word' id='word_1_760' title='bbox 1466 4244 1525 4294; x_wconf 88' lang='lat' dir='ltr'><strong>Sive</strong></span> <span class='ocrx_word' id='word_1_761' title='bbox 1536 4244 1611 4307; x_wconf 90' lang='lat' dir='ltr'><strong>igitur</strong></span> <span class='ocrx_word' id='word_1_762' title='bbox 1623 4241 1688 4294; x_wconf 87' lang='lat' dir='ltr'><strong>hanc</strong></span> <span class='ocrx_word' id='word_1_763' title='bbox 1701 4243 1776 4295; x_wconf 89' lang='lat' dir='ltr'><strong>animi</strong></span> 
     </span>
     <span class='ocr_line' id='line_1_95' title="bbox 1000 4331 1775 4397; baseline -0.003 -16"><span class='ocrx_word' id='word_1_764' title='bbox 1000 4352 1012 4375; x_wconf 87' lang='grc' dir='ltr'><strong>ι</strong></span> <span class='ocrx_word' id='word_1_765' title='bbox 1028 4332 1075 4381; x_wconf 93' lang='lat' dir='ltr'><strong>mei</strong></span> <span class='ocrx_word' id='word_1_766' title='bbox 1094 4331 1231 4382; x_wconf 88' lang='lat' dir='ltr'><strong>libertatem</strong></span> <span class='ocrx_word' id='word_1_767' title='bbox 1250 4332 1421 4397; x_wconf 80' lang='lat' dir='ltr'><strong>unusquisque</strong></span> <span class='ocrx_word' id='word_1_768' title='bbox 1442 4334 1552 4381; x_wconf 87' lang='lat' dir='ltr'><strong>vestrum</strong></span> <span class='ocrx_word' id='word_1_769' title='bbox 1573 4331 1633 4382; x_wconf 89' lang='lat' dir='ltr'><strong>velit</strong></span> <span class='ocrx_word' id='word_1_770' title='bbox 1654 4331 1775 4395; x_wconf 87' lang='lat' dir='ltr'><strong>appellare</strong></span> 
     </span>
     <span class='ocr_line' id='line_1_96' title="bbox 1001 4414 1775 4481; baseline 0.001 -19"><span class='ocrx_word' id='word_1_771' title='bbox 1001 4437 1014 4462; x_wconf 86' lang='grc' dir='ltr'><strong>ιι</strong></span> <span class='ocrx_word' id='word_1_772' title='bbox 1030 4418 1237 4481; x_wconf 87' lang='lat' dir='ltr'><strong>genemsitatem,</strong></span> <span class='ocrx_word' id='word_1_773' title='bbox 1261 4417 1314 4468; x_wconf 84' lang='lat' dir='ltr'><strong>sive</strong></span> <span class='ocrx_word' id='word_1_774' title='bbox 1334 4418 1514 4480; x_wconf 81' lang='lat' dir='ltr'><strong>arrogantiam,</strong></span> <span class='ocrx_word' id='word_1_775' title='bbox 1537 4421 1621 4468; x_wconf 89' lang='lat' dir='ltr'><strong>tamen</strong></span> <span class='ocrx_word' id='word_1_776' title='bbox 1640 4414 1775 4479; x_wconf 87' lang='lat' dir='ltr'><strong>(quamdiu</strong></span> 
     </span>
     <span class='ocr_line' id='line_1_97' title="bbox 1000 4499 1773 4567; baseline -0.001 -18"><span class='ocrx_word' id='word_1_777' title='bbox 1000 4523 1013 4548; x_wconf 91' lang='grc' dir='ltr'><strong>ιι</strong></span> <span class='ocrx_word' id='word_1_778' title='bbox 1030 4503 1131 4563; x_wconf 83' lang='lat' dir='ltr'><strong>vivam)</strong></span> <span class='ocrx_word' id='word_1_779' title='bbox 1152 4516 1277 4566; x_wconf 87' lang='lat' dir='ltr'><strong>nunquam</strong></span> <span class='ocrx_word' id='word_1_780' title='bbox 1289 4503 1338 4567; x_wconf 76' lang='lat' dir='ltr'><strong>[ab</strong></span> <span class='ocrx_word' id='word_1_781' title='bbox 1349 4504 1395 4553; x_wconf 90' lang='lat' dir='ltr'><strong>bac</strong></span> <span class='ocrx_word' id='word_1_782' title='bbox 1407 4506 1474 4553; x_wconf 86' lang='lat' dir='ltr'><strong>recta</strong></span> <span class='ocrx_word' id='word_1_783' title='bbox 1492 4503 1615 4554; x_wconf 89' lang='lat' dir='ltr'><strong>sententie</strong></span> <span class='ocrx_word' id='word_1_784' title='bbox 1633 4499 1773 4559; x_wconf 86' lang='lat' dir='ltr'><strong>discedam,</strong></span> 
     </span>
     <span class='ocr_line' id='line_1_98' title="bbox 1000 4586 1773 4654; baseline -0.006 -15"><span class='ocrx_word' id='word_1_785' title='bbox 1000 4608 1013 4633; x_wconf 83' lang='grc' dir='ltr'><strong>ιι</strong></span> <span class='ocrx_word' id='word_1_786' title='bbox 1029 4589 1090 4654; x_wconf 80' lang='lat' dir='ltr'><strong>nec]</strong></span> <span class='ocrx_word' id='word_1_787' title='bbox 1103 4591 1129 4641; x_wconf 93' lang='lat' dir='ltr'><strong>in</strong></span> <span class='ocrx_word' id='word_1_788' title='bbox 1149 4590 1253 4653; x_wconf 81' lang='lat' dir='ltr'><strong>gratiam</strong></span> <span class='ocrx_word' id='word_1_789' title='bbox 1264 4590 1433 4654; x_wconf 84' lang='lat' dir='ltr'><strong>improborum</strong></span> <span class='ocrx_word' id='word_1_790' title='bbox 1446 4591 1574 4641; x_wconf 87' lang='lat' dir='ltr'><strong>hominum</strong></span> <span class='ocrx_word' id='word_1_791' title='bbox 1587 4600 1664 4638; x_wconf 91' lang='lat' dir='ltr'><strong>novas</strong></span> <span class='ocrx_word' id='word_1_792' title='bbox 1676 4586 1773 4637; x_wconf 81' lang='lat' dir='ltr'><strong>tabulas</strong></span> 
     </span>
     <span class='ocr_line' id='line_1_99' title="bbox 1000 4672 1773 4736; baseline -0.003 -14"><span class='ocrx_word' id='word_1_793' title='bbox 1000 4696 1012 4721; x_wconf 84' lang='grc' dir='ltr'><strong>ιι</strong></span> <span class='ocrx_word' id='word_1_794' title='bbox 1026 4676 1199 4735; x_wconf 86' lang='lat' dir='ltr'><strong>introducam,</strong></span> <span class='ocrx_word' id='word_1_795' title='bbox 1218 4675 1352 4726; x_wconf 88' lang='lat' dir='ltr'><strong>sedetiam</strong></span> <span class='ocrx_word' id='word_1_796' title='bbox 1369 4677 1436 4726; x_wconf 90' lang='lat' dir='ltr'><strong>omni</strong></span> <span class='ocrx_word' id='word_1_797' title='bbox 1455 4676 1539 4726; x_wconf 89' lang='lat' dir='ltr'><strong>studio</strong></span> <span class='ocrx_word' id='word_1_798' title='bbox 1551 4687 1594 4723; x_wconf 86' lang='lat' dir='ltr'><strong>eos</strong></span> <span class='ocrx_word' id='word_1_799' title='bbox 1612 4672 1773 4736; x_wconf 87' lang='lat' dir='ltr'><strong>oppugnabo,</strong></span> 
     </span>
     <span class='ocr_line' id='line_1_100' title="bbox 999 4761 1773 4829; baseline -0.009 -12"><span class='ocrx_word' id='word_1_800' title='bbox 999 4785 1012 4810; x_wconf 86' lang='grc' dir='ltr'><strong>ιι</strong></span> <span class='ocrx_word' id='word_1_801' title='bbox 1027 4766 1068 4829; x_wconf 88' lang='lat' dir='ltr'><strong>qui</strong></span> <span class='ocrx_word' id='word_1_802' title='bbox 1082 4780 1124 4816; x_wconf 87' lang='lat' dir='ltr'><strong>eas</strong></span> <span class='ocrx_word' id='word_1_803' title='bbox 1133 4765 1289 4816; x_wconf 88' lang='lat' dir='ltr'><strong>introducere</strong></span> <span class='ocrx_word' id='word_1_804' title='bbox 1298 4764 1438 4814; x_wconf 86' lang='lat' dir='ltr'><strong>voluerint:</strong></span> <span class='ocrx_word' id='word_1_805' title='bbox 1451 4763 1511 4813; x_wconf 88' lang='lat' dir='ltr'><strong>illud</strong></span> <span class='ocrx_word' id='word_1_806' title='bbox 1521 4761 1679 4812; x_wconf 89' lang='lat' dir='ltr'><strong>considerans</strong></span> <span class='ocrx_word' id='word_1_807' title='bbox 1692 4761 1773 4811; x_wconf 87' lang='lat' dir='ltr'><strong>omnia</strong></span> 
     </span>
     <span class='ocr_line' id='line_1_101' title="bbox 999 4843 1774 4914; baseline -0.008 -14"><span class='ocrx_word' id='word_1_808' title='bbox 999 4870 1012 4895; x_wconf 88' lang='grc' dir='ltr'><strong>ιι</strong></span> <span class='ocrx_word' id='word_1_809' title='bbox 1030 4851 1097 4909; x_wconf 85' lang='lat' dir='ltr'><strong>vitia,</strong></span> <span class='ocrx_word' id='word_1_810' title='bbox 1113 4850 1309 4914; x_wconf 88' lang='lat' dir='ltr'><strong>corruptionem,</strong></span> <span class='ocrx_word' id='word_1_811' title='bbox 1334 4852 1360 4899; x_wconf 89' lang='lat' dir='ltr'><strong>et</strong></span> <span class='ocrx_word' id='word_1_812' title='bbox 1377 4851 1418 4910; x_wconf 89' lang='lat' dir='ltr'><strong>(ut</strong></span> <span class='ocrx_word' id='word_1_813' title='bbox 1437 4846 1519 4910; x_wconf 85' lang='lat' dir='ltr'><strong>paucis</strong></span> <span class='ocrx_word' id='word_1_814' title='bbox 1538 4859 1591 4896; x_wconf 88' lang='lat' dir='ltr'><strong>rem</strong></span> <span class='ocrx_word' id='word_1_815' title='bbox 1602 4843 1774 4909; x_wconf 80' lang='lat' dir='ltr'><strong>complectar)</strong></span> 
     </span>
     <span class='ocr_line' id='line_1_102' title="bbox 1000 4931 1775 5002; baseline -0.006 -15"><span class='ocrx_word' id='word_1_816' title='bbox 1000 4955 1012 4979; x_wconf 90' lang='grc' dir='ltr'><strong>ι</strong></span> <span class='ocrx_word' id='word_1_817' title='bbox 1027 4951 1124 4987; x_wconf 87' lang='lat' dir='ltr'><strong>omnem</strong></span> <span class='ocrx_word' id='word_1_818' title='bbox 1159 4937 1301 5002; x_wconf 86' lang='lat' dir='ltr'><strong>reipublicae</strong></span> <span class='ocrx_word' id='word_1_819' title='bbox 1324 4936 1511 4986; x_wconf 88' lang='lat' dir='ltr'><strong>subversionem</strong></span> <span class='ocrx_word' id='word_1_820' title='bbox 1532 4948 1565 4985; x_wconf 86' lang='lat' dir='ltr'><strong>ex</strong></span> <span class='ocrx_word' id='word_1_821' title='bbox 1593 4934 1665 4984; x_wconf 92' lang='lat' dir='ltr'><strong>novis</strong></span> <span class='ocrx_word' id='word_1_822' title='bbox 1682 4931 1775 4983; x_wconf 88' lang='lat' dir='ltr'><strong>tabulis</strong></span> 
     </span>
     <span class='ocr_line' id='line_1_103' title="bbox 1000 5016 1775 5086; baseline 0.004 -18"><span class='ocrx_word' id='word_1_823' title='bbox 1000 5042 1013 5067; x_wconf 83' lang='grc' dir='ltr'><strong>ιι</strong></span> <span class='ocrx_word' id='word_1_824' title='bbox 1026 5022 1103 5073; x_wconf 86' lang='lat' dir='ltr'><strong>nasci.</strong></span> <span class='ocrx_word' id='word_1_825' title='bbox 1137 5026 1168 5072; x_wconf 82' lang='lat' dir='ltr'><strong>Et</strong></span> <span class='ocrx_word' id='word_1_826' title='bbox 1185 5023 1237 5072; x_wconf 88' lang='lat' dir='ltr'><strong>sire</strong></span> <span class='ocrx_word' id='word_1_827' title='bbox 1249 5021 1306 5085; x_wconf 86' lang='lat' dir='ltr'><strong>quis</strong></span> <span class='ocrx_word' id='word_1_828' title='bbox 1317 5020 1459 5086; x_wconf 88' lang='lat' dir='ltr'><strong>prudenter,</strong></span> <span class='ocrx_word' id='word_1_829' title='bbox 1474 5019 1526 5071; x_wconf 90' lang='lat' dir='ltr'><strong>sive</strong></span> <span class='ocrx_word' id='word_1_830' title='bbox 1538 5033 1584 5083; x_wconf 91' lang='lat' dir='ltr'><strong>per</strong></span> <span class='ocrx_word' id='word_1_831' title='bbox 1602 5017 1727 5069; x_wconf 84' lang='lat' dir='ltr'><strong>insaniam.</strong></span> <span class='ocrx_word' id='word_1_832' title='bbox 1738 5016 1775 5082; x_wconf 83' lang='lat' dir='ltr'><strong>(si</strong></span> 
     </span>
     <span class='ocr_line' id='line_1_104' title="bbox 1000 5103 1774 5172; baseline -0.005 -14"><span class='ocrx_word' id='word_1_833' title='bbox 1000 5128 1013 5152; x_wconf 90' lang='grc' dir='ltr'><strong>ιι</strong></span> <span class='ocrx_word' id='word_1_834' title='bbox 1026 5108 1127 5171; x_wconf 82' lang='lat' dir='ltr'><strong>quidem</strong></span> <span class='ocrx_word' id='word_1_835' title='bbox 1147 5122 1196 5158; x_wconf 90' lang='lat' dir='ltr'><strong>nou</strong></span> <span class='ocrx_word' id='word_1_836' title='bbox 1216 5107 1352 5172; x_wconf 87' lang='lat' dir='ltr'><strong>privatam,</strong></span> <span class='ocrx_word' id='word_1_837' title='bbox 1368 5105 1413 5157; x_wconf 90' lang='lat' dir='ltr'><strong>sed</strong></span> <span class='ocrx_word' id='word_1_838' title='bbox 1437 5105 1560 5170; x_wconf 90' lang='lat' dir='ltr'><strong>publicam</strong></span> <span class='ocrx_word' id='word_1_839' title='bbox 1580 5103 1774 5155; x_wconf 89' lang='lat' dir='ltr'><strong>incolumitatem</strong></span> 
     </span>
     <span class='ocr_line' id='line_1_105' title="bbox 1001 5188 1774 5258; baseline -0.008 -15"><span class='ocrx_word' id='word_1_840' title='bbox 1001 5212 1014 5237; x_wconf 85' lang='grc' dir='ltr'><strong>ιι</strong></span> <span class='ocrx_word' id='word_1_841' title='bbox 1031 5192 1190 5258; x_wconf 89' lang='lat' dir='ltr'><strong>spectandam</strong></span> <span class='ocrx_word' id='word_1_842' title='bbox 1207 5192 1309 5254; x_wconf 89' lang='lat' dir='ltr'><strong>censeo)</strong></span> <span class='ocrx_word' id='word_1_843' title='bbox 1320 5192 1372 5242; x_wconf 88' lang='lat' dir='ltr'><strong>sive</strong></span> <span class='ocrx_word' id='word_1_844' title='bbox 1388 5204 1536 5255; x_wconf 86' lang='lat' dir='ltr'><strong>quocunque</strong></span> <span class='ocrx_word' id='word_1_845' title='bbox 1545 5189 1593 5241; x_wconf 89' lang='lat' dir='ltr'><strong>elio</strong></span> <span class='ocrx_word' id='word_1_846' title='bbox 1607 5188 1681 5239; x_wconf 75' lang='grc' dir='ltr'>ιιιοιίο</span> <span class='ocrx_word' id='word_1_847' title='bbox 1694 5188 1774 5238; x_wconf 82' lang='lat' dir='ltr'><strong>braca</strong></span> 
     </span>
     <span class='ocr_line' id='line_1_106' title="bbox 1000 5276 1773 5347; baseline -0.009 -16"><span class='ocrx_word' id='word_1_848' title='bbox 1000 5302 1015 5331; x_wconf 90' lang='grc' dir='ltr'><strong>ιι</strong></span> <span class='ocrx_word' id='word_1_849' title='bbox 1028 5295 1069 5334; x_wconf 90' lang='lat' dir='ltr'><strong>ms</strong></span> <span class='ocrx_word' id='word_1_850' title='bbox 1081 5280 1130 5333; x_wconf 90' lang='lat' dir='ltr'><strong>dici</strong></span> <span class='ocrx_word' id='word_1_851' title='bbox 1141 5280 1254 5347; x_wconf 87' lang='lat' dir='ltr'><strong>putabit,</strong></span> <span class='ocrx_word' id='word_1_852' title='bbox 1269 5279 1291 5331; x_wconf 89' lang='lat' dir='ltr'><strong>el</strong></span> <span class='ocrx_word' id='word_1_853' title='bbox 1301 5279 1416 5345; x_wconf 88' lang='lat' dir='ltr'><strong>permitto</strong></span> <span class='ocrx_word' id='word_1_854' title='bbox 1430 5283 1471 5340; x_wconf 87' lang='lat' dir='ltr'><strong>ut,</strong></span> <span class='ocrx_word' id='word_1_855' title='bbox 1488 5281 1562 5342; x_wconf 89' lang='lat' dir='ltr'><strong>prout</strong></span> <span class='ocrx_word' id='word_1_856' title='bbox 1575 5276 1691 5338; x_wconf 87' lang='lat' dir='ltr'><strong>voluerit,</strong></span> <span class='ocrx_word' id='word_1_857' title='bbox 1714 5289 1773 5326; x_wconf 88' lang='lat' dir='ltr'><strong>sen-</strong></span> 
     </span>
    </p>
   </div>
   <div class='ocr_carea' id='block_1_10' title="bbox 0 0 2039 5926">
    <p class='ocr_par' dir='ltr' id='par_1_11' title="bbox 0 0 2039 5926">
     <span class='ocr_line' id='line_1_107' title="bbox 0 0 2039 5926; baseline 0 0"><span class='ocrx_word' id='word_1_858' title='bbox 0 0 2039 5926; x_wconf 95' lang='lat' dir='ltr'><strong> </strong></span> 
     </span>
    </p>
   </div>
  </div>
 </body>
</html>
