4048 5924
616 400 914 474 ANTIQUITATUM
936 403 1090 464 acutri.
1114 405 1188 468 LIB.
1215 406 1277 468 t'll.

136 563 148 587 ιι
166 533 303 605 διαστήσει
325 530 373 604 τήν
403 531 495 604 πόλιν,
521 532 693 611 ἐπεχείρησε,
717 534 842 614 πράττειν
876 534 904 596 di

135 651 147 676 ιι
169 628 220 702 οὐχ
228 613 270 683 οἷα
282 621 370 698 ἔλεγεν
386 620 545 694 ίπεόιίλετο,
561 621 686 681 ἀλλὰκαὶ
701 624 790 703 στῖρος
804 624 909 704 ἀνθρώ-

134 738 147 764 ιι
168 737 225 771 πων
242 712 279 776 εἰς
300 708 406 769 άπασαν
424 710 569 790 ὑπηρεσίαν
592 710 704 788 ἑτοίμων
727 712 789 791 περὶ
816 712 909 772 ἑαυτὸν

135 828 147 853 ιι
164 799 245 880 ἔχων,
260 799 420 875 καλούμενος
430 797 473 857 ἐπὶ
484 796 531 868 τὴν
543 798 629 877 ἀρχὴν
642 802 718 875 ἡμῶν
728 801 776 858 οῦκ
789 801 909 882 ἀπαντᾷ,

91 908 104 971 ‚⁵
135 916 148 942 ιι
171 888 286 954 καὶτοῖς
307 886 450 966 ὑπηρέταις
468 894 524 953 τοῖς
541 886 695 966 ἡμετέροις,
715 887 795 948 ὑπότε
820 892 910 948 κελευ·

135 1003 149 1030 ιι
165 976 266 1043 σθίντες
282 974 355 1054 ἀγειν
377 974 455 1035 αὐτὸν
478 973 680 1051 ίπιῦάλλοιντο,
695 974 801 1055 πληγάς
824 979 909 1057 ίντρί·

135 1092 149 1119 ιι
167 1065 223 1137 ῦει,
239 1066 284 1124 καὶ
308 1063 366 1125 otti
388 1067 440 1123 τῶν
461 1064 596 1144 ήμετίρων
615 1064 747 1140 σωμάτων
776 1065 815 1125 τὼ
834 1077 908 1148 χεῖρε

135 1179 149 1206 ιι
172 1155 298 1213 τελευτῶν
322 1150 462 1232 ἀπέχεται.
485 1150 570 1213 Ὥστε
596 1154 727 1234 περίεστιν
749 1158 815 1232 ἡμῖν
835 1154 911 1232 τόγ’

135 1267 150 1295 ιι
167 1243 210 1301 ἐπὶ
236 1249 335 1302 τοῦτον
350 1231 415 1300 εἶναι
437 1240 517 1320 μέρος
545 1239 630 1318 ὄνομα
656 1241 784 1322 εὐπρεπὲς
811 1242 909 1303 ἀσύλου

79 1354 106 1395 10
135 1332 251 1411 «ἀρχῆς
280 1331 324 1388 int
346 1330 492 1409 χλευασμῷ
516 1329 637 1406 κείμενον
661 1328 753 1410 ἔχειν,
780 1330 855 1412 ἔργον
881 1330 908 1391 δὲ

135 1445 150 1471 ιι
170 1422 222 1477 τῶν
245 1417 443 1491 ἀποδεδομένων
472 1421 504 1498 τῇ
531 1419 602 1498 ἀρχῇ
623 1419 691 1494 μηδὲ
719 1422 805 1479 ὁτιοῦν
825 1419 910 1500 πράτ·

135 1532 151 1558 ιι
167 1528 231 1566 τεεν.
277 1507 338 1570 Πῶς
352 1504 380 1563 δλ
395 1502 427 1564 δν
441 1503 537 1582 ἑτέροις
558 1506 705 1566 ἀδικεῖσθαι
719 1505 825 1587 λέγουσι
840 1511 909 1588 βοη-

135 1619 151 1646 ιι
169 1594 313 1671 θήσαιμεν,
329 1583 367 1660 οἷς
388 1616 418 1671 γε
439 1595 501 1671 μηδ’
524 1596 610 1661 αιίτοῑς
635 1593 748 1676 ὑπάρχει
769 1595 801 1656 τδ
824 1601 909 1678 dopo·

133 1707 151 1735 ιι
167 1684 226 1753 λέςτ
240 1683 335 1748 ταύτας
348 1679 437 1758 μέντοι
447 1678 494 1747 τδις
509 1678 597 1759 ῦῦρεις
611 1685 635 1741 οἱ
649 1682 759 1754 πένητες
774 1681 910 1763 ὑῦριζόμε·

79 1803 102 1842 ta
132 1795 151 1822 ιι
167 1794 207 1829 sot
230 1769 295 1851 πρὸς
320 1767 375 1835 ἑνὸς
403 1768 494 1848 ἀνδρὸς
518 1766 592 1829 οὔπω
619 1775 822 1849 τυραννοῦντος,
848 1774 908 1831 ἀλλ’

130 1882 149 1910 ιι
169 1859 208 1916 ἔτι
232 1858 388 1933 μέλλοντος,
412 1854 458 1915 καλ
480 1853 515 1914 τά
539 1856 587 1932 μὲν
612 1855 664 1930 ήδη
688 1857 862 1933 πεπονθότες,
886 1848 909 1917 ῶ

129 1972 148 1999 ιι
168 1946 263 2025 βουλή,
274 1945 360 2022 terat,
371 1945 406 2002 τά
419 1946 441 2004 δ’
450 1947 473 2003 εἰ
486 1942 523 2020 μή
534 1942 564 2003 τὸ
579 1946 667 2004 πλεῖον
682 1948 756 2023 ὑμῶν
772 1948 850 2025 μέρος
861 1951 910 2022 ίμ-

130 2061 149 2089 ιι
167 2032 256 2093 ποδῶν
283 2032 385 2109 ἐγένετο
403 2030 571 2113 παράσχιδδν
595 2033 711 2100 ἐλθόντες
734 2038 847 2108 παθεῖν,
867 2026 909 2115 ἀρ’

131 2149 150 2177 ιι
166 2124 214 2182 οῦκ
229 2121 335 2188 εἰκότως
356 2124 554 2199 ἀγανακτοῦμεν
572 2121 618 2181 καλ
636 2122 757 2201 βοηθείας
774 2124 843 2189 τινδς
854 2123 908 2184 οἰό-

78 2242 105 2279 η,
133 2238 152 2264 ιι
168 2216 235 2287 μεθα
248 2211 300 2269 δεῖν
316 2212 364 2269 οῦκ
381 2210 442 2268 ἀνευ
456 2213 503 2281 τῆς
512 2207 641 2290 ὑμετέρας
658 2209 909 2288 συναγανακτήσεως

133 2326 152 2353 ιι
167 2301 266 2378 τυχεῖν,
278 2299 322 2357 tut
335 2298 410 2372 δίκην
420 2298 498 2359 αύτδν
507 2299 567 2372 ίσην
577 2299 624 2357 καὶ
635 2297 759 2375 ῦόμιμον,
773 2289 796 2359 ῶ
811 2300 907 2379 βουλή,

135 2412 152 2440 ιι
171 2385 412 2465 προσκαλούμενοι,
430 2382 489 2461 περὶ
500 2384 533 2455 ἢν
554 2381 647 2443 ἅπασα
664 2384 795 2457 ἡπληθὺς
812 2410 907 2468 μερισ-

136 2501 150 2527 ιι
168 2477 243 2534 bairo
263 2471 332 2531 κατά
353 2470 435 2552 ρυλάς
458 2472 538 2551 λόγου
561 2470 678 2539 δοθέντος
702 2482 756 2540 τοῖς
778 2477 909 2553 δεομένοις

136 2588 151 2617 ιι
169 2561 273 2640 άνορκον
288 2559 386 2620 ἐποίσει
398 2560 445 2633 τήν
459 2557 611 2642 ψῆρονςἸθι
620 2564 682 2634 iaci,
693 2550 716 2621 ἀι
728 2563 850 2641 Μάρκιε,
863 2565 909 2624 καλ

80 2684 106 2722 25
137 2677 152 2705 ιι
170 2653 270 2725 ταῦτα,
284 2648 302 2707 ἀ
318 2648 420 2727 μέλλεις
435 2650 521 2727 λέγειν
535 2648 627 2709 ίνθάδε
638 2648 703 2730 πρδς
717 2649 837 2719 άπαντας
849 2655 909 2722 τοὺς

137 2766 151 2792 ιι
169 2735 278 2805 πολίτας
299 2736 404 2819 ἀθρόους
425 2738 570 2817 ἀπολογοῦ,
590 2737 642 2798 εἴτε
668 2741 704 2807 ῶς
720 2739 772 2799 aab
786 2747 831 2801 τοῦ
848 2746 909 2821 βελ-

136 2852 151 2879 ιι
169 2824 259 2884 τίστου
273 2823 306 2883 τά
326 2825 456 2906 κράτιστα
482 2823 665 2893 συνεῦούλευες
678 2824 795 2903 τούτοις,
817 2828 906 2907 [εἴτε]

137 2941 151 2968 ιι
167 2915 213 2973 καῖ
228 2912 383 2993 συνήνεγκεν
405 2913 437 2973 ἀν
457 2917 491 2994 τῇ
505 2914 580 2974 nota
599 2919 682 2972 ταῦτα
700 2916 843 2993 γενόμενα,
857 2918 909 2978 εἴτε

136 3030 151 3058 ιι
167 3008 204 3072 ιὺς
221 3007 268 3064 οῦκ
288 3006 344 3067 ίστι
366 3000 464 3063 δίκαιον
483 3001 567 3081 λόγων
591 3001 698 3072 εὐθύνας
717 3006 824 3087 ὑπέχειν
852 3007 910 3075 τοῦς

79 3125 107 3166 ³0
136 3090 392 3173 «ἀποφαινομένους
413 3091 504 3152 laetae
526 3091 706 3170 τάςγνῶμας,
728 3092 780 3154 εἴτε
805 3098 840 3162 ῶς
862 3100 910 3157 οῦκ

136 3207 150 3235 ιι
170 3184 201 3238 ia
223 3179 348 3261 προνοίας
362 3179 418 3239 οὐδ’
437 3179 594 3253 ῖπιύουλῆς,
610 3181 669 3240 ἀλλ’
684 3183 750 3262 ὀργῇ
767 3181 908 3264 ἐπιτρέψας

135 3296 150 3323 ιι
166 3268 200 3327 τά
214 3268 297 3346 μιαρά
319 3275 405 3327 ταῦτα
418 3276 555 3349 παραινεῖν
576 3269 724 3350 προήχθης,
742 3269 823 3330 είτεό
840 3296 864 3330 τι
877 3272 909 3345 δή

26 3406 29 3413 ,
135 3383 150 3410 ιι
167 3360 226 3415 ποτ’
240 3355 305 3415 ἀλλο
317 3354 476 3434 ἀπολόγημα
490 3356 569 3436 ἔχεις.
586 3357 777 3418 Καταῦίύασον
790 3359 843 3419 ἀπὸ
857 3364 909 3419 τῶν

136 3471 150 3499 ιι
168 3445 341 3527 ὑπερηφάνουν
364 3445 410 3504 καὶ
429 3448 589 3524 τυραννικῶν
617 3448 687 3525 αῦχη
711 3448 781 3507 άτων
803 3448 909 3508 ἐκείνων

77 3572 80 3579 ι
135 3531 278 3592 «σεαυτὸν
304 3530 348 3592 ἐπὶ
370 3531 401 3591 cd
424 3530 650 3612 δημοτικώτερον,
678 3558 701 3592 ω
728 3533 843 3613 πονηρέ,
864 3535 909 3594 καλ

135 3650 150 3677 ιι
168 3622 278 3693 ποίησον
294 3620 344 3694 ήδη
368 3618 432 3680 nori
456 3629 509 3687 τοῖς
527 3620 615 3686 ἀλλοις
645 3620 791 3699 ἀνθρώποις
810 3619 908 3699 ὅμοιον·

134 3738 149 3766 ιι
170 3708 354 3788 ἡμαρτηκότος
365 3707 431 3767 λάόε
451 3708 497 3767 καλ
520 3708 729 3789 παραιτουμένου
746 3711 839 3788 σχῆμα
857 3732 911 3768 τα-

133 3826 149 3854 ιι
166 3797 256 3858 πεινδν
277 3787 330 3855 οἷον
354 3798 508 3856 ἀπαιτοῦσιν
534 3799 561 3854 αἱ
591 3796 738 3875 συμφοραί·
754 3795 792 3872 μὴ
822 3798 909 3876 βιαζό·

134 3912 148 3942 ιι
169 3909 246 3964 μενος
266 3884 325 3950 τοὺς
340 3888 428 3952 κακῶς
451 3884 627 3957 πεπονθότας,
643 3884 712 3943 ἀλλὰ
731 3884 910 3965 ὑπερχόμενος

133 4000 148 4031 ι
166 3974 239 4044 ἀξίου
253 3973 390 4044 σώζεσθαι.
433 3975 455 4033 Γ
456 3972 554 4033 ενίσθω
589 3996 630 4032 σοι
662 3973 832 4052 παράδειγμα
861 3978 909 4047 τῆς

133 4090 147 4118 ιι
165 4064 322 4133 ίπιεικείας,
348 4052 367 4140 ᾖ
394 4059 530 4142 χρώμενος
551 4060 584 4121 θν
608 4059 662 4133 εἴης
682 4060 747 4141 πρδς
765 4060 825 4129 τοῦς
850 4060 908 4141 ἅμα

133 4180 147 4206 ιι
164 4150 380 4227 πολιτευομένους
395 4149 590 4222 άνεπεληπτος,
606 4149 640 4209 τά
662 4153 714 4209 τῶν
730 4152 833 4226 ἀγαθῶν
847 4148 908 4210 τού·

133 4268 147 4294 ιι
163 4265 216 4300 των
228 4240 305 4317 ἔργα,
324 4238 350 4299 οῖ
368 4246 485 4299 τοσοῦτοι
507 4242 554 4316 μέν
568 4238 638 4306 ὄντες
656 4240 686 4299 τὸ
702 4242 811 4316 πλῆθος,
830 4239 906 4312 όσυυς

133 4355 147 4385 ιι
165 4329 242 4395 αύτδς
253 4331 326 4407 δρῦς,
341 4327 468 4393 τοσαύτας
481 4326 508 4386 δὲ
524 4328 618 4408 ἀρετάς
634 4328 850 4406 ἀποδεδειγμένοι
862 4328 908 4388 καλ

96 4437 108 4471 s
133 4444 147 4472 ιι
164 4415 311 4492 πολεμικὰς
325 4415 371 4474 καί
384 4415 534 4492 πολιτικάς,
559 4416 590 4486 ἀς
605 4417 659 4476 οὐδ’
682 4420 708 4476 ἐν
727 4419 819 4498 πολλῶ
839 4416 909 4477 πάνυ

133 4533 147 4562 ιι
163 4506 253 4586 χρόνῳ
267 4506 376 4564 διελθεῖν
398 4504 505 4584 ῥηίδιον,
525 4505 596 4566 οὐδὲν
611 4507 684 4583 ὠμὸν
699 4505 752 4566 οὐδ’
773 4506 908 4589 ὑπερήρα·

133 4620 148 4649 ιι
165 4618 209 4652 νον
233 4592 376 4670 ἐξήνεγκαν
399 4594 472 4660 τέλος
491 4592 550 4653 καθ’
571 4599 647 4672 ἡμῶν
661 4598 714 4654 τῶν
736 4595 843 4677 ραύλων
863 4595 909 4655 καὶ

133 4706 147 4733 ι
165 4684 297 4739 ταπεινῶν
310 4682 335 4740 οἱ
358 4680 449 4758 σεμνοὶ
463 4681 508 4739 καὶ
529 4681 657 4760 μεγάλοι,
675 4681 805 4742 ἀλλὰκαὶ
824 4682 909 4763 λόγων

132 4796 147 4823 ιι
164 4759 247 4848 ήρξαν
270 4768 459 4845 συμῦατηρίων
483 4769 557 4829 αὑτοὶ
580 4770 703 4850 πρότεροι
732 4769 909 4848 προτείνοντες

82 4877 108 4914 ευ
132 4883 147 4912 ιι
165 4857 329 4934 διαλλαγὰς,
350 4856 393 4917 δτι
415 4858 508 4916 διεῖλεν
530 4863 601 4935 ἡμᾶς
615 4857 661 4919 ἀπ’
685 4858 841 4929 ἀλλήλωνὴ
864 4857 908 4916 τύ·

132 4968 147 4999 ε
164 4967 222 5025 χη,
244 4947 290 5005 καὶ
317 4947 364 5014 τάς
388 4944 547 5022 συμύιίσεις,
571 4948 620 5024 οὐχ
653 4950 688 5012 ῶς
712 4948 814 5011 ἑαυτοῖς
843 4948 906 5004 ὑπε-

131 5032 302 5110 ιλάμόανον
324 5035 420 5115 ἀριστα
438 5033 522 5109 ἕξειν,
548 5037 607 5094 ἀλλ’
629 5038 665 5102 ῶς
691 5034 768 5110 ἡμεῖς
781 5033 906 5110 ἠξιοῦμεν

130 5149 145 5176 ιι
163 5123 355 5202 συνεχώρησαν
372 5124 513 5201 γενέσθαι,
541 5124 587 5182 καί
607 5123 641 5182 τὰ
670 5125 810 5182 τελευταῖα
831 5122 906 5183 ταυτί

130 5236 145 5265 ιι
161 5210 196 5270 ad
219 5212 281 5291 περὶ
300 5211 349 5284 τὴν
373 5213 523 5273 σιτοδοσίαν
539 5211 650 5292 ἔναγχος
680 5210 904 5293 προσκρούματα,

1664 411 1742 471 »θθθ

966 566 979 591 ιι
996 560 1052 597 nem
1067 546 1208 599 incivitate
1224 550 1329 600 oonatus
1348 550 1387 601 est
1400 548 1525 611 excitare,
1539 551 1570 601 ab
1589 550 1621 601 iis
1633 564 1692 602 vero
1702 552 1741 601 ia·

966 662 979 685 ι
994 641 1094 706 ciendis,
1108 657 1165 707 quoe
1176 644 1282 706 dicebat,
1290 644 1408 695 abstinuit
1419 665 1425 704 ;
1441 644 1485 695 sed
1497 645 1603 709 stipatus
1615 647 1743 697 bominum

966 758 979 781 ι
994 737 1065 800 globo
1082 738 1114 788 ad
1136 740 1249 802 quemvis
1267 753 1367 804 operam
1387 743 1488 805 parato,
1509 745 1613 791 vocatus
1633 742 1664 791 ad
1685 755 1742 792 ma·

966 852 978 876 ι
993 832 1125 897 gistratum
1141 834 1592 895 nostrumconvenit,etrnlnistr1s,
1607 834 1651 898 qui
1675 834 1743 885 iussu

966 946 979 971 ι
997 930 1081 977 nostro
1095 941 1151 978 eum
1164 928 1255 978 ducere
1268 929 1372 988 vellent,
1386 929 1470 993 plagas
1484 930 1590 991 inflixit,
1605 934 1631 979 et
1651 934 1744 994 postre-

966 1043 978 1067 ιι
992 1037 1034 1073 mo
1052 1036 1083 1073 ne
1099 1036 1114 1072 a
1127 1023 1218 1072 nostris
1233 1023 1333 1086 quidem
1347 1024 1492 1087 corporibus
1506 1038 1593 1075 manus
1612 1025 1741 1076 abstinuit.

966 1138 979 1163 ι
995 1121 1157 1182 Quapropter,
1171 1118 1238 1182 quod
1252 1118 1362 1169 adhunc
1381 1120 1482 1179 attinet,
1504 1121 1642 1183 speciosum
1662 1135 1743 1171 sacro·

967 1233 978 1257 ι
996 1214 1074 1263 sancti
1097 1213 1254 1278 magistratus
1274 1228 1362 1265 nomen
1385 1215 1418 1264 ad
1442 1215 1578 1266 irrisionem
1600 1216 1743 1280 impositum

966 1329 979 1353 ιι
996 1309 1149 1370 babebimus,
1160 1312 1186 1360 et
1193 1322 1224 1359 ne
1238 1308 1365 1359 minimam
1376 1309 1478 1373 quidem
1484 1325 1571 1363 earum
1583 1325 1675 1375 rerum,
1684 1326 1743 1378 qum

966 1426 978 1449 ι
993 1403 1052 1455 huic
1060 1402 1215 1468 magistratui
1223 1404 1401 1464 attribuuntur,
1413 1405 1494 1455 lacera
1509 1406 1653 1469 poterimus.
1687 1410 1743 1467 Quo

965 1522 977 1545 ι
993 1499 1067 1550 modo
1080 1500 1147 1550 enim
1164 1499 1220 1550 οθίο
1240 1500 1272 1551 da
1286 1501 1376 1552 iniuria
1388 1501 1435 1551 sibi
1452 1501 1521 1553 illata
1533 1508 1743 1569 conquerentibus

966 1616 978 1642 ι
991 1596 1182 1662 opttulabimnr,
1196 1597 1256 1649 sina
1265 1598 1313 1662 ipsi
1323 1598 1425 1663 quidem
1435 1600 1484 1650 tuti
1495 1600 1584 1653 simus?
1592 1604 1655 1653 cnm
1668 1605 1743 1668 igliur

966 1715 978 1738 ιι
993 1692 1033 1743 bis
1045 1691 1142 1742 iniuriis
1153 1706 1199 1742 nos
1207 1705 1337 1757 pauperes,
1350 1694 1383 1745 ab
1394 1707 1444 1744 uno
1456 1696 1508 1746 soto
1521 1698 1618 1750 bomine
1634 1701 1743 1752 nondum

957 1806 969 1830 ι
985 1792 1097 1852 tyranno,
1110 1791 1155 1840 sed
1172 1791 1205 1842 ad
1225 1790 1382 1856 tyrannidem
1400 1792 1543 1857 adspirante
1562 1790 1682 1842 fuerimus
1697 1795 1736 1842 al-

958 1901 970 1924 ι
987 1879 1190 1948 balteumque,
1214 1886 1299 1935 Patras
1321 1885 1462 1948 conscripti,
1479 1883 1569 1948 partim
1587 1897 1628 1934 res
1642 1884 1739 1936 atroces

957 1973 1037 2023 «iam
1057 1988 1168 2027 εεεειτνιιε
1189 1976 1308 2040 perpessi,
1325 1976 1417 2041 partim
1430 1991 1490 2027 mox
1519 1975 1668 2040 perpessuri,
1691 1974 1740 2027 uisi

957 2092 969 2116 ι
987 2071 1067 2122 maior
1080 2073 1159 2124 vestri
1177 2075 1279 2124 senatus
1299 2088 1355 2138 pars
1375 2075 1508 2126 restitisset
1527 2095 1533 2125 :
1549 2086 1639 2135 nonne,
1654 2076 1741 2124 Patres

957 2185 970 2210 ιι
987 2167 1128 2231 conscripti,
1153 2167 1244 2217 merito
1266 2167 1431 2231 indignamur,
1455 2172 1480 2218 et
1498 2167 1600 2231 aliquod
1619 2165 1741 2217 auxilium

958 2278 970 2302 ι
987 2273 1035 2310 non
1060 2260 1113 2312 sine
1139 2262 1223 2310 vestra
1254 2260 1420 2324 indignatione
1449 2260 1520 2311 nobis
1550 2258 1742 2311 nmciscendum

958 2360 1113 2420 «putamus,
1137 2358 1203 2408 hunc
1228 2357 1259 2407 ad
1284 2371 1385 2421 mquam
1410 2362 1436 2407 et
1459 2356 1596 2419 legitimum
1620 2354 1742 2406 iudicium

957 2473 970 2498 ιι
988 2452 1144 2513 vocantibus,
1159 2453 1184 2503 in
1200 2467 1249 2518 quo
1266 2457 1337 2504 totus
1355 2452 1463 2518 populus
1486 2465 1530 2517 per
1551 2450 1632 2502 tribus
1646 2451 1743 2502 divisus

958 2572 971 2595 ι
987 2549 1054 2601 iacta
1071 2549 1215 2601 solentibus
1234 2548 1333 2600 dicendi
1359 2551 1492 2613 potestate,
1506 2548 1606 2599 iuratus
1623 2544 1743 2610 sumana

959 2662 971 2685 ιι
988 2641 1070 2693 lereti
1086 2642 1107 2703 1,
1121 2641 1207 2700 Marci,
1226 2655 1264 2701 eo,
1279 2645 1305 2691 et
1319 2653 1377 2705 qua
1389 2640 1432 2690 bic
1445 2639 1560 2690 dicturus
1574 2653 1610 2701 ss,
1627 2652 1657 2689 ea
1669 2638 1742 2701 'apud

959 2752 970 2777 ι
988 2732 1119 2784 universos
1129 2734 1197 2784 cives
1216 2736 1275 2784 tuos
1286 2736 1449 2797 congregatos
1463 2731 1502 2782 tut
1512 2730 1636 2796 purgandi
1650 2742 1741 2781 caussa

959 2843 971 2872 ι
990 2826 1044 2887 (θος
1066 2825 1120 2877 sire
1138 2827 1235 2891 optimo
1257 2824 1342 2876 animo
1358 2825 1482 2890 optimum
1504 2822 1641 2874 consilium
1659 2822 1699 2872 bis
1716 2836 1744 2873 se

961 2940 973 2971 ιι
989 2921 1089 2973 dedisse
1103 2927 1130 2973 et
1139 2922 1210 2983 hooc,
1225 2921 1246 2972 si
1258 2920 1358 2981 fierent,
1374 2919 1532 2984 erepublica
1548 2919 1640 2969 lutura
1654 2917 1743 2979 luisse,

961 3034 973 3063 ι
990 3017 1044 3066 sire
1058 3018 1161 3080 putasse
1172 3017 1198 3065 tc
1213 3013 1318 3065 minimo
1330 3026 1434 3078 aequum
1446 3025 1509 3071 esse,
1524 3015 1554 3062 ut
1575 3012 1621 3076 qui
1632 3010 1673 3061 bic
1686 3024 1744 3061 sen·

960 3131 972 3161 ι
988 3112 1081 3162 tentius
1092 3111 1184 3163 dicunt
1195 3125 1284 3162 aarum
1294 3112 1406 3161 rationes
1418 3109 1537 3171 reddant,
1553 3110 1608 3160 sive
1618 3122 1671 3158 non
1681 3121 1744 3157 oon-

960 3228 972 3258 ι
988 3207 1057 3258 sulto
1071 3221 1117 3257 uec
1131 3222 1176 3272 per
1189 3207 1301 3267 insidias,
1317 3208 1362 3259 sed
1386 3209 1431 3258 itm
1444 3205 1627 3269 indulgentem,
1643 3218 1673 3255 eo
1687 3216 1745 3268 pro·

960 3310 1090 3355 evectum
1112 3309 1139 3354 et
1159 3318 1227 3362 esse,
1248 3308 1279 3352 ut
1292 3304 1347 3354 hacc
1364 3303 1441 3368 impia
1457 3302 1565 3352 consilia
1584 3301 1674 3360 dares3
1693 3299 1747 3349 sive

961 3415 1178 3467 «quamcumque
1210 3400 1287 3449 aliam
1313 3399 1486 3450 defensionem
1516 3397 1601 3447 babes.
1636 3396 1748 3446 Demitte

960 3518 973 3548 ι
988 3500 1068 3549 elatos
1079 3498 1140 3548 illos
1154 3512 1184 3548 ac
1195 3497 1342 3560 tyrannicos
1351 3494 1467 3561 spiritus,
1479 3508 1546 3559 quos
1557 3492 1633 3557 geris,
1647 3491 1749 3542 modes·

959 3613 972 3643 ιι
988 3594 1100 3658 bamque
1121 3592 1221 3643 eisdem
1237 3591 1327 3643 indue:
1349 3595 1375 3642 et
1393 3594 1427 3649 te,
1443 3604 1458 3639 o
1480 3589 1570 3654 miser,
1586 3587 1690 3639 tandem
1704 3586 1748 3636 ali·

959 3687 1091 3752 cquando
1113 3688 1170 3738 aliis
1195 3685 1343 3743 hominibus
1369 3683 1475 3736 similem
1497 3682 1587 3744 redde;
1614 3694 1687 3732 sume
1712 3683 1751 3734 rei

960 3780 1148 3845 «deprecantis
1173 3780 1290 3832 habitum
1321 3777 1445 3828 humilem
1462 3774 1575 3842 qualem,
1595 3772 1751 3824 calamitates

959 3873 1132 3939 apostulaut3
1154 3871 1226 3924 haud
1248 3871 1301 3922 vim
1317 3870 1424 3923 afferens
1450 3867 1544 3921 iniuria
1567 3865 1680 3927 meotis,
1705 3864 1750 3914 sed
1858 3889 1862 3895 ι

960 3988 972 4016 ι
986 3968 1023 4017 eis
1032 3971 1058 4017 te
1070 3965 1225 4017 submittens
1245 3967 1304 4030 pete
1313 3964 1431 4015 salutem.
1442 3962 1501 4013 Sint
1515 3962 1602 4010 autem
1610 3956 1658 4008 tibi
1668 3969 1751 4008 exem·

961 4082 973 4112 ι
989 4064 1031 4131 plo
1048 4064 1179 4117 modestia
1191 4086 1198 4131 3
1211 4078 1263 4131 qua
1283 4064 1381 4115 sinsus
1401 4059 1479 4112 lucris
1503 4059 1570 4123 apud
1589 4070 1677 4108 ornnes
1692 4058 1752 4111 tuos

961 4163 1071 4223 ιοίνοσ,
1093 4164 1196 4215 minima
1222 4159 1408 4227 reprehensioni
1429 4156 1552 4209 obnoxius
1578 4156 1640 4217 eris,
1660 4156 1752 4206 borum

961 4257 1102 4307 «ruomm
1121 4256 1245 4306 bonorum
1266 4254 1344 4314 lacta,
1359 4251 1403 4316 qni
1423 4252 1483 4302 licet
1509 4253 1546 4302 tot
1565 4249 1621 4332 siut·
1633 4261 1750 4307 numero,

962 4371 974 4395 ι
990 4354 1053 4416 quot
1067 4350 1121 4414 ipse
1135 4348 1218 4411 vides,
1234 4352 1259 4399 et
1276 4351 1314 4399 tot
1337 4345 1473 4397 virtutibus
1487 4344 1637 4396 militaribus
1652 4346 1678 4394 et
1691 4343 1751 4393 civi-

961 4464 973 4490 ιι
990 4443 1057 4493 libus
1072 4442 1190 4506 spectati,
1209 4440 1301 4505 qulbus
1319 4437 1474 4490 recensendis
1487 4451 1517 4488 na
1534 4437 1635 4500 longum
1650 4433 1752 4497 quidem

962 4555 975 4581 ιι
990 4538 1090 4600 tempus
1111 4533 1251 4593 sufficeret,
1270 4535 1355 4583 tamen
1375 4530 1437 4581 nibil
1459 4529 1533 4588 saeri,
1554 4527 1616 4579 nihil
1638 4523 1751 4589 superbi,

962 4655 974 4679 ι
991 4634 1017 4683 in
1036 4647 1082 4684 nos
1101 4631 1164 4683 viles
1183 4632 1259 4695 atqua
1280 4630 1391 4681 abiectos
1409 4628 1521 4678 homiues
1539 4625 1587 4689 ipsi
1604 4621 1700 4673 nobiles
1722 4634 1752 4672 ac

961 4752 974 4776 ι
992 4731 1074 4795 magni
1091 4732 1246 4788 statuerunt,
1259 4726 1304 4777 sed
1319 4724 1362 4778 vel
1375 4725 1423 4791 ipsi
1439 4724 1534 4789 priores
1548 4722 1581 4771 de
1594 4733 1654 4785 pace
1667 4718 1754 4770 nobb·

962 4846 974 4870 ι
989 4838 1048 4874 cum
1058 4827 1169 4889 egerunt.
1185 4826 1211 4874 et
1223 4820 1319 4885 priores
1333 4817 1364 4869 ad
1377 4830 1463 4882 pacem
1477 4828 1522 4865 nos
1538 4812 1687 4872 invitarunt,
1702 4820 1754 4876 quo

963 4937 975 4959 ιι
992 4920 1104 4978 tompore
1115 4912 1217 4963 iortuna
1228 4925 1274 4961 nos
1283 4911 1315 4960 ab
1326 4910 1376 4960 iltis
1388 4909 1526 4971 separarat,
1536 4904 1655 4968 pacisque
1666 4900 1753 4953 condi·

963 5038 974 5060 ι
992 5012 1086 5074 tiones,
1103 5024 1153 5061 non
1172 5021 1236 5072 quas
1254 5008 1302 5059 sibi
1325 5004 1540 5056 commodissimas
1558 5001 1693 5066 putabant,
1710 4996 1754 5049 sed

963 5127 975 5150 ι
992 5117 1055 5169 quas
1079 5115 1125 5154 nos
1152 5100 1327 5167 poscebamus,
1348 5099 1551 5149 concesserunt:
1572 5098 1597 5145 et
1616 5095 1754 5159 postremas

963 5226 974 5249 ι
993 5204 1052 5251 istas
1079 5199 1230 5253 offensiones
1256 5199 1300 5263 ob,
1316 5194 1434 5247 frumenti
1455 5191 1657 5244 distributionem
1675 5200 1755 5253 nuper

1588 5285 1628 5333 27.
