4034 5922
629 372 926 446 AN'l'iQUiTATUiii
947 377 1093 440 benten.
1116 381 1189 442 LlB.
1212 383 1236 444 l.

17 502 18 507 ’
121 519 208 555 κοντα
230 497 293 578 πρὸς
313 495 371 564 τοθς
393 499 575 576 νομιζομένους
590 510 682 580 γονεῖς,
705 503 839 579 συμόῆναι
854 505 901 577 τὴν

123 584 256 665 δισρορίιν
287 588 374 651 αὐτοῖς
402 590 466 667 πρὸς
498 587 557 656 τοὺς
593 589 738 669 Νεμέτορος
766 594 903 669 βουκολους

121 674 191 752 περὶ
212 677 266 732 τῶν
291 674 426 750 συννόμων
450 674 571 755 χωρίων·
589 680 618 737 ἐκ
639 678 666 741 δὲ
687 678 780 739 τούτου
799 681 902 759 πληγὰς

121 764 219 826 αὐτοῖς
250 762 345 828 δόντας
373 765 408 828 ὡς
431 762 524 830 αὐτοῦς
553 764 683 823 ἀπελάσαι
716 769 761 835 τὰς
792 768 902 846 ἀγέλας·

79 870 92 907 s
121 853 241 921 ποιῆσαι
263 850 290 907 δί
305 855 435 929 ταῦτατῇ
456 851 547 930 γνώμη
561 857 608 912 τοῦ
631 855 788 933 Νιμέτορος,
805 856 838 916 ἵν’
854 861 903 938 ἀρ-

118 938 160 1017 χὴ
183 937 280 1016 γένοιτ’
304 939 477 1017 ἐγκλημάτων
491 939 536 998 καὶ
561 942 618 1018 ἀμα
639 944 784 1021 παρουσίας
803 947 839 1010 εἷς
854 944 903 1014 τὴν

119 1027 207 1085 πολιν
217 1030 257 1107 τῷ
268 1030 416 1108 νομιυτικῷ
428 1026 523 1099 πλήθει
539 1031 677 1110 πρόρασις.
719 1030 769 1098 Ὠς
787 1031 814 1091 δὲ
829 1032 902 1091 ταῦτ’

119 1114 243 1192 ἰχένετο,
261 1115 397 1193 Νεμέτορα
418 1118 465 1192 μὶν
487 1118 607 1194 Ἀμολίου
623 1120 769 1191 καταόοᾶν,
784 1125 818 1186 ὡς
833 1120 903 1179 δεινὰ

118 1202 228 1280 πάσχει
256 1205 462 1280 διαρπαζόμενος
484 1206 534 1264 ὑπὸ
558 1208 610 1266 τῶν
632 1207 731 1266 ἐκείνου
753 1208 903 1285 βουκόλων,

69 1306 92 1343 ro
117 1292 169 1349 καί
190 1292 298 1363 ἀξιοῦν,
313 1295 336 1350 εἰ
353 1294 435 1369 μηδίν
449 1293 531 1361 αἰτιος
543 1294 606 1374 [τῶν
620 1295 730 1374 ἐκείνου]
746 1299 801 1355 ἐστὶ
815 1320 901 1377 παρα·

118 1380 218 1437 δοῦναι
231 1379 276 1439 τόν
295 1381 439 1463 βουρορόθν
455 1384 527 1463 αὐτῷ
540 1383 585 1442 καὶ
600 1384 658 1450 τοῦς
673 1385 743 1452 υἱοὺς
764 1387 807 1446 ἰπὶ
829 1388 903 1465 δίκῃ·

118 1466 250 1545 Ἀμόλιον
267 1468 289 1526 δ’
302 1469 483 1529 ἀπολύσασθαι
498 1470 661 1552 βουλόμενον
676 1472 724 1543 τὴν
734 1474 833 1550 αἰτίαν,
845 1476 904 1541 τσός

117 1559 144 1614 τ’
168 1555 326 1629 αἰτηθέντας
349 1557 395 1616 καί
413 1556 473 1625 τοῦς
497 1559 592 1627 ἀλλους
613 1559 746 1635 ἅπαντας,
766 1559 824 1620 ὅσοι
850 1586 904 1620 πα·

121 1654 216 1723 ρκῑκαι
239 1648 294 1711 τοῖς
314 1645 461 1723 γενομένοις
475 1637 546 1727 ιίχον
567 1648 665 1721 αἰτίαν,
689 1649 762 1721 ἥκειν
785 1649 901 1711 κιλεόειν

70 1753 92 1790 rs
119 1734 203 1798 δίκας
227 1731 368 1812 θρίξοντας
388 1737 427 1814 τῷ
449 1733 589 1816 Νεμίτορι.
631 1738 743 1797 Πολλῶν
764 1737 791 1797 dd
806 1742 901 1798 συνελ-

119 1821 226 1880 θόντων
242 1820 300 1894 ἅμα
324 1830 377 1887 τοῖς
392 1824 516 1891 ἐπαιτίοις
540 1827 584 1885 ἰπὶ
605 1831 639 1902 τῇ
655 1826 785 1906 πρυράσει
800 1831 848 1898 τῆς
863 1829 901 1887 δί-

119 1934 184 1983 κης,
201 1910 339 1989 φράσαντα
359 1914 412 1977 τοῖς
426 1911 571 1981 νεανίσκοις
583 1912 628 1971 τὸν
643 1916 832 1994 μητροπάτορα
852 1925 901 1974 ndr-

121 2021 175 2056 σαν
190 1999 241 2068 τὴν
256 1999 460 2058 καταλαόοῦσαν
481 2000 574 2067 αὐτοὺς
598 2000 695 2080 τόχην,
716 2002 762 2060 καὶ
783 2002 902 2084 ρήσαντα

120 2086 258 2165 τιμωρίαν
282 2092 327 2146 νῦν
354 2088 378 2145 εί
393 2110 457 2146 ποτε
480 2089 571 2168 καιρόν
595 2079 661 2148 εἶναι
686 2091 790 2163 λαόεῑν,
806 2092 902 2151 αθτίκα

69 2183 94 2220 ²²
119 2174 290 2245 ποιήσασθαι
308 2173 355 2233 σὺν
369 2178 408 2254 τῷ
424 2179 572 2256 νομευτικῷ
586 2177 680 2249 πλήθει
701 2179 750 2250 τὴν
774 2179 900 2240 ἰπίθεσιν.

121 2262 197 2343 Περὶ
221 2261 270 2338 μὲν
297 2253 341 2321 οὗν
367 2263 492 2342 γενέσεως
514 2265 560 2323 καί
586 2270 680 2346 τρορῆς
701 2270 753 2324 τῶν
781 2270 902 2327 οἰκιστῶν

17 2410 19 2425 ,
118 2355 168 2422 τῆς
189 2349 299 2426 Ῥώμης
313 2358 398 2410 ταῦτα
412 2350 529 2432 λέγεται.

161 2441 311 2501 LXXXV.
333 2438 420 2500 'i'ddi
443 2441 511 2501 κατίι
535 2440 583 2513 τὴν
607 2441 691 2502 κτίσιν
714 2441 795 2514 αὐτὴν
819 2444 897 2521 γενό-

119 2551 207 2606 μενα·
223 2532 301 2587 τοῦτο
321 2527 373 2606 qap
396 2528 435 2588 ίτι
450 2552 495 2604 μοι
519 2528 549 2587 τὸ
565 2529 642 2608 μέρος
661 2534 708 2602 τῆς
728 2537 829 2611 γραρῆς
842 2532 900 2591 λεί·

70 2636 93 2675 as
121 2636 220 2676 πεται·
245 2622 290 2674 νῦν
316 2615 431 2696 ἔρχομαι
454 2617 650 2692 διηγησόμενος.
707 2618 820 2690 Ἐπειδὴ
845 2619 896 2701 γὰρ

121 2705 255 2782 Ἀμολίου
288 2704 494 2775 τελευτησαντος
518 2705 669 2765 ἀνεσώσατο
700 2703 748 2777 τὴν
777 2704 861 2785 ἀρχὴν
889 2712 903 2766 ὁ

123 2792 277 2871 Νεμέτωρ,
303 2791 390 2870 ὀλίγον
416 2790 531 2872 ἰπιαχώυ
546 2793 657 2872 χρόνον,
672 2797 699 2852 ἐν
718 2785 802 2873 ᾧτην
826 2796 902 2854 πολιν

121 2884 154 2942 br
175 2887 224 2954 τῆς
246 2879 374 2959 πρότερον
401 2879 546 2960 ἀπεχούσης
572 2882 703 2956 ἀκοσμίας
721 2885 758 2948 εἰς
786 2881 829 2941 τὸν
854 2887 900 2962 ἀρ-

121 2979 206 3051 χαῖον
237 2969 343 3042 ἰκόσμιι
365 2971 481 3046 τρόπον,
508 2967 581 3035 εὐθὺς
607 2970 706 3027 ἰπενόει
726 2977 779 3036 τοῖς
803 2992 896 3050 μιιρα·

71 3073 96 3113 ar
120 3058 195 3123 κίσις
208 3057 279 3115 ἰδίαν
293 3056 373 3135 ἀρχὴν
397 3057 597 3116 κατασκευάσαι
620 3057 709 3135 ἑτέραν
736 3057 813 3116 πολιν
832 3058 921 3118 οἰκί··

122 3170 190 3213 σας.
235 3143 306 3219 Ἅμα
320 3146 346 3205 δὲ
365 3145 411 3205 καὶ
433 3152 478 3204 τοῦ
500 3148 636 3205 πολιτικοῦ
659 3147 773 3218 πλήθους
789 3149 903 3207 ἐπίδοσιν

122 3237 162 3302 εἰς
177 3232 317 3311 εὐανδρίαν
332 3234 487 3312 ἐσχηκότος,
503 3234 682 3293 ἀπαναλῶσαί·
692 3258 717 3291 τι
730 3237 817 3302 καλῶς
833 3235 905 3315 ἔχειν

122 3322 203 3404 besu,
219 3322 264 3379 καί
284 3321 401 3397 μα’λιστα
424 3321 454 3381 τὸ
474 3322 597 3403 διάρορον
617 3324 690 3404 αὐτῷ
710 3347 774 3383 ποτε
793 3332 903 3402 γενόμι·

123 3434 185 3485 νον,
207 3414 244 3479 irc
262 3411 302 3488 μὴ
317 3411 352 3468 δι’
368 3412 480 3492 θποψίας
503 3410 597 3478 αὐτοὺς
622 3411 687 3491 ἔχοι.
733 3413 903 3490 Ιίοινωσάμι·

76 3511 101 3552 ⁸
126 3522 171 3566 νος
184 3499 211 3558 di
225 3507 280 3565 τοῖς
302 3498 457 3578 μειρακίοις,
473 3499 564 3570 irre-dd
584 3499 712 3566 κάκείνοις
737 3499 839 3577 ἐδόκει,
857 3503 899 3560 θί-

127 3582 205 3646 1ωσιν
227 3589 315 3653 αὐτοῖς
328 3586 415 3666 χωρία
434 3585 482 3663 μίν
503 3578 540 3646 όν
565 3585 699 3665 ἄρξουσιν,
724 3587 785 3647 ίνθκ
811 3590 902 3656 παῖδας

125 3677 195 3744 όντες
217 3675 383 3755 ἰτράρησαν·
403 3677 433 3734 ἰκ
455 3675 482 3735 N
500 3681 546 3735 τοῦ
565 3675 618 3735 λιὼ
638 3675 722 3736 τόντε
740 3678 772 3735 δι’
786 3676 899 3757 incline

125 3768 197 3843 αῦτῷ
220 3764 373 3843 γινόμενον,
396 3761 424 3831 te
454 3762 550 3841 (peltis
582 3771 758 3843 νεωτερισμοῦ
791 3767 902 3833 εἰσαῦθις

127 3854 230 3934 ἄρξειν.
264 3854 310 3913 καὶ
326 3852 351 3912 εί
375 3875 401 3911 τι
424 3854 541 3912 ίκοόσιον
563 3857 747 3923 ἀπαναστῆναι
768 3853 901 3916 adnitere.

79 3962 102 3999 ιο
123 3932 179 4004 Ἦν
201 3944 226 4001 δ’
250 3947 278 4003 ἰν
295 3942 394 4008 τούτοις
413 3940 481 4000 πολὺ
502 3941 568 4017 μίν,
587 3939 677 4019 ὥσπερ
691 3941 760 4007 εἰκὸς
774 3943 801 3998 ἐν
824 3943 903 4001 πόλει

124 4030 283 4109 κινουμένῃ,
300 4029 330 4086 τὸ
353 4029 495 4105 δημοτικὸν
521 4027 609 4108 γένος,
631 4027 723 4086 ἰκανὸν
745 4028 773 4087 di
797 4030 842 4088 καὶ
872 4029 902 4087 τὸ

126 4123 181 4181 ἀπὸ
208 4126 254 4179 ταῦ
274 4117 418 4197 κρατίστου
448 4116 595 4199 γνώριμον,
614 4122 644 4179 ἰκ
665 4117 692 4176 δί
715 4123 760 4177 τοῦ
779 4121 900 4198 Τρωϊκοῦ

125 4208 157 4266 τό
171 4205 359 4283 εὐγενέστατον
385 4207 417 4276 δὴ
441 4207 626 4283 νομιζόμενον,
648 4204 674 4275 ἰξ
697 4195 727 4266 σί
746 4207 791 4266 καὶ
813 4207 902 4284 γενεαί

125 4320 194 4363 τινες
211 4293 251 4354 ότι
263 4299 394 4373 πιριῆσαν
408 4296 444 4360 εἰς
457 4294 515 4372 ἰμί,
531 4298 693 4365 πεντήκοντα
705 4295 812 4368 μάλιστ’
825 4286 900 4355 οἶκοι.

79 4404 101 4441 u
126 4381 904 4464 Ἐχορηγεῖτοδίτοῐςνεανίσκοιςκαλχρήματακαὶόπλακαὶ

124 4481 195 4539 σῖτος
209 4473 254 4530 καὶ
271 4470 421 4630 ἀνδράποδα
433 4470 478 4529 καί
498 4468 614 4547 θποζόγί
635 4471 767 4551 ἀχθορόρα
783 4467 828 4527 καί
841 4470 866 4528 εί
878 4492 904 4527 τι

125 4562 194 4619 ἄλλο
205 4562 305 4625 πόλεως
336 4584 350 4615 ν
365 4561 517 4636 κατασκευῇ
531 4559 690 4637 πρόσρορυν.
734 4556 784 4623 Ὣς
801 4558 824 4615 δ’
846 4556 905 4616 ἀνί-

125 4671 230 4720 στησαν
239 4650 269 4705 ἐκ
282 4644 329 4718 τ’ἠς
341 4645 439 4713 'Albae
453 4648 476 4706 οί
491 4646 621 4704 νεανίσκοι
632 4645 675 4705 τὸν
691 4643 768 4713 λεὼν,
785 4643 905 4720 μίξαντες

124 4740 199 4809 αὐτῷ
211 4735 254 4794 τὸν
271 4738 388 4809 αὐτόθεν,
403 4736 461 4802 όσος
476 4726 508 4807 ἦν
520 4735 547 4793 ἰν
563 4738 600 4813 τῷ
616 4734 775 4813 Παλλαντίῳ
785 4731 828 4790 καλ
844 4734 904 4812 περὶ

81 4848 103 4885 ιο
124 4824 173 4897 τὴν
185 4824 348 4903 Σατουρνίαν
360 4821 499 4895 θπολιπλς,
518 4822 666 4899 μερίζονται
678 4821 707 4881 τό
723 4823 820 4891 πλῆθος
834 4819 903 4878 ἅπαν

125 4916 202 4995 δεχῇ,
246 4906 333 4971 Τοῦτο
349 4909 373 4969 δ’
389 4912 476 4977 αὐτοῖς
497 4909 571 4978 δόξαν
600 4909 718 4989 παρέσχε
739 4908 902 4988 φιλοτιμίας,

125 5004 169 5063 iu
192 5007 287 5060 θᾶττον
310 5001 476 5079 ἀνόηταιτῇ
502 5000 567 5080 πρὸς
587 4999 715 5068 ἀλλήλους
743 4997 844 5076 ἀμίλλη
871 4997 904 5054 τὰ

126 5094 210 5172 ἀρχα,
231 5088 316 5148 αἴτιον
331 5088 360 5147 δί
383 5092 430 5147 τοῦ
449 5087 572 5166 μιγίστου
587 5092 685 5160 κακοῦ,
711 5086 835 5158 σταίσεως,
846 5084 904 5162 tpi-

126 5205 196 5243 νετο.
250 5176 290 5239 Oi
303 5200 333 5236 τε
355 5176 407 5258 γὰρ
430 5180 651 5257 προσνεμηθέντες
676 5175 763 5242 αὐτοῖς
782 5175 824 5235 τὸν
841 5176 905 5233 ίαν·

221 5311 338 5350 1111111111.

1697 390 1739 449 ob

958 523 990 568 de
1003 518 1078 582 ipsius
1095 522 1228 571 Numitoris
1248 523 1368 573 sententia
1385 524 1481 585 iecisse,
1496 528 1525 575 nt
1539 518 1638 590 aliquod
1650 527 1735 578 crimi-

958 630 1033 680 nandi
1044 630 1141 681 initium
1154 632 1237 695 tieret,
1251 634 1323 685 simul
1333 638 1407 687 etiarn
1424 642 1452 689 ut
1471 640 1511 690 illa
1526 643 1650 703 pastorum
1662 639 1737 690 turba

959 755 1030 793 strum
1046 743 1070 793 in
1085 743 1172 794 urbem
1192 759 1338 797 concursum
1353 748 1435 813 aliqua
1453 751 1563 814 speciosa
1575 764 1650 802 causa
1662 751 1732 802 rela-

960 860 1006 906 ret.
1041 860 1092 907 Noc
1104 857 1170 908 iacto
1182 859 1336 911 Numitorem
1346 861 1377 912 de
1393 862 1491 913 Amulio
1503 864 1619 927 conqueri
1634 866 1736 929 coepisse

959 984 986 1021 ae
998 972 1081 1033 gravia
1102 973 1167 1036 pati,
1190 976 1216 1023 et
1232 975 1265 1025 ab
1285 975 1339 1025 eius
1354 977 1494 1039 pastoribus
1514 991 1554 1028 res
1568 993 1625 1029 suas
1645 978 1735 1044 diripi,

955 1086 1031 1148 atque
1052 1086 1204 1149 postulasse,
1220 1087 1242 1137 si
1263 1089 1328 1137 omni
1341 1087 1428 1138 barum
1442 1102 1522 1138 rerum
1543 1089 1615 1154 eulpa
1625 1094 1735 1151 vacaret,

959 1203 986 1247 ut
999 1199 1044 1248 sibi
1065 1198 1198 1249 bubulcum
1211 1215 1269 1251 cum
1281 1201 1334 1251 eius
1347 1201 1404 1251 filiis
1417 1201 1518 1252 dederet
1530 1203 1561 1253 ad
1575 1205 1731 1269 supplicium.

959 1310 1083 1360 Amulium
1097 1325 1163 1371 rcro,
1181 1326 1238 1361 curn
1254 1326 1281 1362 se
1299 1311 1331 1362 ab
1341 1325 1371 1363 ea
1389 1313 1461 1377 culpa
1474 1327 1578 1377 purgare
1587 1315 1671 1378 vellet,
1684 1316 1735 1366 iru-

960 1437 1058 1487 perasse
1071 1429 1099 1474 ut
1114 1428 1141 1475 et
1152 1425 1188 1475 itti
1204 1439 1267 1489 quos
1279 1425 1442 1490 deposcebat,
1457 1431 1483 1477 et
1495 1427 1580 1490 reliqui
1593 1441 1679 1479 omnes
1692 1433 1735 1492 qui

958 1537 1067 1587 accusati
1085 1541 1155 1588 erant
1173 1538 1248 1589 rebus
1263 1539 1311 1593 iliis
1328 1540 1481 1600 interfuisse,
1496 1553 1595 1590 canem
1614 1541 1644 1592 de
1665 1543 1731 1592 iniu-

959 1649 1001 1699 riis
1013 1650 1135 1700 Numitori
1156 1650 1225 1701 iactis
1240 1651 1329 1702 dicturi
1341 1652 1460 1703 venirent.
1494 1653 1555 1703 Gum
1567 1656 1649 1704 autem
1662 1654 1735 1703 multi

958 1765 1050 1825 preter
1076 1776 1132 1812 roos
1149 1764 1196 1814 srrb
1223 1776 1305 1813 esum
1325 1763 1425 1827 agenda
1443 1766 1524 1828 speeie
1547 1767 1733 1828 convenissent,

958 1886 1033 1923 arum
1044 1877 1192 1935 maternum,
1206 1877 1338 1939 postquam
1347 1875 1541 1925 adolescentibus
1553 1867 1638 1925 onrncs
1649 1888 1735 1926 eorum

959 1996 1030 2033 casus
1042 1982 1192 2046 exposuerit,
1203 1996 1291 2046 eosque
1303 1983 1426 2032 monuerit
1445 1982 1561 2033 vindicte
1576 1984 1731 2033 occasionem

957 2098 1024 2157 tunc,
1047 2097 1126 2159 qualia
1145 2109 1268 2159 nunquam
1287 2098 1370 2156 antea,
1384 2108 1439 2146 sese
1451 2096 1552 2156 otierre,
1572 2096 1655 2145 statiua
1676 2109 1734 2146 cum

957 2207 1029 2257 turba
1051 2207 1093 2256 ilia
1112 2210 1237 2270 pa=torurn
1263 2207 1387 2257 amulium
1402 2207 1516 2258 adortum
1535 2220 1597 2257 esse.
1630 2210 1732 2258 Deortu

959 2318 1034 2381 igitur
1046 2322 1071 2369 et
1094 2318 1236 2369 educatione
1247 2319 1402 2369 conditorum
1424 2319 1493 2370 urbis
1512 2319 1567 2370 bac
1585 2320 1731 2371 traduntur.

990 2440 1107 2487 Lxxxv.
1121 2439 1183 2495 Quae
1199 2450 1256 2486 nero
1269 2438 1411 2488 acciderunt
1431 2438 1491 2488 dum
1510 2439 1573 2489 urbs
1588 2439 1734 2489 conderetur

959 2530 1026 2594 (isac
1043 2531 1109 2581 enim
1124 2530 1200 2581 buius
1223 2530 1279 2580 libri
1303 2530 1354 2580 sola
1376 2545 1433 2596 pars
1455 2531 1536 2581 adbuc
1559 2532 1620 2582 mibi
1642 2534 1734 2594 restat)

958 2635 1025 2672 nnnc
1045 2635 1176 2684 exsequar.
1210 2620 1463 2684 Postquamarnuiio
1486 2622 1603 2672 defuncto
1621 2621 1735 2672 Numitor

957 2724 1059 2777 reguum
1080 2714 1180 2776 recepit,
1198 2713 1332 2777 paullulum
1347 2717 1465 2772 moratus,
1480 2712 1539 2762 dum
1555 2713 1733 2775 rempublicam

957 2818 988 2855 cr
997 2805 1111 2855 diotuma
1122 2805 1256 2869 tyrannide,
1269 2818 1318 2867 qua
1333 2807 1389 2854 ante
1400 2803 1564 2867 premebatur,
1575 2804 1599 2854 iu
1607 2805 1733 2868 pristinum

958 2900 1050 2946 statum
1069 2896 1221 2955 restitueret,
1242 2896 1326 2946 statim
1342 2896 1373 2946 de
1392 2897 1490 2961 proprio
1508 2894 1733 2960 regno'iuvenibus

957 2988 1066 3054 parando
1090 3001 1155 3039 nora
1177 2988 1238 3038 urbe
1251 2987 1382 3041 condenda
1403 2988 1527 3054 cogitarit.
1570 2987 1732 3039 simuletiam

957 3082 1071 3145 praeclare
1091 3094 1175 3132 serum
1193 3085 1276 3131 actum
1301 3080 1332 3131 iri
1358 3081 1467 3147 putavit,
1489 3082 1509 3131 st
1539 3082 1638 3131 urbanae
1664 3079 1731 3131 mul·

956 3173 1077 3235 titudinis,
1086 3174 1157 3223 cuius
1169 3186 1288 3223 numerus
1306 3172 1377 3224 ratde
1392 3178 1481 3225 auctus
1492 3176 1554 3233 erat,
1571 3177 1665 3237 partem
1685 3172 1733 3222 aii-

956 3278 1040 3327 quam,
1052 3264 1173 3327 praecipue
1183 3277 1242 3313 vcro
1262 3278 1317 3314 eam
1328 3279 1384 3327 quaa
1400 3266 1524 3328 quondam
1536 3265 1584 3316 sibi
1601 3265 1732 3316 adversata

957 3358 1051 3417 tuerat,
1071 3356 1184 3416 tolleret,
1205 3368 1235 3405 ne
1250 3368 1305 3405 earn
1321 3361 1457 3420 suspectam
1480 3357 1591 3407 baberet.
1644 3358 1731 3420 ltaque

956 3448 1056 3502 consitio
1078 3464 1135 3499 cum
1155 3448 1285 3500 iuvenibus
1304 3449 1497 3509 communicato,
1511 3465 1569 3500 curn
1589 3454 1616 3500 et
1632 3450 1692 3513 ipsis
1705 3449 1729 3499 id

956 3541 1097 3604 placuisset,
1110 3553 1182 3601 agros
1199 3539 1247 3589 iilis
1264 3538 1342 3602 dedit,
1353 3552 1458 3601 quorum
1472 3542 1555 3589 essent
1564 3538 1671 3599 domini,
1687 3537 1731 3587 ubi

958 3632 1027 3696 pueri
1047 3630 1144 3680 educmi
1161 3630 1256 3680 inerant
1276 3649 1282 3679 ι
1307 3632 1333 3680 et
1354 3630 1437 3693 populi
1456 3633 1551 3693 partem
1573 3628 1619 3678 sibi
1633 3640 1733 3691 suspec-

956 3728 1019 3783 tam,
1034 3723 1120 3784 utpote
1141 3733 1180 3769 res
1200 3732 1277 3769 noras
1293 3719 1450 3776 molituram,
1465 3723 1491 3767 et
1505 3717 1568 3778 siqui
1590 3715 1631 3765 alii
1642 3718 1729 3777 sponte

954 3814 1074 3877 emigrare
1087 3811 1220 3863 voluerunt
1235 3811 1290 3862 tllto
1306 3808 1437 3860 attribuit.
1459 3812 1485 3858 ln
1501 3808 1539 3856 iris
1551 3809 1634 3855 autem
1645 3806 1688 3865 (ut
1703 3804 1729 3854 in

955 3904 1140 3970 migrationibus
1172 3903 1235 3957 solet
1263 3901 1388 3962 accidere)
1418 3902 1471 3950 crat
1496 3908 1600 3960 magnus
1628 3893 1730 3957 quidem

954 3998 1104 4064 plebeiorum
1117 4009 1250 4058 numerus,
1264 3994 1305 4045 sed
1320 3992 1395 4043 etiam
1412 4003 1460 4039 non
1485 3986 1557 4049 pauci
1573 4000 1603 4036 ex
1623 3984 1728 4050 optima·

954 4092 1021 4142 tibus
1043 4090 1152 4151 Nobiles,
1174 4093 1198 4138 et
1221 4101 1252 4138 ex
1280 4084 1390 4138 Troianis
1410 4082 1531 4145 quotquot
1551 4076 1730 4143 generosissimi

954 4184 1120 4244 traicientem
1149 4192 1258 4246 quorum
1283 4180 1358 4230 etiam
1383 4176 1413 4226 ad
1442 4188 1524 4226 meam
1539 4187 1617 4237 uscpre
1630 4175 1731 4223 relatam

953 4282 1063 4345 superest
1088 4277 1227 4343 pmgenies,
1243 4271 1419 4339 quinquaginta
1434 4269 1531 4320 circitor
1545 4268 1651 4319 familiar.
1685 4269 1729 4315 iu·
1760 4320 1763 4325 ⁴

953 4372 1056 4422 renibus
1083 4373 1166 4420 autern
1187 4368 1253 4418 datae
1273 4367 1368 4415 suntet
1382 4360 1489 4426 pecunias
1509 4363 1535 4410 et
1547 4372 1616 4409 arrna
1636 4361 1661 4407 et
1675 4356 1730 4406 iru-

953 4465 1064 4514 mentum
1086 4464 1112 4510 et
1132 4457 1253 4521 mancipia
1276 4460 1302 4507 ct
1332 4455 1440 4506 iumenta
1473 4452 1584 4503 oneraria
1605 4451 1630 4499 et
1647 4445 1730 4510 siquid

953 4550 1020 4601 aliud
1041 4549 1072 4598 ad
1087 4547 1155 4597 urbis
1171 4544 1353 4596 fabricationem
1377 4542 1438 4593 utile
1453 4544 1514 4592 erat.
1548 4537 1667 4595 Quicum
1688 4548 1730 4601 po·

954 4643 1038 4708 pulum
1057 4641 1119 4692 alba
1138 4639 1288 4698 eluxissent,
1308 4635 1429 4701 indigenis
1451 4633 1575 4697 quotquot
1591 4630 1614 4677 in
1638 4626 1730 4676 Palatio

953 4740 978 4786 et
1002 4733 1117 4785 Saturnia
1140 4730 1226 4794 reliqui
1249 4732 1318 4780 erant
1346 4742 1404 4778 cum
1422 4739 1452 4776 eo
1473 4721 1571 4781 mistis,
1593 4716 1731 4769 multitudi-

954 4842 1009 4878 nem
1026 4830 1103 4876 totam
1118 4824 1143 4874 in
1164 4823 1228 4873 duas
1241 4825 1325 4886 partes
1347 4820 1495 4870 diviserunt.
1529 4813 1556 4864 ld
1571 4813 1654 4862 autem
1670 4807 1731 4871 ipsis

954 4913 1054 4980 quidem
1075 4912 1107 4961 ad
1117 4910 1297 4962 emulationem
1310 4907 1392 4961 risum
1405 4908 1444 4956 est
1460 4901 1613 4962 conducere,
1628 4898 1658 4947 ut
1668 4908 1733 4959 opus

955 5002 1002 5053 illis
1021 4999 1133 5050 certatim
1154 4996 1313 5061 operantibus
1324 4993 1398 5045 citius
1421 4990 1605 5048 absolveretur,
1627 4998 1654 5035 re
1673 4997 1732 5034 rere

955 5095 1037 5142 antem
1057 5086 1116 5139 mali
1131 5085 1282 5154 parbsimi,
1307 5079 1446 5143 seditionis,
1467 5092 1544 5133 causa
1564 5076 1620 5127 tuit.
1654 5071 1732 5125 Divisi

954 5179 1019 5231 enirn
1031 5176 1118 5229 ducem
1133 5190 1206 5228 suum
1220 5175 1327 5238 utrique,
1342 5175 1370 5223 ut
1385 5170 1500 5222 idoneum
1512 5168 1545 5219 ad
1557 5163 1671 5217 omnibus
1685 5161 1732 5211 tro·

1642 5274 1657 5317 b
