4088 5936
245 410 304 471 186

245 549 291 604 νῦν
307 541 335 603 δί
349 540 554 609 Καπιτωλῖνος,
567 521 641 602 adli<
656 532 791 593 ἐκέλευσεν
804 529 896 597 αότοὺς
908 531 1023 604 διαμαν-

245 631 421 709 τευσαμένους
437 630 531 697 εἰπεῖν,
543 626 569 684 έν
584 622 667 703 δποίῳ
677 630 723 683 τοῦ
736 619 817 703 λόφου
831 618 923 699 χωρίῳ
934 617 1025 678 θέσθαι

246 720 335 794 δεήσει
355 715 413 782 rob<
423 711 568 791 θεμελίους.
610 714 699 773 Τοῦτο
712 709 733 768 δ’
748 710 778 768 αὖ
793 706 863 768 πάνυ
879 707 966 786 ῥοίδιον
977 695 1025 777 ήν·

246 805 341 869 πολλοὶ
357 802 410 884 γάρ
426 792 494 874 ήσαν
511 801 538 858 ὀν
554 800 626 876 αὐτῷ
640 796 726 876 βωμοί
739 798 803 855 θεῶν
820 794 910 854 τεκαὶ
931 789 1026 869 δαιμό·

208 919 222 965 η
246 921 308 971 νων,
327 893 413 971 ὀλίγον
436 891 580 969 ἀπέχοντες
603 884 746 958 ἀλλήλων,
770 883 813 949 ab<
834 882 886 942 ίδει
904 882 1026 958 μετάγειν

251 980 361 1065 ἑτέρωσέ
375 1004 435 1051 ποι,
452 978 497 1038 καί
512 986 565 1035 πᾶν
580 977 725 1035 ἀποδοῦναι
738 974 768 1033 τό
787 973 883 1049 μέλλον
896 981 948 1038 τοῖς
962 974 1028 1035 θεοῖς

246 1075 353 1150 τέμενος
363 1070 522 1145 γενήσεσθαι
531 1064 562 1125 τδ
572 1064 685 1124 δάπεδον
698 1060 806 1137 δμαλίς.
818 1056 913 1128 Ἔδοξε
928 1057 960 1131 δὴ
973 1058 1027 1125 τοῖς

248 1152 416 1225 οἰωνοπόλοις
432 1153 499 1237 ὑπὲρ
518 1153 633 1213 ἑκάστου
655 1156 746 1232 βωμοῦ
762 1154 814 1210 τῶν
830 1147 1027 1228 καθιδρυμένων

249 1243 532 1326 διαμαντευσαμένοις,
556 1243 601 1303 lav
617 1244 811 1321 παραχωρῶσιν
833 1241 858 1298 οί
880 1238 947 1310 θεοί,
968 1238 1028 1296 τότε

198 1367 225 1407 lo
250 1337 331 1399 κινεῖν
346 1333 452 1401 αὐτούς,
495 1334 531 1392 Οἱ
557 1331 604 1406 μίν
628 1320 672 1389 οθν
695 1330 771 1388 ἀλλοι
785 1326 839 1387 θεοί
856 1350 886 1386 τε
906 1328 952 1385 καὶ
967 1324 1027 1384 δαί·

250 1448 326 1503 μυνες
341 1424 487 1503 ἐπέτρεψαν
504 1422 592 1486 αὐτοῖς
609 1421 645 1486 είς
659 1417 736 1497 ἕτερα
752 1416 839 1496 χωρία
853 1413 912 1481 τοὺς
925 1413 1030 1494 βωμοὺς

250 1519 323 1596 σφῶν
347 1512 517 1592 μεταφέρειν·
532 1513 556 1567 οἱ
571 1508 599 1564 δὲ
620 1512 665 1566 τοῦ
680 1504 815 1584 Τέρμονος
836 1502 882 1560 καὶ
897 1505 943 1566 ei<
960 1501 1029 1562 Νεό·

250 1628 328 1676 τητσς
347 1599 435 1660 πολλὰ
449 1594 669 1677 παραιτουμένοις
689 1600 741 1658 τοῖς
757 1591 867 1669 μάντεσι
886 1590 932 1650 καί
946 1591 1030 1648 λιπα-

253 1699 340 1773 ροῦσιν
354 1691 403 1748 οὐκ
418 1686 593 1760 ἐπείσθησαν,
610 1684 664 1742 οὐδ’
676 1680 821 1761 ἠνέσχοντο
833 1683 1032 1760 παραχωρῆσαι

200 1808 225 1846 ιιι
250 1784 304 1842 τῶν
318 1777 416 1839 τόπων.
458 1773 601 1854 Τοιγάρτοι
620 1769 887 1853 συμπεριελήφθησαν
907 1769 992 1826 αὐτῶν
1008 1767 1032 1826 αἱ

254 1869 340 1951 βωμοί
354 1873 387 1949 τῇ
401 1870 552 1943 κατασκευῇ
565 1864 616 1920 τῶν
629 1864 723 1941 ἱερῶν,
737 1858 783 1917 καί
797 1863 842 1917 νῦν
856 1861 871 1917 θ
885 1856 933 1935 μὲν
947 1856 1033 1936 ἔτερος

253 1964 323 2020 ἐστιν
339 1961 365 2017 έν
385 1960 424 2035 τῷ
435 1953 543 2034 προνάῳ
555 1957 602 2022 τῆς
617 1952 737 2022 Ἀθηνᾶς,
753 1951 802 2008 ὁδ’
818 1947 904 2027 ἕτερος
919 1948 944 2005 ἐν
960 1948 1033 2027 αὐτῷ

252 2053 290 2130 τῷ
309 2049 384 2124 σηκῷ
400 2042 513 2116 πλησίον
526 2048 571 2101 τοῦ
588 2039 667 2105 έδους.
711 2036 763 2119 Ἐκ
774 2035 802 2096 δὲ
817 2036 908 2095 τούτου
922 2031 1034 2093 συνέθα-

253 2140 299 2197 λον
314 2137 338 2195 οἱ
356 2133 479 2211 μάντεις,
500 2130 540 2190 ὀτι
559 2133 606 2199 τῆς
624 2124 769 2201 Ῥωμαίων
787 2123 887 2190 πόλεως
901 2120 961 2181 οὔτε
974 2119 1035 2188 τοὺς

202 2246 229 2285 ου
254 2227 328 2305 ὀρους
341 2219 510 2299 μετακινήσει
526 2216 616 2297 καιρὸς
627 2214 725 2286 οὐθεὶς,
741 2211 801 2273 οὔτε
814 2210 862 2284 τήν
878 2210 967 2289 ἀκμήν
986 2233 1034 2287 με·

255 2312 382 2383 redolet,
410 2309 457 2369 καί
481 2307 560 2387 μέχρι
581 2308 633 2363 τῶν
656 2305 718 2363 κατ’
746 2302 793 2381 έμί
814 2299 915 2382 χρόνων
940 2299 1036 2372 ἀληθές

257 2403 342 2463 αθτῶν
361 2405 431 2460 ἐστιν
454 2397 594 2480 ἑκάτερον,
615 2393 743 2464 εἰκοστήν
766 2390 819 2464 ήδη
842 2389 888 2450 καί
906 2390 1035 2468 τετάρτην

255 2494 357 2575 γενεάν.

295 2581 384 2642 LXX.
401 2576 436 2638 ‘0
458 2575 486 2635 δέ
508 2578 560 2634 τῶν
575 2570 760 2634 οἰωνοσκόπων
783 2566 998 2650 ἐπιφανέστατος,
1022 2568 1037 2624 θ

203 2687 230 2725 οε
254 2669 314 2736 τοὺς
329 2664 434 2747 βωμοὺς
448 2660 668 2743 μεθιδρυσάμενος
681 2658 726 2718 καί
740 2656 770 2715 τὸ
783 2655 852 2734 ἱερὸν
862 2660 907 2713 τοῦ
920 2653 981 2720 Διὐς
994 2676 1037 2712 τε·

257 2758 365 2838 polea<
375 2753 420 2814 καί
428 2753 515 2813 τάλλα
524 2751 660 2830 προλέγων
667 2746 703 2807 'el
712 2747 768 2807 θεῖα
779 2748 817 2825 τῷ
829 2742 906 2826 δήμῳ
920 2742 963 2801 διά
972 2764 1037 2820 μαν·

257 2851 345 2922 τικῆς,
357 2842 433 2909 αὐτὸς
446 2840 493 2920 μίν
507 2841 627 2898 ἐκαλεῖτο
640 2838 670 2896 τδ
682 2834 767 2896 κοινὸν
778 2833 861 2909 ὄνομα
876 2831 921 2890 καί
935 2852 1038 2910 προση-

259 2933 361 3016 γορικδν
372 2930 493 3007 Ναίθιος,
503 2929 533 2988 τό
548 2927 575 2986 δέ
584 2924 735 3004 συγγενικόν
749 2922 867 2993 Ἄττιος,
877 2920 905 2988 ὀς
913 2919 1038 2979 ἁπάντων

260 3022 460 3107 θεοφιλέστατος
474 3017 642 3097 ὁμολογεῖται
657 3013 779 3092 γενέσθαι
794 3014 846 3069 τῶν
860 3006 1038 3088 ἀκριόοόντων

206 3145 232 3184 3⁰
259 3115 308 3189 τήν
322 3115 417 3193 τέχνην
437 3110 482 3169 καί
498 3107 624 3187 μεγίστου
639 3112 728 3185 τυχεῖν
742 3103 776 3160 δι’
795 3099 877 3169 αὐτὴν
896 3097 1037 3174 ὀνόματος,

260 3203 387 3269 ἀπίστους
400 3199 472 3265 τινάς
488 3195 637 3275 θπερόολάς
650 3196 697 3264 τῆς
708 3191 917 3267 οἰωνομαντικῆς
930 3184 1040 3255 ἐπιστή-

262 3314 313 3372 μης
325 3287 534 3363 ἐπιδειξάμενος·
548 3274 585 3341 ῶν
602 3279 655 3358 ὀγιλ
667 3279 748 3357 μίαν,
761 3276 794 3349 ἢν
812 3275 930 3352 μάλιστα
944 3271 1039 3333 τεθαά-

262 3402 356 3455 μακα,
370 3373 605 3456 προχειρισάμενος
620 3372 685 3450 ἐρῶ,
701 3363 834 3446 προειπὼν
851 3364 877 3432 ἐξ
890 3361 946 3428 σίας
957 3366 1041 3441 oppu-

262 3467 314 3535 θείς
335 3462 488 3542 συντυχίας,
502 3460 547 3520 καί
569 3458 640 3526 τίνας
655 3455 775 3538 ἀφορμάς
790 3452 864 3533 παρά
878 3444 924 3510 τόδ
944 3450 1039 3525 δαιμο-

209 3580 235 3620 ab
261 3555 315 3616 νίου
330 3551 430 3624 λαθὼν,
444 3548 574 3620 τοσαύτην
589 3546 667 3628 ἔσχεν
683 3545 835 3626 ἐπιφάνειαν
845 3586 853 3612 ,
863 3540 931 3599 ὥστε
941 3538 1042 3603 πάντας

263 3644 373 3716 ἀζήλους
395 3638 530 3709 ἀποδεῖξαι
547 3636 606 3705 τοὺς
620 3634 690 3694 κατά
704 3632 755 3703 τὴν,
773 3632 854 3702 antip
870 3628 1042 3705 ἀκμάσαντας

263 3731 378 3806 ἡλικίαν.
420 3727 508 3799 Πένης
518 3728 590 3805 αὐτῷ
605 3722 694 3803 πατήρ
709 3721 820 3797 ίγένετο,
832 3717 929 3797 χοιρίον
943 3712 1043 3780 εὐτελές

262 3823 402 3902 γεωργῶν,
415 3810 437 3898 ᾧ
451 3814 528 3891 τάτε
542 3814 611 3874 ἀλλα
623 3809 805 3888 συνειργάζετο
818 3814 882 3873 παῖς
896 3804 932 3862 ῶν
946 3808 960 3861 ὁ
974 3803 1042 3863 Ναί·

265 3912 335 3985 ὀιος,
353 3912 405 3973 ὀσα
426 3915 479 3975 τοῖς
499 3903 662 3978 τηλικούτοις
685 3900 794 3973 δύναμις
817 3888 865 3969 ήν,
881 3895 926 3954 καί
949 3893 995 3959 τὰς
1012 3885 1042 3959 ὗς

211 4023 239 4061 ευ
265 3999 407 4068 ὀξελαόνων
420 3996 538 4057 έόοσκεν.
584 3985 781 4066 Ἀποκυιμηθείς
793 3982 823 4043 δέ
836 4007 900 4043 ποτε
911 3981 958 4041 καί
974 3980 1043 4059 μετὰ

265 4086 314 4156 τήν
328 4085 456 4165 ἐξέγερσιν
472 4088 522 4164 οὐχ
535 4082 663 4162 εὑρίσκων
676 4076 747 4144 τινάς
763 4077 814 4134 τῶν
830 4076 897 4144 θῶν,
914 4073 979 4139 τέως
994 4070 1042 4146 μέν

267 4175 366 4247 ἔκλαιε,
381 4173 428 4238 τάς
454 4174 559 4248 πληγὰς
580 4171 703 4252 ὀρρωδῶν
722 4164 769 4232 τάς
783 4162 857 4242 παρά
872 4167 917 4221 τοῦ
929 4159 1042 4238 πατρός·

267 4261 368 4333 ἔπειτα,
381 4259 462 4319 ἐλθὼν
473 4261 516 4319 ἐπί
529 4261 577 4329 τήν
586 4258 711 4327 καλιάδα,
717 4254 765 4335 τήν
776 4254 803 4311 έν
816 4255 853 4333 τῷ
865 4248 956 4331 χωρίῳ
969 4252 1044 4308 καθι-

267 4348 397 4430 δρυμένην
408 4345 519 4425 ἡρώων,
535 4347 609 4418 ἠξίου
623 4348 682 4414 τοὺς
697 4344 785 4425 ήρωας
798 4340 958 4419 συνεξευρεῖν
974 4340 1046 4415 αὐτῷ

214 4462 241 4500 ⁴5
267 4440 315 4505 τὰς
329 4430 373 4505 te·
385 4433 525 4516 γενομένου
540 4434 568 4493 δὲ
586 4437 678 4494 τούτου
693 4431 793 4506 θύσειν,
811 4430 898 4498 αὐτοῖς
915 4425 1046 4505 ὑπέσχετο

268 4529 312 4588 τὸν
327 4529 450 4604 μέγιστον
464 4526 515 4582 τῶν
529 4525 560 4583 ἐκ
570 4528 615 4581 τοῦ
627 4522 726 4602 χωρίου
738 4517 866 4599 βοτριίων.
909 4513 1004 4594 Εὖρόιν
1018 4514 1046 4573 δέ

270 4618 327 4694 μετ’
343 4617 430 4694 ὀλίγον
444 4611 490 4678 τάς
502 4601 533 4677 b<
545 4608 666 4670 ὀόοόλετο
679 4610 727 4688 μὲν
741 4609 883 4667 ἀποδοῦναι
896 4611 950 4670 τοῖς
961 4600 1046 4680 ἥρωσι

268 4707 315 4778 τὴν
333 4707 432 4784 εὐχὴν,
449 4704 475 4761 έν
493 4698 591 4781 ἀπορίᾳ
612 4700 634 4758 δ’
649 4691 681 4772 ἦν
698 4701 796 4779 πολλῇ,
811 4696 856 4754 τθν
878 4693 1000 4770 μέγιστον
1016 4691 1045 4748 οὐ

270 4796 411 4871 δυνάμενος
434 4790 545 4871 ἐξευρεῖν
571 4789 676 4871 βότρυν.
720 4787 869 4863 Ἀδημονῶν
898 4783 921 4840 δ’
940 4777 986 4838 ὀπί
1008 4782 1046 4859 τῷ

215 4910 242 4947 ου
269 4886 419 4963 πράγματι,
433 4879 493 4947 τοὺς
508 4878 580 4947 benit<
590 4880 664 4952 ἠξίου
679 4878 712 4937 δι’
732 4878 832 4936 οἰωνῶν
844 4871 953 4955 φανερὸν
974 4872 1047 4948 αὐτῷ

269 4976 378 5043 ποιῆσαι
392 4969 422 5028 τὸ
437 4970 603 5047 ζητούμενον.
647 4968 763 5030 Ἔπειτα
775 4964 883 5028 ἐπελθόν
893 4964 964 5041 αὐτῷ
979 4958 1048 5020 κατθι

273 5061 384 5137 δαίμονα
402 5060 464 5140 διχῆ
482 5059 569 5137 νέμειν
584 5058 628 5118 τὸν
644 5058 804 5133 ἀμπελῶνα,
821 5056 918 5132 θάτερα
932 5051 981 5128 μὲν
1002 5049 1049 5106 αθ·

270 5153 316 5209 τοῦ
339 5147 484 5226 λαμόάνων
505 5151 534 5207 ta
556 5144 656 5217 δεξιᾶς,
674 5146 769 5223 θάτερα
796 5141 817 5200 δ’
842 5141 868 5209 ἐξ
892 5142 1048 5218 ἀριστερᾶς,

272 5239 351 5300 ἔπειθ’
364 5235 428 5314 θπθρ
446 5236 572 5315 ίκατέρσυ
581 5237 634 5293 τῶν
650 5236 737 5312 μερῶν
755 5230 815 5296 τοὺς
827 5222 1051 5307 παραγινομένους

769 397 935 460 DIONYSII
956 390 1335 458 flltlcllrllussullsls

1079 557 1145 595 nunc
1158 554 1217 593 vero
1229 539 1383 606 capitolinus
1398 558 1405 589 ι
1418 537 1498 590 denno
1512 550 1556 589 eos
1573 536 1646 588 iussit
1657 535 1719 588 deos
1732 536 1861 588 consulere

1080 655 1106 701 et
1121 650 1219 712 dicere,
1240 651 1268 700 iu
1286 663 1336 713 qna
1358 647 1428 699 milis
1446 651 1518 713 parte
1539 645 1700 697 fundamenta
1720 650 1805 697 essent
1823 646 1860 696 la-

1080 760 1174 811 cienda.
1207 761 1261 809 linc
1276 761 1360 809 autern
1378 771 1427 807 non
1445 754 1582 807 admodum
1593 758 1647 805 erat
1660 753 1755 806 facile:
1775 754 1862 806 multae

1081 869 1146 919 enirn
1162 868 1188 918 in
1202 881 1232 919 eo
1244 870 1314 919 erant
1322 879 1381 922 aras.
1392 866 1496 917 deornm
1508 867 1534 917 et
1545 865 1683 931 geniorum,
1698 879 1774 930 parre
1783 866 1862 930 spatio

1081 980 1144 1029 inter
1162 991 1190 1028 se
1208 976 1343 1038 distantes,
1366 989 1430 1041 quas
1447 976 1496 1026 alio
1517 976 1652 1029 transferre
1674 973 1805 1038 oportebat
1825 977 1862 1035 ct,

1081 1092 1160 1138 totam
1173 1099 1256 1137 aream
1268 1086 1375 1151 templo,
1394 1070 1461 1149 quod
1470 1082 1519 1134 diis
1530 1083 1703 1135 redificandum
1718 1088 1786 1147 erat,
1798 1084 1862 1136 liba-

1082 1209 1135 1245 ram
1149 1195 1295 1257 relinquere.
1328 1197 1410 1252 Quare
1424 1192 1559 1258 auguribus
1571 1192 1661 1258 placuit
1671 1192 1704 1245 de
1715 1206 1865 1258 unaquaque

1083 1320 1140 1369 ara,
1161 1320 1219 1370 quta
1231 1308 1313 1355 erecta
1332 1306 1401 1365 erat,
1420 1304 1481 1354 dens
1495 1304 1624 1355 consulere
1641 1307 1683 1362 et,
1702 1303 1725 1354 si
1748 1304 1785 1354 dii
1802 1317 1863 1354 con-

1084 1408 1231 1468 cessissent,
1250 1410 1304 1458 tuna
1319 1406 1419 1457 demum
1434 1420 1478 1458 eas
1493 1420 1602 1459 morere.
1636 1406 1721 1461 ceteri
1739 1407 1815 1471 igitur
1829 1406 1865 1457 dii

1085 1516 1110 1566 et
1126 1511 1190 1577 genii
1205 1511 1370 1576 permiserunt
1381 1513 1411 1563 ut
1429 1525 1486 1562 aras
1504 1511 1531 1561 in
1541 1510 1592 1562 alia
1602 1509 1658 1562 loca
1677 1511 1842 1562 transferrent
1856 1529 1864 1561 ε

1085 1620 1129 1670 scd
1148 1617 1278 1670 'lanuinus
1289 1620 1315 1668 et
1328 1619 1451 1668 laventus
1465 1616 1540 1668 nullis
1551 1631 1674 1681 augurum
1690 1616 1807 1682 precibus
1823 1620 1867 1669 aul

1085 1725 1300 1792 deprecationibus
1327 1724 1393 1775 decli
1420 1729 1569 1790 potuerunt,
1598 1738 1679 1790 neque
1702 1725 1757 1776 loco
1779 1723 1866 1777 cedere

1087 1836 1226 1886 voluerunt.
1260 1836 1348 1898 lucus
1363 1847 1450 1884 eorum
1467 1847 1517 1884 arae
1537 1831 1622 1898 templi
1639 1832 1735 1884 ambitu
1751 1845 1866 1896 compre·

1088 1941 1170 1992 bensas
1179 1944 1251 2001 sunt,
1263 1942 1289 1990 et
1299 1952 1366 1990 nunc
1376 1940 1454 1991 altera
1466 1939 1514 1990 sita
1521 1944 1560 1991 cst
1569 1940 1594 1989 in
1606 1938 1726 1991 Minerva
1736 1937 1867 1997 vestibulo,

1088 2049 1165 2100 altera
1183 2047 1210 2097 in
1229 2047 1283 2110 ipso
1301 2045 1407 2110 ternplo,
1421 2045 1468 2110 ipsi
1482 2045 1614 2097 dmulmro
1634 2045 1754 2110 proxima
1787 2047 1869 2106 utque

1089 2158 1144 2207 inde
1156 2153 1305 2218 collegerunt
1320 2165 1438 2215 augures,
1455 2152 1506 2202 iore
1516 2154 1545 2202 ut
1554 2153 1721 2202 Romanorum
1734 2148 1804 2200 urbis
1815 2150 1867 2199 ter·

1089 2263 1168 2314 minos
1187 2257 1281 2308 nullum
1302 2269 1411 2319 unquam
1428 2258 1527 2321 tempus
1542 2257 1669 2317 moveret,
1691 2269 1773 2318 neque
1794 2255 1871 2306 robur

1089 2365 1199 2419 mutaret
1217 2362 1263 2412 :et
1273 2359 1306 2409 ad
1323 2372 1376 2409 mea
1397 2373 1477 2423 usque
1500 2363 1611 2426 tempora
1627 2361 1763 2424 utrumque
1779 2358 1870 2410 horum

1091 2470 1138 2525 luit
1148 2477 1245 2524 rerum,
1254 2463 1303 2514 iam
1315 2476 1359 2527 per
1372 2466 1460 2514 etates
1469 2477 1539 2514 xxiv.

1123 2577 1193 2629 cxli.
1203 2576 1289 2635 Augur
1303 2573 1385 2621 autem
1394 2573 1505 2622 omniurn
1515 2572 1676 2632 clarissimus,
1685 2572 1730 2637 qui
1743 2584 1800 2621 aras
1814 2582 1871 2621 erc.

1091 2681 1145 2729 clas
1169 2668 1249 2721 morit
1266 2671 1293 2717 ct
1311 2665 1396 2717 lanum
1415 2667 1473 2718 lori
1490 2667 1658 2729 consecravit,
1679 2670 1706 2718 et
1720 2666 1872 2717 vaticinandi

1092 2780 1146 2830 arte
1160 2775 1279 2842 preditus
1289 2772 1382 2838 populo
1400 2766 1607 2835 reliquadeornru
1621 2764 1724 2817 consilia
1740 2763 1871 2829 predixit,

1091 2877 1215 2932 communi
1228 2879 1254 2927 et
1264 2871 1410 2939 appellativo
1424 2868 1522 2919 nomine
1535 2865 1673 2916 vocabatur
1683 2864 1797 2922 Navius,
1811 2876 1871 2926 gen-

1092 2976 1170 3029 tilicio
1177 2986 1237 3024 vero
1246 2971 1328 3021 Attius
1338 2967 1396 3033 3qui
1406 2965 1475 3016 lacile
1484 2962 1595 3012 omniurn
1607 2960 1674 3010 illius
1683 2959 1746 3009 artis
1754 2960 1874 3024 professo-

1093 3085 1150 3123 rum
1160 3069 1209 3119 diis
1226 3063 1368 3116 carissimus
1383 3062 1459 3111 luisse
1478 3060 1565 3120 lentur,
1583 3056 1799 3118 clarissimumque
1817 3054 1874 3106 iude

1093 3165 1339 3220 nomeuconsecutus
1347 3163 1394 3219 est.
1403 3158 1471 3222 quod
1480 3155 1618 3218 augurandi
1627 3155 1723 3219 peritis
1731 3152 1875 3203 admiranda

1093 3274 1119 3321 ct
1128 3269 1172 3320 νὶκ
1184 3262 1306 3318 credenda
1315 3260 1463 3309 documenta
1472 3253 1577 3306 edideiit
1591 3264 1715 3316 :quorum
1723 3263 1800 3300 unum
1812 3262 1876 3313 pran-

1094 3368 1179 3432 cipuc,
1200 3360 1268 3427 quod
1292 3357 1401 3409 maxime
1430 3355 1536 3403 miratus
1557 3364 1627 3409 sum,
1652 3346 1776 3413 proleram
1798 3348 1875 3410 alque

1095 3463 1191 3520 dicam,
1212 3456 1328 3508 nimirum
1348 3466 1398 3516 qua
1416 3451 1513 3500 lortuua
1536 3449 1563 3499 et
1579 3458 1631 3510 qua
1646 3442 1773 3494 occasione
1794 3440 1876 3491 sibia

1095 3557 1142 3609 dcc
1155 3554 1240 3607 oblata
1261 3553 1358 3603 tanturn
1373 3546 1529 3611 splendorem
1547 3544 1677 3595 assumtus
1697 3538 1742 3599 sit,
1757 3541 1787 3588 ul
1805 3540 1874 3588 cete-

1095 3670 1137 3707 ros
1157 3664 1243 3705 omnes
1260 3645 1371 3699 eiusdem
1385 3640 1470 3694 saeculi
1485 3651 1591 3703 augures
1607 3634 1774 3693 anteveuirct‚
1785 3636 1877 3697 cosque

1096 3768 1180 3807 secam
1194 3750 1297 3802 collalos
1318 3746 1342 3795 in
1358 3742 1426 3794 nullo
1441 3752 1511 3805 paene
1531 3736 1612 3802 pretio
1629 3733 1756 3786 habendas
1772 3733 1876 3784 demon.

1097 3853 1196 3904 straret.
1230 3850 1329 3898 Patrem
1346 3840 1434 3894 babuit
1453 3849 1600 3904 pauperem,
1615 3831 1687 3896 agelli
1706 3830 1788 3881 tenuis
1806 3828 1878 3879 colo·

1097 3962 1172 4008 uum,
1185 3958 1260 4011 quem
1275 3939 1376 3993 Navius
1396 3949 1459 4002 puer
1476 3947 1533 3984 curn
1552 3932 1606 3983 aliis
1627 3930 1653 3980 in
1669 3927 1744 3979 rebus
1762 3923 1878 3985 iurabat,

1097 4042 1221 4112 quasilla
1241 4041 1302 4092 ιεαεε
1321 4038 1386 4087 lerre
1405 4034 1517 4098 poterat,
1538 4032 1593 4080 turn
1609 4026 1685 4077 etiarn
1701 4035 1760 4072 sues
1777 4025 1878 4086 pastum

1098 4147 1195 4211 agebat.
1227 4142 1276 4194 sed
1291 4151 1350 4189 curn
1366 4129 1498 4196 aliquando
1518 4138 1604 4177 somam
1614 4122 1711 4187 sopitus
1727 4117 1830 4180 diisset,
1852 4121 1879 4168 el

1098 4230 1285 4299 expergefactus
1308 4237 1356 4275 uon
1378 4217 1511 4285 reperisset
1531 4213 1628 4278 aliquot
1638 4222 1711 4270 sues,
1726 4207 1879 4272 aliquamdiu

1100 4328 1167 4379 llerit
1187 4326 1265 4391 patris
1283 4321 1387 4373 verbera
1405 4313 1555 4371 lormidana3
1588 4306 1680 4359 deiude
1704 4303 1833 4371 protectus
1847 4300 1879 4351 ad

1101 4428 1218 4480 sacellum
1242 4422 1370 4490 quoddam
1399 4417 1425 4467 in
1446 4428 1477 4466 eo
1497 4412 1553 4462 loco
1572 4407 1668 4458 laribus
1693 4404 1878 4459 consecratum,

1101 4521 1243 4587 suppliciter
1256 4517 1288 4569 ab
1302 4515 1397 4567 laribus
1411 4512 1485 4578 petiit
1500 4510 1530 4560 ut
1543 4519 1570 4556 se
1585 4503 1612 4554 in
1627 4497 1779 4552 inveniendis
1792 4495 1881 4546 suibus

1101 4618 1247 4671 adiurmcut
1262 4611 1347 4679 :quod
1359 4611 1381 4661 si
1392 4607 1523 4666 iecissent,
1535 4600 1697 4668 pollicebatur
1705 4609 1733 4647 se
1752 4594 1802 4644 illis
1812 4605 1879 4645 racc·

1101 4727 1270 4780 mum‚qnern
1288 4712 1379 4762 intuta
1396 4708 1469 4758 vinea
1488 4702 1625 4755 maximum
1643 4694 1793 4762 reperisset,
1808 4690 1881 4743 obla·

1101 4824 1194 4870 lurum.
1226 4818 1279 4866 Nou
1294 4812 1375 4863 mullo
1389 4811 1446 4873 post
1458 4805 1566 4856 inventis
1578 4800 1665 4853 suibus
1682 4795 1782 4847 volebat
1796 4796 1882 4846 vorum

1101 4918 1242 4984 persolvere
1259 4935 1266 4967 ε
1283 4912 1327 4965 sed
1346 4912 1372 4962 in
1394 4920 1482 4972 magna
1501 4903 1624 4956 anxietate
1636 4897 1792 4956 versabatur,
1812 4890 1882 4956 quod

1102 5034 1151 5072 uon
1159 5020 1241 5084 posset
1253 5015 1391 5067 maximum
1401 5020 1526 5061 racemum
1534 5001 1653 5056 invenire.
1686 5002 1770 5058 Quare
1779 4996 1883 5046 mustus

1103 5124 1163 5175 deos
1183 5119 1298 5184 rogabat,
1312 5119 1342 5166 ul
1367 5112 1414 5163 sibi
1440 5107 1552 5174 auspicio
1570 5102 1737 5169 significarent
1759 5098 1795 5161 id,
1814 5094 1882 5160 quod

1104 5220 1239 5288 quaerebat
1272 5214 1366 5268 Deinde
1383 5210 1502 5262 divinitus
1524 5205 1562 5257 illi
1574 5204 1600 5255 ln
1618 5204 1728 5253 mentem
1742 5198 1825 5262 senil,
1844 5195 1885 5246 ri·
