4088 5936
241 395 298 455 {98
765 392 935 453 DIONYSII
958 390 1336 452 HALICARNASSENSIS

232 524 389 604 άναγκάσαι
406 525 451 584 τὸν
472 523 555 603 ἄνδρα
570 523 616 592 rire
637 522 749 603 ῥάύδους
766 522 910 583 ἀποθέσθαι
924 514 970 581 καλ
984 521 1019 581 τὰ
1071 529 1204 594 interreges
1225 529 1269 595 qui
1289 530 1410 579 vocentur
1429 525 1544 591 prodere,
1572 527 1599 577 et
1627 538 1673 590 per
1699 539 1744 577 σοι
1764 525 1854 590 eligere

232 613 319 675 ’λοιπὰ
329 617 467 694 vicie-pi<
478 610 685 689 cepeoii-eren
699 612 726 671 δὲ
739 617 815 671 τοῦτο
826 608 1019 689 γένηται,το“υι
1071 628 1141 679 urum
1154 628 1198 692 qui
1214 640 1246 679 ex
1261 625 1357 689 legibue
1374 624 1516 688 reipublice
1532 623 1769 676 administrationem
1787 629 1854 676 esset

238 704 412 779 καλουμένους
427 701 611 778 μεσοὸασιλεῐς
628 699 784 773 ἀποδεῖξαι,
800 702 847 759 καί
860 702 896 759 δι’
912 699 1018 760 έκείνων
1071 725 1209 777 hamum&
1242 722 1756 788 flmpppsmopppnflbus‚fflppug‚wgnito
1767 736 1853 774 mmm

239 790 341 850 ἑλέσθαι
350 789 394 849 τὸν
405 788 516 868 ἄρξοντα
527 792 574 859 τῆς
583 790 684 855 πόλεως
694 788 764 848 κατδι
776 787 881 864 νόμους·
924 789 1018 848 Ταῦτα
1072 825 1188 887 coneilio,
1209 824 1331 875 convertit
1348 836 1375 874 ιο
1396 822 1427 873 ad
1443 821 1520 887 plebis
1535 821 1645 872 innurem
1661 821 1809 887 captendum
1828 824 1854 874 et

196 896 209 934 ⁵
239 878 428 954 διανοουμένων
441 875 666 955 αὐτῶνέπίγνοὺς’
679 879 693 933 ὁ
707 875 819 942 Τύλλιος
833 874 877 934 ἰπὶ
891 874 1020 967 ,τὸδημα“
1072 923 1139 973 cives
1150 936 1238 986 egenos
1251 921 1420 986 largitionibus
1430 920 1477 972 sibi
1490 920 1653 972 conciliandus
1678 920 1853 985 commouere

239 970 332 1045 γωγεῖν
358 965 404 1024 καί
428 964 581 1043 θεραπεύειν
603 963 663 1032 τούς
690 965 802 1044 ἀπόρους
829 967 880 1022 τῶν
904 965 1018 1023 πολιτῶν
1263 1023 1272 1071 ί
1304 1026 1314 1071 ¹
1655 960 1662 983 ’
1710 1022 1715 1070 Ι
1761 1021 1776 1070 d

237 1056 380 1135 ἐτράπετο,
401 1054 435 1112 δι’
455 1050 560 1112 ἐκείνων
585 1050 694 1120 ἐλπίσας
714 1052 763 1124 τὴν
784 1052 869 1132 ἀρχὴν
889 1051 1017 1120 καθέξειν.
1072 1034 1173 1172 iffi:
1188 1034 1526 1185 ἓξῦὶῐωᾝωρωυθίἓῖᾝθ
1547 1026 1854 1185 ῗίἰζίλιροζῖοῖίώωῖγ

1331 1158 1337 1181 i
1801 1156 1809 1180 θ

238 1143 292 1206 Καὶ
305 1141 469 1220 συγκαλέσας
482 1141 513 1201 τὸ
525 1143 623 1214 πλῆθος
631 1144 666 1208 εἰς
679 1143 832 1214 ἐκκλησίαν,
841 1141 875 1201 τά
888 1166 916 1201 τε
926 1142 1019 1202 παιδία

236 1230 386 1311 προήγαγεν
401 1229 444 1289 ἐπὶ
457 1230 487 1290 rb
500 1230 587 1309 βῆμα,
602 1229 648 1289 καί
655 1230 732 1312 λόγον
741 1229 857 1302 διεξῆλθε
871 1222 978 1291 τοιάνδε.
1072 1219 1148 1272 “lem
1160 1218 1247 1271 mm
1260 1218 1404 1270 ⁰¹⁸⁰⁰¹¹⁰¹¹¹·

184 1336 209 1375 in
276 1320 326 1380 lX.
366 1344 379 1372 ιι
405 1319 498 1392 nolli
529 1343 562 1397 με
591 1320 693 1398 ἀνάγκη
723 1319 896 1402 κατειληρεν,
927 1319 1020 1403 ἄνδρες

1105 1320 1148 1369 lx.
1167 1336 1180 1361 ιι
1197 1319 1285 1382 blegne
1304 1331 1345 1367 rue
1365 1317 1506 1375 necessitas,
1528 1315 1646 1375 Quirites,
1664 1315 1745 1378 coegit
1763 1315 1853 1367 licrurn

236 1411 391 1479 «πολῖται,
407 1408 533 1480 κήδεσθαι
546 1412 598 1467 τῶν
611 1409 721 1468 nitidiore
732 1409 830 1468 τούτοιν
843 1414 895 1469 τῶν
905 1409 1018 1482 νηπίων.
1073 1439 1087 1466 ιι
1103 1417 1231 1469 inientlnru
1251 1430 1336 1468 curern
1354 1417 1485 1481 suscipere.
1519 1415 1665 1480 Tarquinius
1676 1415 1751 1476 enirn,
1767 1427 1854 1466 ebrum

236 1524 249 1547 ε
270 1495 418 1577 Ταρκύνιος
434 1496 519 1578 pipi
530 1498 638 1564 πάππος
653 1499 750 1570 αὐτῶν,
764 1500 884 1580 ἀπάτορα
896 1499 941 1559 καί
955 1499 1021 1559 ἄπο-

236 1615 248 1638 n
270 1588 311 1643 λιν
328 1586 391 1645 ὄντα
406 1609 440 1662 με
456 1585 621 1667 παραλαύῶν
634 1586 783 1668 ἐξέθρεψεν,
799 1588 872 1647 οὐδέν
887 1588 1018 1648 lidelm-

235 1702 248 1727 ε
271 1697 313 1756 ρον
327 1675 398 1754 ἄγων
413 1678 465 1733 τῶν
476 1680 556 1735 αὐτοῦ
565 1678 674 1751 τέκνων,
687 1676 733 1735 καί
746 1677 794 1747 τὴν
808 1676 899 1757 ἑτέραν
911 1681 962 1737 τῶν
973 1684 1019 1736 θυ·

182 1794 208 1834 ic
236 1793 247 1817 ι
270 1764 387 1844 γατίρων
399 1763 482 1824 ἔδωκε’
497 1788 541 1841 μοι
555 1768 685 1843 ἶγυναῑκα,
701 1766 746 1824 καί
762 1765 835 1845 παρὰ
849 1765 961 1845 [πάντα]
974 1767 1019 1827 τδν

235 1878 248 1905 ιι
269 1858 313 1910 τοῦ
339 1852 396 1932 βίου
419 1852 513 1931 χρόνον
528 1851 619 1933 ῶσπερ
639 1854 664 1923 ἐξ
687 1857 766 1913 αὐτοῦ
787 1855 912 1932 γεγονότα
933 1858 1020 1933 τιμῶν

236 1969 246 1989 ι
271 1940 316 1999 καὶ
330 1942 422 2022 ιριλῶν,
435 1944 471 2008 ὡς
480 1941 526 2000 καί
539 1945 614 2017 ὑμεῖς
628 1941 695 2017 ἴστε,
712 1943 857 2003 διετίλεσι·
870 1944 915 2004 καὶ
928 1945 1018 2017 ἐπειδὴ

235 2056 247 2082 ι
269 2027 304 2088 τὰ
314 2029 376 2109 περὶ
395 2028 442 2101 τὴν
455 2029 597 2103 θπιθουλὴν
612 2032 682 2110 αὐτῷ
696 2031 853 2107 συνέπεσεν,
868 2031 893 2091 εί
905 2056 930 2090 τι
940 2033 1019 2092 πάθοι

230 2145 247 2192 ,ι
268 2121 321 2176 τῶν
339 2118 518 2199 ἀνθρωπίνων,
530 2119 589 2193 ἐμοί
606 2118 654 2192 τὴν
669 2120 822 2198 ἰπιμέλειαν
837 2125 890 2181 τῶν
905 2122 1018 2182 παιδίων

181 2235 208 2275 20
235 2235 247 2259 ι
268 2206 416 2266 ἐπίστευσε.
460 2208 509 2276 Τίς
526 2196 570 2266 οὐν
600 2207 618 2280 ἢ
644 2207 708 2287 πρὸς
733 2207 805 2277 θεοὺς
822 2207 894 2269 ὅσιον
913 2209 931 2281 ἢ
953 2211 1019 2292 πρὸς

235 2324 247 2347 ιι
271 2294 420 2374 ἀνθρώπους
442 2296 540 2356 δίκαιον
568 2297 733 2377 ὑπολήψεταί
759 2320 810 2374 με,
838 2298 883 2358 idn
908 2302 1019 2377 ἔγκατα·

236 2413 247 2437 ιι
270 2384 341 2443 λίπω
366 2386 411 2445 καί
443 2387 533 2463 προδῶ
559 2385 618 2454 τούς
646 2386 789 2468 θρρανούς,
819 2379 857 2455 οἷς
890 2389 1020 2459 τοσαύτας

235 2502 247 2529 ιι
270 2474 365 2554 ὀρείλω
389 2474 519 2555 χάριτας;
541 2476 601 2535 ἀλλ’
626 2478 654 2535 οὐ
674 2476 722 2548 τὴν
745 2478 861 2553 θμτυτού
889 2479 1019 2558 προδώσω

235 2589 247 2613 ι
270 2560 369 2633 πίστιν,
381 2562 439 2621 οὐδὲ
454 2561 565 2633 τὴντῶν
579 2560 681 2621 παίδων
694 2563 805 2642 ἐρημίαν
821 2563 1016 2644 ίγκαταλείψω,

179 2676 207 2716 ui,
236 2677 249 2701 ιι
270 2651 340 2708 κατὰ
355 2650 466 2727 δύναμιν
477 2648 525 2721 τὴν
539 2650 618 2728 ἐμάν.
660 2650 766 2712 Δίκαιον
778 2653 803 2710 δ’
814 2651 872 2711 ἐστί
884 2652 929 2712 καί
943 2657 1019 2730 ὑμεῖς

238 2765 250 2789 ιι
273 2740 467 2815 διαμεμνῆσθαι
481 2738 528 2807 τὰς
547 2739 707 2820 εὐεργεσίας,
724 2739 754 2809 ἃς
777 2739 911 2809 δποίππος
933 2746 1017 2802 αὐτῶν

238 2855 250 2881 ι
272 2826 301 2885 τὸ
315 2827 399 2887 κοινὸν
414 2828 599 2909 εὐηργέτησεν,
615 2827 745 2899 ὑποτάξας
765 2829 813 2904 μέν
828 2833 890 2906 ύμῖν
903 2830 949 2899 τὰς
959 2836 1018 2892 Λα-

237 2944 248 2967 ι
271 2916 348 2976 τίνων
365 2917 493 2985 τοσαύτας
513 2919 601 2984 πόλεις
623 2917 837 2996 ἀντιποιουμένας
859 2924 906 2991 τῆς
920 2922 1018 3002 ἀρχῆς,

235 3035 246 3061 ι
271 3010 400 3080 ὑπηκόους
412 3007 439 3066 δέ
458 3006 571 3079 ποιήσας
583 3007 735 3087 Τυρρηνοὺς
752 3007 872 3075 ἅπαντας
895 3008 1018 3087 μέγιστον

179 3127 206 3166 30
235 3121 250 3153 ιι
271 3100 324 3155 τῶν
343 3097 484 3177 περιοίκων
506 3096 673 3173 δυναμένους,
693 3096 846 3174 σἰναγκάσας
865 3096 892 3156 δέ
911 3098 941 3156 τύ
960 3100 1019 3159 Σι-

235 3213 247 3235 ·
271 3185 348 3244 θίνων
361 3186 431 3250 ἔθνος
445 3183 594 3263 ὑποχείριον
608 3185 669 3259 ὑμῖν
688 3185 817 3262 γενέσθαι,
832 3184 901 3262 μετδι
912 3188 1017 3244 πολλῶν

234 3303 246 3327 ι
268 3273 373 3332 ἅπαντα
387 3278 472 3333 ταῦτα
491 3272 538 3332 καθ
562 3272 683 3385 μεγάλων
703 3272 827 3333 κινδύνων
849 3277 1016 3353 κατεργασά-

235 3388 248 3413 «
272 3383 358 3436 μενος.
400 3358 485 3422 Ὅσον
509 3359 557 3437 μίν
576 3383 621 3419 ουν
642 3360 719 3428 αὐτὸς
741 3361 786 3433 ἔζη
802 3361 906 3442 χρόνον,
925 3363 1018 3444 θκείνῳ

235 3477 246 3500 ιι
265 3454 398 3527 προσῆκεν
420 3452 488 3527 ὑμᾶς
509 3447 555 3516 τὰς
581 3448 648 3529 ύπίρ
666 3452 718 3509 τῶν
734 3453 888 3531 εὐεργεσιῶν
904 3451 1016 3530 χάριτας

177 3569 205 3609 ³5
234 3564 245 3611 ιι
268 3537 379 3595 εἰδέναι·
401 3538 493 3610 ίπειδὴ
510 3538 538 3598 δὲ
552 3536 721 3611 τιτελεύτηκι
733 3537 777 3596 τὸν
794 3536 861 3616 βίον,
874 3545 929 3606 τοῖς
941 3539 1016 3617 ἕγγό·

234 3653 246 3677 ιι
268 3648 321 3692 νοις
337 3630 415 3686 αὐτοῦ
429 3624 476 3695 τθις
490 3626 603 3703 σἰμοιύδις
619 3626 760 3700 ἀποτίνειν,
772 3629 817 3686 καὶ
836 3626 873 3703 μὴ
887 3650 1018 3707 συγκατο-

232 3744 244 3769 ιι
269 3714 370 3797 ρύττιιν
386 3715 443 3792 ἅμα
458 3723 510 3782 τοῖς
526 3715 633 3794 σώμασι
650 3719 702 3775 τῶν
719 3721 860 3794 εὐεργετῶν
904 3716 950 3776 καλ
968 3716 1017 3790 τὴν

233 3831 244 3858 ι
268 3803 376 3881 μνήμην
402 3809 455 3865 τῶν
480 3803 574 3885 ἔργων.
616 3804 715 3874 Δόξατε
745 3795 790 3863 οὐν
815 3809 889 3884 κοινιῗΙ
920 3807 1017 3875 πάντες

232 3920 245 3946 ιι
267 3896 404 3974 ἐπίτροποι
413 3896 616 3976 καταλελεῖφθαι
629 3898 682 3954 τῶν
693 3894 806 3966 παίδων,
819 3894 865 3952 καί
879 3894 1017 3973 βεθαιοῶτε

177 4010 206 4052 40
233 4009 245 4036 ιι
269 3985 357 4051 αὐτοῖς
369 3983 402 4055 ἣν
418 3984 552 4052 δπάππος
567 3983 706 4043 κατέλιπεν
724 3981 820 4062 ἀρχήν.
862 3980 946 4041 Οὐδὲν
963 3980 1015 4062 γὰρ

234 4092 246 4122 ιι
268 4068 300 4127 tn
317 4075 438 4129 τοσούτω
459 4073 637 4132 ἀπολαύσειαν
658 4073 689 4129 ίκ
711 4073 757 4141 τῆς
780 4071 844 4145 ίμῆς
867 4068 922 4135 ind<
943 4068 1017 4136 ὄντος

233 4182 247 4210 ιι
269 4157 439 4233 προστασίας,
454 4162 514 4220 ὅσον
530 4163 560 4220 lx
569 4165 616 4231 τῆς
630 4163 717 4231 κοινῆς
732 4157 939 4233 ἃπάντωνύμῶν
953 4161 1016 4236 βοη-

234 4269 247 4296 a
269 4241 350 4308 drini-
393 4245 419 4305 Τ
421 4247 489 4304 αὐτα
499 4247 522 4305 δ’
535 4248 618 4305 εἰπεῖν
629 4247 803 4325 ἠνάγκασμαι
812 4242 1016 4320 συνισταμένους

233 4356 246 4382 ιι
267 4328 340 4397 τινὰς
355 4331 397 4390 ὐπ’
408 4331 504 4401 αὐτούς
515 4333 678 4413 αἰσθόμενος,
694 4334 740 4395 καὶ
758 4332 807 4407 τὴν
819 4332 906 4415 άρχὴν
920 4334 1016 4414 ἑτέροις

176 4440 205 4480 ιε
234 4445 246 4472 ιι
268 4420 433 4498 παραδοῦναι
459 4423 641 4500 βουλομένους.
684 4422 759 4492 Ἄξιῶ
779 4423 803 4480 δ’
824 4425 903 4500 ὑμᾶς,
926 4421 1016 4502 ἄνδρες

235 4534 247 4561 ι
271 4507 411 4586 Ῥωμαῖοι,
426 4511 471 4570 καὶ
487 4513 537 4568 τῶν
553 4513 624 4588 ἐμῶν
638 4511 821 4590 μεμνημένους
835 4512 958 4591 ἀγώνων,
971 4510 1016 4579 ub<

234 4623 247 4652 ιι
269 4597 333 4678 ὑπὲρ
359 4603 406 4671 τῆς
433 4599 577 4679 ἡγεμονίας
606 4600 794 4679 ἠγωνισάμην,
829 4597 889 4658 οὔτε
915 4602 1016 4679 μικρῶν

235 4716 247 4739 ιι
269 4688 350 4747 ὄντων
365 4689 424 4749 οὔτε
447 4690 553 4769 θλίγων,
574 4694 610 4758 ὡς
626 4689 700 4750 οὐδὲν
719 4688 814 4767 δέομαι
829 4688 895 4769 πρὸς
915 4688 1016 4756 εἰδότας

235 4803 248 4831 ιι
269 4781 338 4854 ὑμᾶς
357 4778 453 4858 λέγειν,
462 4781 510 4847 τὰς
522 4779 580 4838 αἰντί
592 4778 691 4839 τούτων
707 4775 877 4860 θριιλομίνας
891 4775 950 4852 ίμοί
964 4777 1016 4857 χά-

179 4879 207 4919 bil
235 4892 248 4917 ιι
270 4888 342 4943 ριτας
364 4874 418 4934 τοῖς
442 4867 556 4933 παιδίοις
581 4867 724 4926 ἀποδοῦναι
744 4866 856 4932 τούτοις.
899 4865 940 4925 Οὐ
963 4862 1015 4945 γδιρ

235 4976 248 5004 ε
270 4952 337 5010 ἰδίαν
355 4952 440 5033 ἀρχὴν
456 4957 563 5036 ἐμαυτῷ
578 4953 848 5030 κατασκευαζόμενος,
867 4944 900 5025 ἧς
913 4953 1016 5021 οὐδενὸς

235 5064 247 5090 ν
269 5028 346 5107 ἦττον
360 5040 431 5109 ἄξιος
445 5032 477 5115 ἦν
491 5042 626 5121 βουληθείς
639 5043 791 5122 τυγχάνειν,
805 5040 874 5099 ἀλλὰ
885 5045 924 5101 τῶ
936 5044 1016 5121 Ταρ-

235 5151 248 5171 a
270 5123 361 5185 κυνίου
383 5127 451 5207 γάνει
468 5133 570 5207 βοηθῶν
590 5130 624 5189 τὰ
645 5129 720 5189 κοινὰ
745 5131 872 5206 πράττειν
894 5129 1015 5211 προῄρη-

235 5236 248 5265 r
266 5235 329 5287 μαι.
351 5210 454 5288 Ἱκέτης
465 5217 488 5276 θ’
501 5219 575 5295 ὐμῶν
590 5218 715 5298 γίγνομαι
730 5216 793 5296 μήτ’
814 5216 863 5294 ίμί
875 5216 943 5294 μήτε
957 5216 1016 5285 τούς

1074 1541 1086 1566 ι
1102 1533 1175 1580 erue,
1194 1531 1234 1569 rue
1249 1524 1320 1583 petre
1336 1520 1360 1567 el
1371 1517 1450 1580 petrin
1463 1520 1592 1566 carentum
1612 1515 1709 1580 excepit
1725 1517 1750 1565 et
1760 1514 1852 1565 educe-

1074 1641 1086 1665 «
1104 1620 1151 1681 rit,
1164 1616 1231 1668 nulle
1251 1615 1276 1667 iu
1296 1629 1324 1667 re
1336 1615 1484 1666 deteriorem
1499 1628 1576 1680 quern
1591 1614 1703 1680 pruprioe
1721 1627 1779 1665 sude
1792 1613 1853 1665 libe·

1074 1740 1086 1763 ιι
1103 1732 1144 1769 τοι
1165 1730 1206 1767 ine
1224 1714 1330 1776 duceni,
1349 1716 1376 1765 et
1399 1714 1501 1765 niterent
1516 1713 1621 1765 lilierum
1640 1714 1700 1764 nullu
1721 1715 1746 1764 iu
1767 1715 1852 1765 uictri-

1074 1835 1087 1860 ι
1103 1812 1212 1863 inuniuru
1224 1809 1301 1870 dedit,
1314 1812 1340 1860 et
1354 1812 1407 1860 luto
1418 1811 1476 1860 ritoe
1490 1823 1543 1860 sue
1555 1814 1666 1875 ternpore
1683 1823 1723 1860 nie
1735 1815 1763 1861 ut
1775 1810 1851 1861 litium

1073 1930 1086 1955 e
1105 1922 1177 1959 suum
1187 1909 1316 1973 perpetuu,
1330 1908 1359 1954 ut
1368 1917 1413 1954 vos
1427 1904 1472 1969 ipsi
1485 1905 1563 1965 scitis,
1577 1904 1739 1955 honoreritet
1751 1904 1849 1962 emenii.

1073 2027 1086 2051 ι
1103 2007 1194 2070 etpost
1205 2003 1274 2053 illurn
1286 1998 1429 2051 insidiarum
1440 2013 1533 2059 cneum,
1544 1999 1566 2049 si
1578 1998 1638 2063 quid
1650 1998 1794 2049 humanitus
1805 1999 1853 2051 eibi

1075 2100 1236 2158 «accideret,
1258 2096 1317 2147 inibi
1341 2098 1429 2147 luorurn
1452 2109 1582 2160 puerorum
1604 2109 1689 2146 curaui
1716 2093 1851 2146 mundarit.

1074 2219 1086 2243 «
1104 2199 1166 2257 Quis
1187 2196 1261 2259 igitur
1279 2205 1320 2243 ine
1334 2193 1359 2242 in
1373 2193 1434 2242 dece
1449 2192 1517 2256 pium
1532 2195 1577 2241 aut
1592 2193 1617 2241 iu
1629 2191 1739 2243 lieruiuee
1757 2190 1851 2241 iustum

1074 2288 1239 2350 «iudicabit,
1257 2288 1278 2340 si
1302 2287 1414 2339 decerem
1440 2300 1470 2337 ec
1489 2287 1593 2351 prodam
1619 2286 1737 2351 pupillus,
1760 2287 1854 2352 quibus

1074 2407 1086 2431 «
1103 2387 1184 2437 tenue
1203 2383 1283 2435 debeo
1299 2383 1405 2447 gratiis?
1437 2381 1486 2433 Sed
1506 2395 1585 2445 neque
1604 2395 1685 2432 iucem
1699 2382 1774 2432 iidem
1793 2395 1851 2446 prc-

1074 2500 1087 2525 «
1103 2479 1170 2537 dem,
1188 2491 1268 2543 neque
1283 2476 1329 2527 boe
1342 2489 1432 2542 puerei
1443 2476 1509 2526 soles
1522 2476 1619 2526 relictos
1631 2480 1752 2541 quantum
1769 2477 1793 2526 iu
1813 2491 1853 2528 me

1073 2594 1086 2619 ιι
1103 2576 1143 2627 esi
1153 2574 1275 2624 deeerm.
1308 2574 1415 2637 AEquurn
1427 2575 1510 2621 auteur
1524 2574 1562 2623 est
1575 2575 1604 2621 ut
1617 2585 1663 2621 roe
1679 2572 1754 2622 etiem
1766 2572 1789 2621 iu
1803 2585 1855 2623 rue·

1076 2666 1208 2717 «moriem
1229 2665 1350 2715 revocetis
1369 2665 1498 2725 beudlcla,
1520 2678 1577 2728 que
1603 2678 1666 2715 arus
1693 2665 1801 2730 ipecrrrm
1828 2666 1854 2716 in

1074 2783 1087 2808 n
1104 2760 1280 2828 rerupublicnni
1291 2759 1404 2818 contulit.
1419 2760 1463 2824 qui
1480 2760 1506 2810 in
1523 2763 1631 2810 restrum
1647 2763 1795 2825 potestatem
1810 2774 1852 2812 re·

1075 2877 1087 2902 ιι
1105 2857 1171 2921 degit
1189 2858 1227 2906 tut
1246 2855 1389 2906 Letiuerum
1412 2855 1487 2906 urbes
1511 2855 1641 2906 vobiscum
1664 2854 1696 2905 de
1715 2854 1851 2920 principatu

1075 2972 1086 2996 ιι
1104 2950 1286 3011 contendentes,
1294 2952 1319 3002 et
1325 2950 1372 3002 cub
1381 2954 1489 3001 restrum
1500 2950 1630 3016 imperium
1637 2950 1762 3001 subiunxit
1768 2963 1854 3001 cnruei

1075 3049 1234 3107 «Etruscus,
1259 3044 1419 3095 finitimorum
1443 3045 1589 3110 populorum
1612 3045 1810 3109 potentissimos,
1827 3048 1854 3096 et

1074 3162 1086 3185 ιι
1103 3140 1183 3203 coegit
1203 3136 1347 3189 sabinorum
1368 3141 1464 3201 gentem
1488 3139 1558 3190 nobie
1579 3152 1682 3204 perere;
1705 3143 1779 3203 itque
1797 3137 1853 3190 bec

1074 3256 1086 3280 «
1103 3236 1186 3285 cniuin
1196 3248 1252 3284 cuni
1259 3234 1344 3284 mullis
1353 3238 1379 3284 et
1387 3234 1482 3297 rneguie
1492 3235 1608 3298 periculis
1620 3235 1728 3299 perfecit.
1762 3239 1854 3294 Quern-

1074 3345 1086 3368 «
1103 3323 1147 3374 diu
1170 3324 1244 3387 igitur
1260 3322 1375 3381 virebit,
1390 3335 1490 3385 [equum
1514 3323 1566 3371 erni
1583 3322 1619 3372 illi
1639 3336 1684 3373 νοε
1706 3336 1752 3389 pre
1775 3323 1853 3374 bene·

1074 3440 1086 3464 ι
1104 3419 1166 3469 liciis
1182 3417 1289 3482 acceptis
1311 3418 1414 3481 pretinm
1438 3416 1530 3468 hebere
1543 3437 1550 3479 ;
1561 3432 1627 3468 nuuc
1645 3432 1713 3479 rere,
1735 3420 1853 3483 quonum

1073 3531 1086 3557 ι
1103 3512 1179 3574 obiit,
1197 3512 1280 3562 liberis
1302 3513 1356 3561 etus
1377 3511 1478 3575 gratim
1498 3512 1607 3572 reterre,
1625 3526 1705 3575 neque
1722 3527 1772 3564 uun
1794 3526 1852 3565 euru

1074 3626 1086 3651 ιι
1103 3606 1246 3672 corporibus
1268 3606 1394 3656 licmiuurn
1408 3605 1440 3656 de
1454 3605 1524 3655 robis
1540 3605 1603 3656 bene
1619 3607 1762 3658 meritorum
1775 3608 1852 3672 ipsum

1074 3722 1086 3747 τ
1104 3715 1203 3767 quoque
1219 3701 1362 3751 mennonium
1377 3699 1552 3750 beneficiorum
1564 3706 1721 3765 accepturum
1736 3702 1853 3755 deludere

1075 3798 1182 3848 ddecet.
1216 3795 1356 3846 Fniellnrete
1374 3796 1456 3859 igitur,
1477 3809 1523 3846 rue
1543 3809 1630 3847 ornnes
1653 3798 1724 3848 sirnul
1747 3798 1853 3850 istorum

1075 3911 1087 3936 ιι
1103 3904 1237 3956 puerorum
1251 3893 1348 3940 tutores
1365 3885 1462 3940 relictos
1477 3903 1533 3941 esec
1544 3893 1569 3941 et
1586 3904 1698 3955 regnum,
1711 3890 1776 3954 quod
1790 3905 1854 3943 arus

1076 4008 1086 4032 ι
1104 3987 1163 4050 ipcie
1178 3984 1285 4049 reliquit,
1298 3985 1450 4036 eculirmete.
1483 3987 1567 4049 Neque
1579 3987 1644 4036 enirn
1663 3984 1710 4035 nrei
1722 3984 1796 4035 nnius
1810 3998 1853 4049 pu·

1073 4103 1086 4127 ιι
1102 4083 1233 4134 treeiulurn
1259 4085 1354 4134 tuntum
1383 4082 1440 4145 ipsis
1467 4081 1583 4146 prodesee
1604 4082 1708 4146 poterit,
1731 4083 1853 4145 quantum

1073 4183 1214 4229 «nestrum
1235 4177 1344 4255 omniurn
1367 4189 1498 4226 commuue
1519 4176 1647 4227 auxilium.
1681 4179 1741 4227 lieo
1767 4179 1852 4228 entem

1073 4293 1085 4318 ι
1101 4273 1158 4324 ideo
1170 4275 1272 4324 conclus
1288 4286 1344 4323 suin
1361 4270 1453 4333 dicere,
1471 4272 1530 4336 qula
1545 4271 1667 4337 quendam
1680 4272 1705 4323 in
1721 4286 1764 4322 ens
1783 4286 1853 4325 οοπε-

1071 4388 1084 4412 ιι
1099 4369 1179 4433 pirere
1191 4369 1303 4433 cognovi,
1315 4368 1358 4431 qui
1378 4380 1479 4429 reguum
1496 4367 1550 4418 eliis
1564 4367 1662 4418 undere
1672 4367 1767 4420 relnut.
1800 4370 1852 4419 l'oe

1072 4484 1085 4509 ιι
1100 4463 1184 4528 itaque
1197 4478 1265 4528 regu.
1281 4463 1400 4524 Quirites,
1411 4468 1440 4514 ut
1451 4475 1564 4513 ruecruni
1580 4463 1654 4513 elicui
1666 4462 1779 4514 laborum
1797 4476 1852 4513 ine·

1072 4573 1196 4620 «mures,
1217 4572 1280 4623 quos
1301 4573 1347 4624 pro
1368 4563 1452 4611 vestro
1468 4558 1570 4623 imperio
1588 4557 1692 4622 pertuli,
1712 4556 1754 4621 qui
1772 4569 1852 4621 neque

1071 4676 1083 4700 ιι
1100 4655 1169 4722 perri
1186 4668 1265 4719 neque
1285 4654 1357 4718 pnuci
1376 4659 1441 4712 eunt,
1465 4653 1529 4703 sieut
1548 4652 1614 4718 apud
1634 4666 1679 4703 ros
1705 4651 1742 4702 rei
1762 4664 1851 4717 guerus

1071 4769 1084 4794 ιι
1099 4764 1236 4802 memorare
1254 4764 1301 4801 uun
1319 4765 1381 4814 opus
1393 4752 1440 4811 eet,
1452 4749 1564 4814 gretiam,
1584 4761 1658 4812 quum
1675 4761 1719 4811 pro
1733 4744 1774 4797 hle
1789 4744 1850 4797 milii

1071 4865 1083 4889 ιι
1101 4845 1214 4899 debelii.
1242 4843 1297 4895 istis
1318 4844 1451 4894 infantibus
1469 4843 1589 4894 celeratis.
1623 4844 1707 4905 Neque
1732 4841 1798 4891 enirn
1822 4843 1852 4891 ut

1074 4958 1084 4983 ι
1100 4938 1161 4989 milii
1172 4939 1217 5004 ipei
1234 4951 1336 5002 reguum
1355 4936 1489 4999 edituum,
1501 4951 1551 5003 quo
1567 4940 1650 4987 temen
1671 4935 1772 4985 iuiuirne
1791 4933 1852 4984 iudi·

1071 5053 1084 5079 ιι
1100 5047 1163 5098 gnus
1174 5048 1263 5096 eseern,
1276 5034 1298 5085 ei
1315 5032 1340 5084 id
1355 5032 1560 5093 directaneum
1578 5035 1606 5084 ut
1625 5030 1751 5096 Tarquinii
1768 5028 1851 5093 egenti

1071 5148 1083 5172 ι
1101 5141 1172 5193 opem
1183 5130 1269 5189 ierem,
1282 5128 1314 5180 ed
1329 5127 1470 5193 reipublice
1484 5127 1720 5179 administrationem
1732 5125 1852 5178 ιιοοοθετο

1071 5243 1083 5267 ι
1101 5224 1176 5275 rului.
1209 5226 1290 5282 Quare
1302 5237 1348 5275 res
1366 5223 1466 5289 supplex
1482 5236 1573 5288 oiu‚ne
1584 5223 1691 5288 pupillos
1701 5223 1763 5273 istnc
1774 5222 1849 5274 deee-
