4048 5924
665 392 960 469 ANTlQUlTATUM
980 393 1130 457 ROMAN.
1156 396 1229 458 LIB.
1253 397 1318 458 Vll.

184 531 245 587 λουν
258 524 288 586 τό
299 527 396 597 πλῆθος
411 521 455 583 tat
467 523 515 595 τήν
530 521 635 603 φυλέτιν
647 525 805 597 ἐκκλησίαν,
816 503 902 607 χωρία
914 529 961 596 τῆς

187 618 283 697 ἀγορᾶς
299 613 560 696 περισχοινίσαντες,
586 615 612 671 έν
639 603 677 680 οἷς
704 614 814 691 ἔμελλον
837 617 865 673 αἱ
879 614 960 692 φυλαὶ

186 703 328 776 στήσεσθαι
349 705 409 762 καθ’
431 700 523 768 αὑτάς.
569 702 622 761 Καὶ
646 700 705 760 τότε
730 705 834 779 πρῶτον
860 701 961 780 ἐγένετο

186 790 331 870 Ῥωμαίοις
355 788 484 861 ἐκκλησία
502 792 562 848 κατ’
581 788 672 871 άνδρδι
695 788 861 872 ψηφοφόρος,
876 794 893 863 ἡ
911 813 960 871 φυ-

145 905 159 944 ε
186 880 286 952 λετική·
298 878 385 939 πολλδι
394 875 426 952 δὴ
437 876 639 957 ἐναντιουμένων
647 882 700 939 τῶν
707 878 860 959 πατρικίων,
868 877 911 937 ἵνα
922 879 960 955 μή

185 974 262 1028 τοῦτο
284 969 409 1046 γένηται,
433 965 478 1027 καί
497 964 546 1037 τὴν
561 968 662 1046 λοχῖτιν
679 965 817 1035 ἀξιούντων
839 967 960 1047 συνάγειν

186 1057 344 1131 ἔκκλησίαν,
372 1057 463 1135 ὥσπερ
488 1056 575 1123 αὐτοῖς
597 1056 707 1136 πάτριον
734 1046 778 1128 ἦν.
836 1056 884 1137 Ἐν
908 1056 960 1138 γάρ

186 1156 239 1215 τοῖς
261 1147 384 1228 πρότερον
410 1145 529 1226 χρόνοις,
551 1144 595 1206 ὅτε
616 1145 708 1222 μέλλοι
725 1149 811 1227 ψῆφον
829 1144 960 1227 ἐπιφέρειν

185 1239 200 1294 δ
222 1238 304 1312 δῆμος
325 1235 391 1316 ὑπὲρ
406 1233 572 1306 ὁτουδήτινος
587 1224 623 1293 ῶν
641 1234 834 1315 ίπιτρέψειενή
861 1233 958 1314 βουλή,

132 1353 159 1392 10
185 1325 295 1384 ἐκάλουν
310 1324 359 1402 μὲν
380 1324 405 1383 οἱ
430 1322 525 1381 ύπατοι
548 1321 596 1395 τήν
620 1323 721 1402 λοχῖτιν
737 1308 960 1403 δκκλησίαν,’ἱερδι

185 1413 311 1494 πρότερον
336 1408 549 1485 ἐπιτελέσαντες,
571 1410 588 1469 ά
609 1408 688 1487 νόμος
708 1412 794 1479 αύτοῖς
818 1409 888 1484 έστλ,
913 1410 957 1470 καλ

186 1501 266 1582 μέχρι
280 1506 325 1561 τοῦ
340 1503 398 1560 καθ’
420 1504 492 1577 ἡμᾶς
508 1498 603 1580 χρόνου
622 1496 680 1557 τινδι
693 1498 719 1566 ἐξ
734 1501 820 1558 αὐτῶν
834 1497 873 1558 έτι
887 1497 958 1578 γίνε·

184 1613 239 1650 ται.
284 1590 382 1669 Συνήει
402 1586 430 1648 δέ
453 1588 483 1647 τὸ
497 1590 595 1658 πλῆθος
614 1588 648 1654 εἷς
670 1584 700 1645 τδ
716 1584 768 1664 πρδ
792 1592 838 1660 τῆς
861 1586 960 1655 πόλεως

184 1676 286 1759 Ἀρειον
297 1677 409 1750 πεδίον,
422 1675 474 1736 ύπό
488 1697 517 1734 τε
530 1678 654 1755 λοχαγοῖς
670 1675 716 1733 καὶ
730 1673 848 1752 σημείοις
859 1697 959 1753 τεταγ-

128 1790 156 1831 rs
185 1768 263 1845 μένον
276 1766 366 1847 ὥσπερ
387 1769 413 1826 n
435 1763 554 1845 πολέμῳ.
599 1764 745 1846 Ἐπέφερον
760 1767 787 1824 δὲ
807 1764 854 1837 τὴν
871 1768 957 1847 ψῆφον

184 1858 235 1936 οὐχ
246 1856 359 1922 ἅπαντες
370 1853 427 1931 άμα
438 1848 633 1928 άναλαόάντες,
650 1855 717 1914 elit
728 1852 798 1913 κατδι
808 1854 867 1921 τοδε
881 1853 960 1921 ἰδίους

184 1944 292 2003 ἔκαστοι
315 1942 420 2024 λόχους,
443 1943 522 2000 ὁπότε
544 1944 664 2015 κληθεῖεν
690 1944 741 2003 ύπδ
767 1946 819 2002 τῶν
843 1942 956 2003 ὑπάτων.

183 2026 287 2091 Ὄντων
305 2030 332 2089 δέ
347 2034 399 2089 τῶν
412 2028 572 2106 συμπάντων
584 2032 663 2109 τριῶν
677 2030 722 2089 καλ
736 2029 890 2102 ἐνενήκοντα
905 2030 949 2089 καί

183 2119 277 2178 ἑκατὸν
296 2118 398 2198 λόχων,
411 2117 456 2176 κοιλ
468 2114 566 2176 τούτων
580 2118 616 2184 εἰς
630 2115 657 2185 ἓξ
670 2118 835 2197 διῃρημένων
850 2140 954 2197 συμμο·

127 2238 159 2278 20
185 2205 256 2286 ρίας,
277 2206 370 2286 πρώτη
388 2205 437 2283 μέν
453 2205 572 2264 ἐκαλεῖτο
594 2208 728 2287 συμμορία
748 2208 793 2266 καλ
808 2207 855 2281 τήν
869 2211 955 2289 ψῆφον

184 2297 340 2378 έπέφερενή
366 2298 418 2354 τῶν
445 2295 558 2373 άχύντων
579 2294 609 2352 τὸ
634 2295 756 2373 μέγιστον
781 2297 887 2375 τίμημα
910 2301 956 2368 τῆς

184 2385 271 2452 οὐσίας
287 2385 332 2443 καὶ
345 2382 396 2456 τήν
413 2383 523 2462 πρώτην
537 2381 727 2459 λαμὸανάντων
738 2384 811 2454 τάξιν
829 2391 856 2446 ἐν
865 2384 953 2446 Υπολί-

184 2496 253 2550 μοις,
268 2475 295 2532 όν
309 2463 346 2541 οἷς
367 2464 436 2546 ήσαν
458 2470 559 2531 ίππέων
584 2471 632 2548 μίν
656 2474 838 2534 ὀκτωκαίδεκα
862 2474 954 2556 λόχοι,

184 2563 269 2630 πεζῶν
284 2563 306 2620 δ’
322 2560 491 2640 ὀγδοήκοντα.
531 2561 647 2642 Δευτέρα
662 2561 690 2621 δέ
710 2564 868 2646 δψηφοφόρει
884 2588 955 2642 συμ-

130 2674 159 2716 25
186 2647 266 2727 μορία
281 2653 332 2707 τῶν
342 2647 533 2731 ὑποδεεστέρων
547 2657 600 2717 τοῖς
615 2650 679 2729 βίοις
699 2653 745 2709 καὶ
759 2650 806 2724 τὴν
821 2651 954 2725 ύποόεόη-

185 2745 259 2797 κυῖαν
273 2736 346 2805 τάξιν
358 2738 457 2806 ίνταῖς
472 2736 571 2817 μάχαις
585 2736 787 2820 [μαχομένων],
802 2741 847 2800 καὶ
861 2742 954 2799 δπλισ-

183 2824 271 2904 μδνού
287 2825 330 2884 τδν
351 2823 429 2884 αύτδν
453 2825 567 2906 ἐχόντων
585 2835 641 2892 τοῖς
659 2828 876 2907 πρωτοστάταις,
894 2831 952 2889 ἀλλ’

182 2914 318 2974 ἐλάττονα·
338 2919 414 2973 τοῦτο
424 2912 452 2974 δέ
465 2914 496 2973 τδ
511 2916 609 2986 πλῆθος
627 2918 664 2982 εἰς
681 2913 764 2976 είκοσι
777 2916 872 2997 λόχους
888 2941 954 2977 συν·

182 3002 340 3082 τεταγμένον
354 2996 399 3076 ἦν·
413 3003 581 3083 προσέκειντο
595 3003 623 3063 δὲ
634 3007 722 3073 αὐτοῖς
737 3006 784 3067 δύο
801 3006 874 3087 λόχοι
890 3031 953 3067 τεκ-

128 3121 156 3163 20
183 3093 264 3153 τόνων
290 3092 334 3151 καλ
354 3091 531 3172 χαλκοτύπων
557 3092 602 3150 καί
625 3091 682 3153 όσοι
703 3092 778 3154 ἄλλοι
801 3098 952 3174 πολεμικῶν

183 3180 265 3260 ἔργων
277 3171 346 3253 ήσαν
360 3178 534 3261 χειροτέχναι.
577 3184 613 3242 Οἱ
630 3182 655 3240 δ’
666 3184 693 3240 έν
710 3187 743 3264 τῇ
758 3183 833 3266 τρίτη
849 3209 954 3263 συμμο·

183 3269 226 3350 ρίρ
246 3271 416 3347 καλούμενοι,
430 3269 524 3349 λόχους
546 3269 593 3347 μίν
614 3269 772 3353 ἐξεπλήρουν
796 3271 896 3353 είκοσι,
918 3276 955 3334 τί·

182 3382 260 3437 μημα
281 3358 303 3419 δ’
317 3348 389 3439 εἶχον
403 3357 511 3418 ἶλαττον
526 3362 577 3418 τῶν
596 3358 736 3437 δευτέρων,
758 3361 803 3420 καί
819 3360 892 3432 τάξιν
907 3364 954 3435 τήν

182 3449 223 3505 ἐπ’
236 3445 339 3512 ἐκείνοις
352 3444 502 3529 [ἐλάττονα]
516 3446 562 3505 καλ
573 3444 642 3506 ὅπλα
656 3449 704 3506 οὐκ
717 3447 762 3508 ίσα
778 3458 830 3516 τοῖς
844 3450 895 3529 πρδ
909 3456 955 3511 αδ·

124 3559 154 3600 at
182 3538 235 3593 τῶν
249 3534 348 3613 ἔφερον.
378 3537 413 3595 Ol
430 3535 458 3594 δέ
472 3535 540 3611 μετά
553 3535 661 3601 τούτους
676 3536 834 3614 καλούμενοι
849 3538 955 3615 τίμημά

183 3646 212 3681 τε
236 3623 322 3691 οὐσίας
343 3623 449 3683 έλαττον
475 3615 546 3703 εἶχον
572 3624 618 3682 καὶ
634 3621 707 3691 τάξιν
729 3625 755 3681 ἐν
778 3623 888 3706 πολέμῳ
908 3626 956 3701 τὴν

183 3710 377 3793 ἀσφαλεστέραν
391 3712 541 3789 έλάμόανον
553 3712 599 3771 καλ
611 3711 741 3791 ὁπλισμὸν
752 3713 955 3795 εὐσταλέστερον

182 3792 269 3882 είχον·
293 3801 415 3882 διῄρηντο
447 3802 475 3862 δδ
508 3804 544 3869 εἰς
566 3799 647 3862 εἴκοσι
676 3802 722 3861 καὶ
751 3794 822 3862 οὗτοι
849 3802 954 3884 λόχους·

181 3889 367 3950 συνετάττοντο
390 3889 418 3950 δέ
442 3890 487 3950 καλ
501 3887 600 3958 τούτοις
621 3888 668 3950 δύο
687 3889 763 3971 λάχοι
789 3895 954 3971 βυκανιστῶν

123 4006 153 4045 40
181 3978 226 4037 καί
242 3979 404 4040 σαλπιστῶν.
446 3978 562 4058 Πέμπτη
578 3977 605 4037 δέ
619 3980 739 4038 ἐκαλεῖτο
754 3979 888 4059 συμμορία
903 3985 955 4041 τῶν

98 4085 102 4091 ’
180 4068 268 4146 ὀλίγον
291 4067 361 4127 πάνυ
375 4066 557 4144 τετιμημένων
578 4066 710 4146 ἀργυρίου·
730 4070 798 4126 ὅπλα
814 4068 840 4127 δὲ
859 4063 891 4141 ἦν
906 4072 955 4128 αὖ·

179 4157 232 4215 τῶν
253 4155 348 4216 σαυνία
362 4154 409 4214 καί
428 4154 578 4235 σφενδόναι·
603 4146 674 4213 οὗτοι
689 4154 760 4223 τάξιν
780 4160 827 4215 ούκ
841 4147 912 4237 εἶχον
929 4162 955 4219 έν

179 4245 317 4327 φάλαγγι,
333 4242 401 4304 ἀλλά
412 4243 483 4325 ψιλοί
497 4242 543 4301 καλ
557 4247 647 4324 κοῦφοι
660 4245 894 4323 συνεστρατεύοντο
903 4253 956 4314 τοῖς

179 4334 300 4399 δπλίταις
321 4333 357 4398 είς
378 4330 517 4410 τριάκοντα
542 4330 634 4412 λάχους
662 4332 827 4410 διῃρημένοι.
871 4333 907 4393 Οἱ
927 4333 955 4392 δὲ

121 4446 151 4484 aa
178 4420 348 4501 ἀπορώτατοι
371 4425 424 4480 τῶν
445 4421 560 4480 πολιτῶν
576 4422 623 4480 οὐκ
647 4421 770 4487 έλάττους
795 4423 845 4479 τῶν
867 4421 954 4481 ἄλλων

172 4510 303 4570 -άπάντων
317 4506 388 4573 ὄντες
404 4502 512 4589 tapam
532 4507 581 4580 τήν
596 4512 682 4591 ψῆφον
696 4508 892 4586 άνελάμόανον,
909 4509 956 4569 ἕνα

179 4598 257 4674 μόνον
273 4595 375 4678 ἔχοντες
390 4596 485 4677 λόχον·
507 4587 578 4657 οὗτοι
595 4601 739 4677 στρατειῶν
751 4622 780 4657 τε
793 4590 860 4670 ήσαν
882 4597 956 4657 ἐλεύ-

180 4689 250 4763 θεροι
263 4688 315 4743 τῶν
330 4687 360 4743 ἐκ
374 4685 539 4764 καταλόγου,
555 4686 600 4745 καὶ
617 4689 745 4766 εἰσφορῶν
760 4692 812 4746 τῶν
829 4687 897 4746 κατδι
912 4710 955 4744 τι-

179 4770 292 4849 μήματα
306 4766 450 4851 γινομένων
472 4774 589 4846 άτελεῖς,
610 4774 656 4832 καὶ
677 4773 709 4832 δι’
733 4775 814 4854 ἄμφω
829 4779 913 4833 ταῦτα
929 4777 955 4833 ἐν

118 4881 149 4921 w
174 4867 235 4929 ταῖς
249 4860 425 4942 ψηφοφορίαις
441 4861 606 4935 ἀτιμότατοι.
662 4863 696 4921 Et
717 4861 765 4938 μέν
780 4853 824 4920 ούν
838 4863 883 4921 ἐπὶ
903 4867 955 4922 τῶν

174 4947 288 5032 πρῶτων
303 4950 407 5029 λόχων,
423 4949 468 5016 aba
483 4946 553 5008 οἵτε
564 4950 653 5015 ἱππεῖς
672 4948 830 5029 ἐξεπλήρουν
841 4951 886 5009 καὶ
900 4956 953 5011 τῶν

174 5041 262 5107 πεζῶν
275 5039 300 5098 οἱ
313 5038 360 5110 τὴν
376 5036 485 5120 πρώτην
496 5037 569 5105 τάξιν
588 5039 615 5096 έν
629 5039 683 5105 τοῖς
697 5036 822 5112 πολέμοις
837 5039 954 5115 λαμόά-

172 5148 278 5197 νοντας,
291 5124 322 5185 τδ
336 5127 401 5187 αι’ντδ
413 5125 569 5209 φρονήσαιεν
585 5124 653 5185 ίπτδ
673 5125 720 5185 καλ
733 5125 887 5199 ίνενήκοντα
904 5128 951 5189 λύ-

170 5239 233 5299 χοι,
247 5214 320 5284 τέλος
335 5207 404 5298 εἶχεν
418 5220 435 5289 ή
450 5215 601 5299 ψηφοφορία
611 5262 620 5296 ,
630 5215 675 5275 καὶ
687 5214 774 5277 οὐκέτι
788 5217 842 5286 τοῖς
852 5220 952 5288 λοιποῖς
977 5293 983 5301 Ι

1733 394 1789 455 431

1015 536 1105 598 quibus
1126 538 1229 600 singulae
1246 536 1328 587 tribus
1349 536 1453 587 seorsim
1470 535 1589 599 sullragia
1605 535 1675 585 erant
1692 535 1789 584 laturo.

1014 628 1044 675 Et
1075 630 1135 677 tunc
1157 627 1265 692 primum
1284 625 1392 690 populus
1412 629 1537 677 Romanus
1559 625 1660 676 tributis
1689 625 1793 678 comitiis

1015 717 1134 783 suffragia
1156 720 1228 781 tulit,
1256 718 1362 770 multum
1394 718 1584 771 reclamantibus
1610 720 1737 785 patriciis,
1763 735 1794 772 ue

1015 810 1063 860 bon
1084 811 1171 872 lieret,
1187 814 1262 874 atque
1284 812 1420 862 centuriata
1441 813 1541 864 comitia
1559 825 1628 864 more
1650 816 1728 878 patrio
1748 815 1793 866 ba·

1015 903 1094 954 benda
1109 903 1272 954 censentibus.
1307 906 1369 955 Ante
1382 906 1456 965 enim,
1467 905 1564 968 quoties
1577 906 1684 970 populus
1700 908 1792 958 atrism-

1015 997 1055 1062 gia
1074 1000 1127 1046 erat
1142 995 1239 1045 laturus
1259 993 1290 1044 de
1309 996 1397 1058 quavis
1415 1010 1442 1047 re
1456 1010 1487 1047 ex
1509 1000 1724 1051 senatusconsulto
1747 1003 1794 1068 ipsi
1828 999 1831 1003 ’

1015 1090 1147 1154 permissa,
1161 1087 1327 1138 aconsnlibus
1345 1089 1376 1138 ad
1388 1091 1524 1142 centuriata
1533 1092 1634 1144 comitia
1648 1096 1792 1158 vocabatur,

1015 1179 1157 1230 solennibus
1172 1177 1318 1241 quibusdam
1328 1180 1405 1229 sacris
1423 1185 1479 1231 ante
1493 1184 1571 1247 patrio
1592 1199 1659 1236 more
1673 1190 1791 1252 peractis,

1015 1285 1121 1335 quorum
1131 1270 1248 1321 nonnulla
1262 1270 1339 1321 otiam
1351 1275 1436 1323 nostra
1448 1277 1521 1324 aetate
1534 1277 1603 1328 liunt.
1629 1280 1795 1333 Conveniebat

1015 1361 1098 1409 autem
1112 1356 1248 1407 multitudo
1259 1356 1285 1406 in
1295 1370 1411 1421 campum
1423 1360 1553 1422 Martium,
1575 1364 1619 1426 qui
1629 1368 1668 1416 est
1680 1372 1736 1418 auto
1749 1384 1792 1420 ur·

1015 1449 1084 1511 beru,
1097 1448 1144 1499 snb
1158 1448 1343 1500 centurionibus
1359 1454 1384 1500 et
1398 1451 1473 1516 signis
1490 1468 1538 1504 non
1556 1469 1628 1507 secus
1640 1475 1669 1510 ac
1688 1462 1713 1512 in
1730 1465 1794 1517 bello

1014 1540 1141 1592 instructa.
1174 1540 1297 1604 sutfragia
1320 1556 1378 1593 vero
1398 1544 1507 1596 terebant
1530 1560 1579 1597 non
1599 1564 1684 1604 omnes
1704 1557 1794 1622 simul,

1015 1634 1060 1686 sed
1091 1633 1178 1698 singuli
1197 1633 1223 1683 in
1250 1632 1302 1683 suis
1331 1637 1462 1700 centuriis,
1490 1641 1591 1701 quando
1615 1656 1630 1693 a
1653 1651 1794 1705 consulibus

1015 1724 1172 1776 vocabantur.
1207 1726 1271 1776 tium
1307 1730 1392 1777 autam
1416 1729 1537 1780 universae
1568 1738 1686 1787 centuriae
1713 1748 1795 1795 essem

1015 1822 1114 1870 centum
1132 1821 1158 1869 et
1176 1818 1306 1883 nonannta
1326 1823 1392 1882 tres,
1409 1825 1435 1872 et
1459 1823 1499 1873 bra
1523 1825 1547 1874 in
1569 1839 1613 1878 sex
1639 1831 1730 1884 classes
1753 1836 1794 1887 di·

1015 1914 1075 1964 visae
1097 1914 1195 1973 essent,
1220 1912 1298 1976 prima
1325 1913 1358 1963 ad
1375 1914 1491 1979 sutfragia
1510 1920 1573 1970 nate
1593 1924 1691 1974 ceteros
1718 1940 1794 1978 voca·

1014 2006 1100 2067 batum
1121 2019 1178 2069 quaa
1206 2006 1335 2058 constabat
1355 2021 1386 2057 er
1425 2007 1469 2071 iis,
1486 2024 1592 2074 quornm
1626 2029 1715 2068 census
1742 2026 1796 2073 erat
1872 2059 1876 2066 .

1014 2098 1151 2160 maximus,
1164 2101 1189 2148 et
1204 2099 1247 2162 qui
1261 2098 1371 2162 primurn
1391 2099 1417 2150 in
1440 2100 1512 2153 bellis
1532 2103 1613 2156 locum
1632 2111 1793 2165 obtinebant:

1013 2208 1040 2257 in
1060 2220 1110 2269 qna
1128 2203 1292 2255 censebantur
1320 2201 1431 2265 equitum
1453 2206 1571 2256 centurio
1595 2219 1658 2256 xrru
1683 2207 1794 2271 pedibuu

1014 2318 1088 2354 cxxv.
1100 2301 1213 2354 Secunda
1224 2300 1321 2364 classis,
1345 2314 1402 2364 quaa
1414 2301 1530 2366 suffragia
1550 2300 1653 2363 terebat,
1666 2304 1795 2356 constabat

1014 2410 1045 2446 ex
1059 2391 1214 2451 bominibus,
1229 2403 1334 2455 quorum
1347 2403 1435 2441 census
1448 2394 1503 2442 erat
1517 2391 1605 2453 rubor,
1619 2393 1694 2455 etqui
1705 2393 1730 2443 in
1741 2394 1794 2445 acie

1014 2489 1149 2541 secundum
1162 2488 1244 2537 locum
1267 2484 1425 2545 obtinebant,
1448 2499 1494 2536 nec
1515 2486 1619 2536 eandem
1641 2491 1793 2540 armaturam

1013 2589 1072 2626 cum
1082 2575 1161 2641 prima
1172 2573 1250 2624 desse
1271 2571 1407 2634 trabebant,
1428 2572 1474 2623 sad
1492 2572 1610 2624 leviorem
1623 2573 1697 2630 abaco
1708 2578 1792 2626 autem

1012 2667 1147 2718 multitudo
1166 2668 1191 2717 in
1204 2664 1327 2717 centurias
1361 2676 1396 2711 xx
1416 2659 1545 2711 distributa
1557 2664 1622 2723 τινος
1642 2661 1733 2725 quibus
1750 2663 1794 2713 ad·

1013 2756 1072 2807 dita
1085 2756 1143 2808 due
1154 2756 1272 2808 centuriae
1287 2754 1413 2804 fabrorum
1428 2749 1587 2814 lignariorum
1595 2754 1622 2799 et
1633 2751 1792 2816 urariornm,

1013 2846 1040 2895 et
1061 2845 1083 2897 si
1105 2845 1149 2911 qni
1169 2844 1211 2895 alii
1232 2843 1376 2893 bellicarum
1398 2837 1567 2888 machinarum
1587 2841 1659 2888 eraut
1681 2839 1791 2904 opitleea.

1013 2933 1096 2984 Tertia
1106 2946 1166 2984 vero
1177 2934 1279 2994 classis,
1293 2944 1351 2995 qne
1365 2929 1439 2979 tertio
1458 2928 1511 2978 loco
1528 2926 1673 2989 vocabatur,
1693 2931 1791 2981 conato

1014 3019 1057 3071 bat
1071 3034 1103 3071 ex
1129 3021 1245 3071 centuriis
1262 3034 1305 3082 xx,
1323 3017 1368 3069 sed
1389 3029 1464 3067 censu
1484 3016 1538 3066 erat
1558 3014 1639 3064 minor
1658 3029 1734 3079 qnam
1755 3030 1793 3069 se·

1014 3110 1106 3171 cunda,
1120 3112 1146 3160 et
1159 3110 1299 3176 proximum
1316 3108 1347 3158 ab
1359 3119 1388 3158 ea
1409 3106 1491 3155 locum
1511 3104 1535 3154 in
1558 3103 1610 3154 acie
1621 3105 1735 3165 tenebat,
1748 3120 1793 3159 nec

1013 3198 1101 3249 eadem
1114 3211 1183 3249 anua
1198 3198 1307 3257 terebat,
1322 3209 1380 3260 qno
1393 3193 1537 3260 praecedens
1559 3192 1654 3243 classis.
1673 3193 1722 3250 Qui
1733 3208 1793 3247 vero

1013 3286 1127 3350 deinceps
1146 3287 1305 3346 vocabantur,
1320 3286 1349 3335 nt
1360 3297 1461 3334 consum
1473 3283 1595 3333 minorem
1607 3281 1745 3347 habebant,
1757 3284 1793 3338 ita

1015 3378 1039 3425 in
1052 3375 1116 3427 bello
1130 3376 1247 3426 tutiorem
1268 3374 1349 3425 tonum
1371 3373 1531 3433 obtinebant,
1544 3374 1732 3424 stannaturam
1745 3388 1790 3427 cr·

1013 3464 1158 3528 peditlorem
1170 3463 1312 3515 habebant:
1329 3462 1355 3512 bi
1375 3474 1474 3525 qnoque
1487 3461 1514 3510 in
1533 3460 1658 3512 centurias
1671 3476 1706 3513 xx
1719 3463 1792 3516 divisi

1013 3555 1098 3612 eraot;
1113 3550 1212 3615 illisque
1224 3552 1281 3601 duan
1299 3551 1450 3600 comininum
1462 3548 1650 3612 tubicinumqne
1670 3552 1789 3605 capturim

1012 3629 1175 3680 addebantur.
1209 3628 1301 3688 Quinta
1321 3628 1407 3679 classis
1420 3632 1474 3680 erat
1493 3642 1597 3689 eornm,
1622 3630 1666 3693 qui
1687 3644 1789 3685 censum

1012 3715 1140 3765 minimum
1153 3714 1290 3777 habebant,
1307 3719 1334 3764 et
1346 3727 1433 3765 aarum
1449 3728 1518 3764 arana
1532 3719 1603 3765 erant
1622 3716 1671 3766 tela
1688 3718 1790 3772 missilia
1899 3738 1901 3741 ·

1012 3807 1038 3854 et
1049 3803 1130 3854 fundae
1142 3819 1149 3850 ι
1163 3804 1189 3853 bi
1201 3804 1283 3854 locum
1306 3806 1403 3853 camum
1420 3803 1444 3851 iu
1458 3803 1510 3853 acie
1522 3817 1572 3853 non
1583 3803 1721 3867 habebant,
1744 3810 1789 3861 aad

1011 3892 1098 3944 leviter
1112 3893 1200 3943 armati
1215 3895 1240 3943 et
1252 3891 1376 3957 expediti,
1390 3904 1439 3941 una
1455 3904 1512 3941 eum
1521 3889 1643 3941 militibus
1656 3895 1738 3956 gravis
1752 3911 1790 3948 ar·

1011 3983 1116 4031 maturae
1138 3978 1289 4042 militabant,
1311 3978 1337 4029 in
1351 3978 1474 4030 oentunm
1495 3991 1547 4027 xxx
1562 3976 1645 4028 dirisi.
1680 3984 1787 4047 Pauper-

1011 4064 1065 4119 rimi
1080 4081 1139 4119 vero
1156 4068 1239 4129 cives,
1251 4068 1295 4132 qul
1306 4081 1355 4118 non
1374 4069 1444 4118 amnt
1455 4065 1544 4117 ceteris
1556 4065 1671 4117 omnibus
1686 4084 1790 4125 numero

1011 4158 1156 4217 interimas,
1178 4157 1294 4207 ultimum
1324 4153 1448 4206 habebant
1474 4153 1635 4219 suffragium,
1665 4155 1691 4205 in
1713 4172 1789 4210 unam

1010 4259 1095 4296 omnes
1106 4244 1191 4296 reiecti
1205 4244 1351 4296 centuriam.
1387 4245 1420 4294 lli
1432 4243 1554 4294 bnmnnm
1568 4246 1639 4295 erant
1651 4245 1788 4311 abeapodi·

1011 4333 1118 4383 tionibus
1130 4346 1186 4396 quo
1201 4349 1232 4384 ex
1245 4333 1342 4384 adactu
1365 4332 1457 4383 fiebant
1472 4333 1498 4382 et
1511 4331 1788 4396 nonnumquam

1010 4436 1086 4473 censu
1105 4423 1283 4485 pendebantur,
1300 4427 1326 4473 et
1342 4422 1376 4472 ob
1394 4425 1525 4486 utramque
1543 4420 1617 4473 istam
1634 4433 1748 4471 caussam
1763 4422 1788 4472 in

1011 4508 1134 4574 sutfragiis
1159 4508 1267 4559 terendis
1288 4508 1389 4558 minima
1412 4514 1465 4560 erat
1487 4522 1574 4560 aarum
1589 4508 1730 4559 auctoritas.
1763 4510 1788 4560 Si

1011 4597 1085 4663 igitar
1096 4597 1183 4662 primm
1201 4598 1288 4648 classis
1301 4597 1421 4649 centuriae
1437 4611 1512 4660 πονιτ,
1530 4610 1586 4660 ηοω
1597 4596 1745 4647 constabant
1756 4610 1788 4649 er

1010 4686 1137 4751 equitibus
1150 4689 1176 4737 et
1194 4684 1318 4749 peditibus
1336 4683 1442 4749 primum
1462 4685 1546 4735 locum
1561 4682 1587 4732 in
1601 4681 1654 4733 acie
1676 4682 1786 4736 obtinen-

1011 4779 1092 4840 tibus,
1107 4777 1301 4837 consensissent,
1315 4775 1370 4826 bnis
1390 4775 1562 4840 imponebatur
1585 4773 1718 4838 suffragiis,
1742 4789 1789 4828 nec

1009 4866 1127 4916 centurio
1143 4865 1243 4928 reliquae
1267 4878 1315 4915 xcv
1330 4862 1362 4914 ad
1384 4863 1502 4925 sntiragia
1523 4861 1691 4924 vocabantur3
1720 4864 1788 4927 quod

1009 4952 1058 5002 nisi
1072 4951 1158 5012 lieret,
1173 4951 1281 5002 secunda
1291 4950 1394 5009 elassis,
1410 4963 1467 5014 quae
1478 4949 1609 5000 constabat
1623 4962 1656 5000 ex
1669 4950 1788 5003 centuriis

1009 5055 1063 5092 nu
1080 5040 1225 5101 vocabatur,
1242 5044 1268 5092 et
1282 5041 1356 5091 tertia
1373 5037 1505 5103 deinceps,
1521 5037 1599 5090 donoc
1620 5040 1788 5094 consentirent

1008 5132 1126 5185 cantune
1143 5146 1210 5183 roan
1226 5138 1252 5184 et
1270 5146 1336 5197 saepe
1355 5131 1446 5182 iudicia
1459 5132 1546 5196 primae
1562 5130 1648 5182 classis
1661 5132 1798 5198 suffragiis·

1010 5224 1210 5289 absolvebantur,
1233 5225 1268 5276 ita
1286 5226 1315 5276 nt
1335 5224 1427 5276 ultimis
1448 5238 1499 5275 non
1512 5224 1695 5301 ampliusopns
1710 5226 1786 5280 esset
1887 5250 1890 5257 ⁴
