4052 5926
621 434 916 511 rnupunaruu
937 435 1087 497 nonan.
1110 436 1183 497 mn
1207 438 1258 499 νι.
1491 472 1507 499 .

136 599 150 627 ι
169 571 231 631 ὅταν
242 571 269 631 δὲ
284 571 329 630 τὸν
342 571 463 654 παρόντα
475 568 593 632 κίνδυνον
607 567 720 636 ἅπαντες
733 568 836 647 ὁμοίαις
847 592 911 650 προ·

134 688 148 715 ι
165 660 268 738 θυμίαις
281 660 448 742 χρησόμενοι
458 658 677 739 παραλύσωνται,
687 658 746 718 τότε
756 658 788 730 δή
802 662 910 717 σκοπεῖν

134 779 146 803 ο
163 750 220 809 τίνα
232 750 327 831 τρόπον
341 754 400 823 ίσην
414 749 460 809 καί
473 748 563 819 κοινήν
573 745 618 807 καὶ
629 746 757 828 σωτήριον
769 746 854 807 ἅπασι
863 748 910 817 τήν

134 867 147 892 ι
163 837 296 899 πολιτείαν
311 838 539 911 καταστήσονται,
559 835 628 915 μήτε
642 840 694 895 τῶν
710 835 830 907 πενήτων
848 839 910 894 ἐπι-

93 939 106 976 ⁶
135 926 341 988 ούουλευόντων
372 935 429 994 ταῖς
460 930 512 986 τῶν
536 925 670 985 πλουσίοιν
701 924 817 998 οὐσίαις,
842 925 910 1001 μήτε

136 1044 148 1071 ε
166 1016 271 1077 ἐκείνων
286 1004 539 1098 προπηλακιζόντων
553 1014 613 1083 τοὺς
627 1023 685 1081 ταῖς
706 1012 799 1093 τύχαις
814 1037 909 1073 ταπει-

135 1134 148 1159 ε
165 1106 298 1186 νοτίρονς·
331 1104 443 1178 ἥκιστα
465 1102 516 1185 γάρ
553 1091 620 1163 ι’ίναι
655 1107 738 1162 ταῦτα
772 1105 908 1176 πολιτικὰ,

135 1223 148 1249 ε
168 1194 237 1256 ἀλλὰ
263 1193 308 1253 καὶ
334 1201 389 1262 τοῖς
411 1193 518 1273 ἀπόροις
538 1190 676 1271 ἐπικουρία
688 1214 727 1260 τις
740 1190 814 1251 ἔσται
830 1193 901 1251 πολι·

137 1311 149 1336 ι
167 1282 240 1357 τική,
260 1284 375 1351 καὶτοῖς
393 1283 562 1356 συμύαλοῶσι
587 1278 621 1340 τδι
643 1279 712 1361 χρία
737 1280 844 1360 βοήθεια
864 1304 912 1359 μι-

85 1387 108 1425 ttt
136 1396 150 1430 α
166 1371 226 1453 τρία
244 1380 297 1439 τοῖς
311 1377 372 1451 γοῦν
388 1369 582 1447 ἀδικουμένοις,
597 1369 643 1428 καί
658 1369 687 1428 τὸ
707 1369 848 1448 κράτιστον
859 1374 911 1429 τῶν

137 1489 149 1516 ε
167 1465 192 1521 ἐν
208 1461 354 1539 ἀνθρώποις
368 1462 472 1540 ἀγαθῶν
487 1459 534 1519 καί
554 1458 642 1526 παίσας
655 1458 786 1539 ρυλοίττον
803 1461 829 1518 ἐν
848 1463 912 1539 δμο-

135 1579 148 1603 ο
165 1550 224 1631 νοίορ
247 1551 294 1618 τάς
318 1549 416 1621 πόλεις,
441 1548 530 1614 πίστις
561 1547 606 1607 ἐπὶ
639 1548 833 1625 συναλλαγαῖς,
861 1549 912 1629 οάχ

136 1662 150 1697 ε
169 1640 262 1701 dinosa
276 1639 322 1699 καί
337 1635 382 1696 tet
397 1637 495 1703 παντὸς
509 1639 538 1695 ἐκ
555 1636 636 1714 μόνης
650 1634 852 1718 ἀναιρεθήσεται
866 1642 911 1709 τῆς

137 1759 150 1782 a
166 1729 312 1807 Ῥωμαίων
327 1726 439 1793 πόλεως.
453 1726 549 1785 Ταῦτα
564 1725 610 1783 καί
622 1723 672 1783 ὅσα
689 1723 749 1784 ἀλλ’
763 1726 789 1783 ἐν
801 1724 912 1806 τοιούτῳ

83 1838 106 1876 ιε
134 1842 150 1874 α
167 1819 254 1897 καιρῷ
267 1816 394 1894 λεχθῆναι
408 1816 526 1893 προσῆκε
540 1810 692 1886 διεξελθὼν,
705 1811 834 1871 τελευτῶν
845 1811 912 1895 θπίρ

134 1935 147 1960 «
166 1909 215 1977 τῆς
227 1902 293 1969 ίδίας
308 1901 419 1973 εὐνοίας,
429 1901 462 1974 ἣν
473 1901 542 1981 ἔχων
556 1899 665 1959 διετέλει
681 1898 746 1982 πρδς
760 1900 803 1959 τὸν
818 1902 912 1980 δῆμον,

135 2022 147 2048 ι
169 1992 301 2070 διελέγετο
310 1990 356 2051 καί
370 1990 442 2063 ἠξίου
454 1990 616 2072 συνάρασθαι
627 1994 674 2061 τῆς
689 1990 827 2069 στρατείας
841 1992 913 2070 αύτῷ

135 2108 150 2139 α
165 2082 262 2153 ταύτης
284 2082 340 2140 ἀνθ’
360 2071 396 2139 ὧν
418 2080 551 2160 πρόθυμος
566 2081 602 2146 είς
622 2076 715 2145 αὐτοὺς
732 2068 775 2154 ήν,
798 2082 845 2149 τῆς
865 2078 912 2156 μὲν

137 2198 149 2222 ο
165 2168 235 2229 κατδι
246 2167 322 2228 πόλιν
336 2167 489 2245 ἐπιμελείας
496 2171 534 2248 τῷ
544 2166 701 2246 συνάρχοντι
711 2167 916 2246 προσηκούσης,

83 2285 109 2321 ao
138 2286 150 2310 ο
168 2259 255 2338 ἑαυτῷ
270 2256 298 2315 δὲ
312 2259 360 2328 τῆς
373 2255 516 2335 ἡγεμονίας
536 2260 589 2316 τῶν
604 2255 729 2332 πολέμων
748 2255 912 2332 ἀποδεδομέ-

138 2374 150 2397 ε
166 2370 226 2419 νης·
247 2343 346 2413 ταύτας
362 2343 413 2426 γὰρ
431 2342 479 2412 τάς
497 2344 579 2424 τύχας
599 2345 687 2411 αύτοῑς
703 2344 849 2424 βραόεῶσαι
867 2343 911 2403 τόν

138 2438 273 2514 «κλῆρον.
297 2432 485 2515 ’Υπεσχήσθαι
508 2432 536 2491 δὲ
563 2435 637 2513 αύτῷ
667 2431 717 2515 ἔρη
738 2430 786 2503 τήν
815 2429 911 2511 βουλήν

138 2521 347 2602 «ἐμπεδώσειν,
367 2523 421 2582 δτι
440 2518 471 2580 ἀν
494 2521 718 2600 διομολογήσηται
740 2523 779 2601 τῷ
799 2517 912 2591 πλήθει·

137 2640 151 2667 a
169 2612 246 2679 αὐτός
268 2613 289 2670 δ’
312 2611 417 2680 ἐκείνοις
439 2611 539 2671 πείσειν
560 2609 622 2678 ’τοθς
646 2610 762 2689 δημότας
787 2608 826 2687 μή
850 2631 913 2691 προ·

84 2723 107 2761 νο
137 2729 151 2754 ε
168 2700 263 2760 δώσειν
282 2701 333 2766 τοῖς
351 2699 485 2776 πολεμίοις
502 2709 551 2772 τὴν
570 2701 730 2779 πατρίδα.»

175 2792 284 2852 ΧΧΙΧ.
300 2789 386 2849 'tate’
407 2793 489 2850 εἰπὼν
508 2787 629 2849 ἐκόλουσε
656 2789 702 2847 τὸν
718 2784 823 2868 κήρυκα
841 2789 913 2846 ἀνει·
945 2854 949 2863 ¹

134 2889 210 2955 πεῖν,
222 2882 279 2941 ὅσοι
293 2877 324 2940 ἀν
339 2877 483 2957 Ῥωμαίων
502 2877 546 2939 ἀπὶ
561 2878 605 2937 τὸν
618 2877 678 2936 κατ’
693 2878 778 2935 αὐτῶν
794 2876 913 2937 Οὐολού-

134 2994 204 3030 σκων
216 2970 332 3049 πολεμον
347 2967 572 3048 ἐκστρατεύσωσι,
588 2963 635 3033 τάς
644 2963 744 3053 τούτων
759 2964 842 3034 οίκίας
863 2991 914 3044 μη-

133 3059 196 3119 δίνα
209 3058 303 3127 ἐξεῖναι
314 3057 383 3137 μήτε
397 3056 520 3139 κατέχειν
536 3053 603 3133 μήτε
624 3054 724 3113 πωλεῖν
736 3051 801 3133 μήτ’
815 3058 913 3136 ἐνεχυ-

81 3165 107 3204 au
134 3148 222 3226 ροίζειν
233 3146 298 3233 μήτε
314 3148 386 3226 γε’νος
400 3148 485 3205 αὐτῶν
500 3140 613 3221 ἀπᾶγειν
632 3142 696 3224 πρός
717 3142 800 3220 μηδὲν
813 3144 914 3224 σομόό·

132 3239 218 3308 λαιον,
234 3235 302 3312 μήτε
316 3228 428 3295 κωλύειν
451 3233 493 3293 τόν
519 3231 678 3311 βουλόμενον
702 3237 749 3306 τῆς
774 3233 914 3314 στρατείας

133 3332 274 3385 sewensis.
314 3318 397 3384 Ὅσοι
410 3320 476 3381 δ’ἀν
495 3320 675 3403 ἀπολειφθῶσι
698 3326 745 3393 τῆς
760 3324 912 3405 στρατείας,

133 3414 181 3483 τάς
204 3413 273 3473 κατὰ
297 3412 396 3473 τούτων
415 3410 522 3488 πράξεις
542 3412 671 3491 ὑπάρχειν
692 3420 746 3479 τοῖς
768 3413 914 3481 δανεισταῖς

134 3493 222 3582 ἀρόἶς
236 3502 355 3568 ίκάστοις
379 3498 535 3561 συνέθαλον.
578 3497 626 3568 Ὦς
647 3499 675 3558 dt
696 3505 781 3558 ταῦτα
798 3499 914 3572 ήκουσαν

83 3607 108 3647 νε
135 3593 289 3664 οίπίνητες,
304 3589 399 3650 αάτίκα
411 3588 576 3667 συνέγνωσάν
600 3586 689 3647 τεκαὶ
708 3589 795 3668 πολλῶΙ
818 3595 914 3666 προθυ·

135 3683 187 3764 μίορ
202 3681 297 3748 πάντες
308 3680 344 3746 είς
357 3678 401 3739 τὸν
418 3679 535 3756 πόλεμον
549 3676 692 3758 ὥρμηντο,
704 3679 730 3736 οἱ
745 3676 793 3752 μίν
809 3675 913 3737 ἐλπίσιν

134 3772 270 3851 ὠριλειῶν
289 3767 459 3848 ὑπαχθέντες,
470 3770 494 3827 οἱ
506 3767 534 3828 δὲ
548 3771 594 3828 τοῦ
608 3766 791 3846 στρατηλάτου
804 3767 913 3848 χοίριτι,

133 3859 197 3920 otti
211 3855 508 3918 πλεῖστοιτὸνέτπιον
523 3857 569 3916 καί
586 3853 645 3923 τοὺς
655 3850 682 3916 ἐν
698 3854 821 3934 τῇαόλει
842 3854 914 3916 κατὰ

133 3953 185 4010 τῶν
199 3947 395 4024 ὑπομενόντων
412 3945 648 4025 προπηλακισμοὺς
662 3943 809 4027 φεύγοντες.
854 3949 914 4008 Πα-

83 4053 108 4090 εθ
135 4036 258 4118 ρσλαάὼν
278 4036 306 4096 δί
321 4039 335 4094 θ
350 4033 499 4116 Σερουίλιος
520 4034 550 4095 τδ
577 4034 729 4114 στράτευμα
755 4031 804 4093 σὺν
826 4036 915 4116 πολλῇ

134 4128 235 4206 σπουδῇ
247 4124 350 4185 ἐλαύνει
364 4124 494 4184 διαλιπὼν
510 4123 603 4183 οθδίνα
614 4121 726 4203 χρόνον,
740 4120 784 4181 ίνα
797 4123 914 4202 συμμίξῃ

133 4220 186 4282 τοῖς
198 4213 350 4291 πολεμίοις,
365 4213 426 4288 πρὶν
438 4215 474 4282 είς
486 4212 635 4291 Ῥωμαίων
643 4211 735 4292 χῶραν
751 4209 846 4279 αὐτοὺς
860 4216 914 4272 εἰσ·

135 4303 226 4363 mista
238 4327 245 4341 ·
259 4302 305 4362 καί
325 4299 484 4361 καταλαύὼν
498 4300 559 4382 περί
571 4299 601 4360 τδ
621 4300 794 4376 Πωμεντῖνον
813 4301 911 4382 χωρίον

134 4389 407 4474 ἐστρατοπεδευκότας
425 4389 472 4449 καί
490 4389 538 4462 τήν
556 4388 679 4450 Λατίνων
695 4387 789 4469 χώραν
816 4413 912 4471 προνο-

80 4487 108 4525 ⁴⁵
136 4481 275 4559 pardessus,
291 4477 333 4538 ὅτι
345 4483 545 4559 παρακαλοῦσιν
559 4480 648 4547 σῦτοῖς
662 4480 692 4539 ob
706 4479 855 4559 συνήραντο
868 4487 914 4542 τοῦ

135 4569 263 4645 πολέμου,
285 4566 347 4648 περὶ
374 4567 464 4639 δείλην
488 4567 566 4649 ὀψίαν
591 4568 665 4650 παρὰ
689 4568 770 4648 λόρον
796 4569 855 4628 τινά
879 4574 915 4639 ὡς

136 4657 221 4717 ιίιιοσι
246 4654 342 4717 στάδια
365 4659 412 4727 τῆς
430 4656 637 4735 στρατοπεδείας
662 4658 749 4716 αὐτῶν
773 4658 915 4737 ἀριστῶσα

134 4746 237 4804 τίθεται
252 4744 295 4804 τόν
309 4742 432 4824 χοίρακα·
455 4744 502 4804 καί
527 4746 616 4812 αὐτοῖς
635 4743 726 4811 νυκτὸς
754 4745 914 4805 ἐπιτίθενται

135 4835 312 4906 Οὐολοῦσκοι,
322 4832 424 4912 όλίγους
435 4856 465 4893 τε
479 4832 598 4901 δόξαντες
612 4822 680 4891 εἶναι
694 4832 739 4891 καί
758 4834 793 4898 ὡς
813 4831 839 4900 ἐξ
854 4836 914 4892 ὁδοῦ

78 4937 109 4971 w
136 4931 242 5003 μακρᾶς
261 4921 429 4989 κατακόπους
463 4920 609 5001 προθυμίας
629 4922 653 4979 τ’
674 4921 766 4985 ἐνδεῶς
790 4917 914 5000 ἔχοντας,

136 5011 179 5069 tet
198 5009 258 5076 τοὶις
271 5011 301 5069 ἀνι
311 5012 364 5069 τῶν
378 5010 498 5082 πενήτων
510 5008 572 5089 περί
591 5007 626 5067 sd
636 5006 704 5089 χρία
725 5007 915 5088 νεωτερισμούς

136 5099 252 5176 ἀνάκμῇ
269 5096 385 5173 μάλιστα
400 5100 540 5165 δοκοῦντας
550 5085 627 5158 εἶναι.
670 5093 705 5156 Ὁ
724 5095 751 5156 δὲ
765 5093 914 5177 Σερουίλιος

136 5185 175 5247 ότι
190 5183 284 5254 νυκτὸς
296 5185 349 5245 ἀπὸ
367 5190 412 5245 τοῦ
433 5187 552 5268 χάρακος
566 5184 782 5265 ἀγωνισάμενος,
806 5186 865 5247 ἐπεί
886 5186 913 5248 δὲ

137 5277 190 5356 ρῶς
203 5273 228 5334 τ’
248 5272 301 5346 ήδη
316 5273 417 5352 ἐγίνετο
438 5275 483 5336 καί
496 5271 556 5343 τοθς
569 5274 710 5353 πολεμίους
728 5274 824 5356 ίμαθεν
845 5276 912 5336 ἀτοί-

232 5413 345 5455 limitti-

1687 442 1745 501 337

968 595 980 619 ο
998 578 1122 637 rorantur,
1162 578 1189 629 Si
1211 593 1271 631 vero
1291 592 1402 644 presens
1422 581 1559 645 periculum
1584 593 1670 633 omnes
1693 582 1746 647 pari

967 683 979 708 «
996 665 1071 715 animi
1094 667 1249 717 contentione
1269 668 1307 718 usi
1326 668 1526 733 propulsassent‚
1551 672 1610 719 tunc
1634 669 1747 720 riderent

967 773 980 797 ο
996 768 1104 817 monam
1119 755 1193 807 modo
1213 769 1310 820 aequam
1333 760 1359 809 et
1377 771 1534 808 communem
1557 770 1587 807 ac
1613 757 1747 809 salutarem

966 848 1117 899 «omnibus
1139 848 1281 913 reipublicae
1310 850 1415 901 sormam
1444 850 1642 911 constituerent,
1664 848 1700 898 ita
1717 851 1747 899 ut

967 957 980 982 ι
999 953 1077 1005 nequa
1094 939 1179 1004 inopes
1202 941 1307 992 divitum
1331 942 1435 993 loannis
1451 942 1644 1004 insidiarentur,
1665 954 1746 1005 neque

967 1046 980 1071 ι
997 1028 1032 1078 illi
1047 1030 1224 1081 contumeliose
1242 1029 1403 1081 humiliorum
1424 1032 1555 1083 bominum
1581 1031 1687 1081 tonante
1704 1031 1745 1082 in-

967 1133 979 1158 «
996 1116 1139 1168 saltarent:
1155 1117 1165 1180 (
1174 1116 1229 1167 baec
1241 1117 1306 1168 enim
1320 1132 1370 1169 non
1388 1132 1442 1170 ease
1459 1119 1559 1179 civilia)
1574 1116 1617 1169 sed
1631 1120 1660 1168 ut
1680 1132 1745 1183 pau·

967 1225 980 1251 ιι
994 1220 1067 1271 peres
1077 1208 1220 1259 fruerentur
1229 1209 1296 1260 civili
1309 1210 1401 1260 auxilio
1419 1214 1446 1261 et
1463 1209 1637 1274 creditoribus,
1651 1210 1674 1260 si
1689 1211 1744 1274 qui-

967 1315 980 1340 a
994 1294 1100 1346 busdam
1118 1296 1208 1347 iniuria
1222 1297 1289 1347 tacta
1306 1301 1391 1360 esset,
1406 1298 1573 1362 porrigeretur
1589 1298 1746 1350 moderatum

967 1404 980 1429 a
997 1383 1146 1442 subsidium.
1160 1388 1235 1450 atque
1247 1385 1416 1436 firmissimum
1433 1385 1560 1436 hominum
1571 1386 1666 1437 bonum
1679 1388 1744 1452 quod

967 1491 981 1517 ε
997 1472 1022 1523 in
1039 1474 1155 1525 omnibus
1172 1474 1316 1526 civitatibus
1337 1473 1493 1523 corrcordiam
1512 1476 1614 1536 servat,
1631 1479 1744 1528 contrac-

968 1578 980 1603 ι
995 1564 1066 1610 tuum
1078 1561 1199 1613 uidelicet
1210 1561 1281 1619 tides,
1296 1571 1346 1608 non
1357 1559 1464 1621 omnino,
1476 1573 1556 1624 neque
1563 1561 1589 1610 in
1600 1566 1746 1626 perpetuum

968 1668 980 1692 ο
995 1649 1085 1699 exsola
1097 1649 1222 1715 republica
1230 1651 1339 1699 Romana
1349 1646 1488 1698 tolleretur.
1503 1668 1514 1692 ν
1527 1649 1589 1699 dum
1603 1649 1679 1712 igitur
1692 1650 1747 1700 trec

967 1739 993 1786 et
1006 1737 1063 1798 alia,
1074 1752 1130 1801 quse
1142 1742 1239 1800 tempus
1252 1736 1403 1801 postulabat,
1417 1736 1530 1796 dixisset,
1545 1740 1671 1801 postremo
1688 1758 1701 1783 a
1716 1738 1748 1790 de

969 1842 982 1869 a
998 1839 1045 1875 sua
1063 1839 1122 1889 erga
1143 1823 1240 1888 plebem
1264 1825 1388 1875 constanti
1409 1824 1581 1877 benevolentia
1603 1827 1653 1890 egit
1671 1830 1697 1877 et
1721 1840 1748 1880 se

968 1933 981 1958 ι
999 1913 1121 1979 purgavit,
1134 1892 1165 1961 uc
1179 1912 1261 1976 petiit,
1278 1916 1307 1963 ut
1319 1926 1405 1964 secum
1424 1912 1457 1963 ad
1480 1913 1545 1963 banc
1563 1913 1747 1979 expeditionem

969 2023 982 2047 a
997 2001 1207 2067 proficisceretur,
1227 2004 1253 2051 et
1271 2000 1336 2052 hanc
1356 2001 1460 2067 gratiam
1485 2002 1533 2052 sibi
1558 2017 1603 2067 pro
1627 2017 1673 2054 suo
1691 2017 1749 2068 erga

968 2112 981 2137 a
994 2092 1072 2156 ipsam
1092 2088 1175 2140 studio
1193 2091 1308 2154 reterrct3
1323 2091 1392 2142 urbis
1405 2093 1469 2144 enim
1482 2106 1567 2143 curam
1588 2094 1688 2159 college
1702 2095 1747 2145 ob·

967 2200 978 2224 a
994 2178 1090 2242 tigisse,
1104 2177 1175 2229 etad
1189 2192 1216 2228 sa
1236 2179 1295 2230 belli
1315 2180 1446 2246 imperium
1466 2182 1579 2235 delatum
1592 2196 1650 2234 esse
1663 2201 1670 2234 ε
1685 2184 1749 2236 hanc

966 2286 978 2311 «
995 2266 1060 2317 enim
1081 2266 1205 2318 tonunam
1226 2269 1274 2319 sibi
1293 2269 1325 2319 ab
1350 2270 1405 2334 ipsa
1425 2274 1493 2322 sorte
1515 2272 1607 2323 datam.
1643 2274 1749 2326 Dicebat

968 2374 980 2398 a
996 2357 1098 2413 autem,
1114 2358 1198 2420 patres
1218 2357 1266 2407 sibi
1288 2358 1411 2421 pollicitos
1426 2373 1481 2410 essa
1501 2375 1529 2411 sc
1541 2365 1625 2414 ratum
1637 2365 1749 2416 tacturos

968 2442 1112 2508 nquimnid
1128 2443 1195 2504 plebi
1212 2446 1367 2509 promisisset
1379 2464 1386 2506 ς
1400 2461 1476 2514 seque
1497 2450 1548 2500 illis
1563 2451 1675 2504 vicissim
1693 2469 1749 2519 pro-

967 2550 980 2576 «
996 2531 1108 2594 misisse,
1134 2536 1185 2585 tore
1213 2538 1243 2585 ut
1264 2535 1428 2598 persuaderet
1454 2537 1557 2602 plebeiis
1578 2555 1610 2592 ne
1639 2545 1746 2607 patriam

967 2619 1111 2672 «hostibus
1127 2620 1274 2685 proderent.
1294 2642 1307 2668 s

997 2794 1282 2846 xxix.1laeorationa
1300 2795 1397 2858 habita,
1421 2810 1465 2860 per
1485 2811 1626 2861 preconem
1650 2800 1746 2861 edixit,

966 2883 1060 2934 nemini
1076 2883 1149 2935 licere
1171 2897 1321 2947 quemquam
1337 2884 1430 2935 urium
1448 2887 1630 2950 Rornanorum,
1653 2888 1698 2951 qui
1716 2890 1749 2940 ad

966 2970 1058 3023 bellum
1075 2975 1162 3024 contra
1177 2972 1282 3023 Volscos
1299 2986 1385 3024 secum
1399 2973 1465 3024 ultro
1481 2975 1689 3039 proficisceretur,
1704 2984 1749 3030 aut

967 3060 1042 3112 domo
1072 3062 1189 3125 privare,
1209 3063 1255 3113 aut
1277 3062 1403 3125 rendere,
1429 3065 1473 3114 aut
1495 3064 1674 3130 oppignerare,
1704 3071 1749 3117 aut

967 3163 1054 3200 eorum
1071 3150 1190 3202 inmitium
1212 3151 1288 3202 ullius
1301 3154 1449 3203 contractus
1471 3166 1563 3204 caussa
1585 3168 1678 3206 nexum
1700 3156 1746 3207 ab·

968 3239 1069 3300 ducere,
1084 3243 1129 3290 aut
1144 3241 1220 3290 etiam
1231 3240 1365 3305 impedire,
1379 3255 1429 3305 qno
1449 3241 1532 3293 minus
1542 3243 1646 3306 quilibet
1660 3257 1748 3295 nomen

968 3326 1000 3377 ad
1011 3327 1125 3379 militiam
1141 3328 1213 3379 daret
1227 3349 1233 3379 ι
1246 3332 1271 3378 at
1281 3329 1325 3392 qui
1343 3328 1459 3380 militiam
1469 3329 1644 3393 detrectarent,
1661 3337 1748 3384 contra

968 3430 1011 3467 eos
1033 3416 1200 3468 creditoribus
1219 3417 1259 3467 ius
1272 3430 1328 3469 asso
1341 3418 1457 3481 exigendi
1472 3421 1618 3482 pecuniam,
1638 3422 1747 3485 qulbus·

967 3518 1065 3568 cunquc
1073 3504 1253 3555 conditionibus
1264 3518 1320 3555 eam
1331 3506 1392 3569 ipsis
1403 3509 1492 3557 mutuo
1508 3507 1647 3559 dedissent.
1679 3512 1748 3561 Pau·

968 3606 1039 3657 peres
1069 3592 1109 3642 lats
1134 3592 1225 3642 audilis
1249 3592 1380 3643 confestim
1401 3598 1588 3657 consenserunt,
1611 3599 1638 3646 ct
1658 3610 1747 3660 magna

968 3681 1046 3731 anbni
1067 3680 1195 3731 alacritate
1218 3693 1303 3730 ornnes
1332 3681 1364 3731 ad
1393 3681 1485 3732 bellum
1515 3683 1671 3745 terebantur3
1704 3686 1748 3737 alii

968 3767 1072 3831 quidem
1084 3767 1149 3817 lucri
1164 3780 1208 3832 spa
1222 3766 1314 3829 exciti,
1333 3767 1377 3819 alii
1397 3782 1459 3820 vero
1480 3771 1638 3834 imperatoris
1656 3773 1746 3837 gratia,

969 3854 1069 3921 plurimi
1081 3869 1141 3910 vero
1153 3859 1182 3907 ut
1196 3854 1336 3919 effugerent
1362 3857 1471 3921 Appium
1491 3864 1518 3909 et
1536 3860 1702 3911 contumelias
1722 3862 1748 3914 ln

968 3954 1021 4004 cos,
1034 3941 1079 4005 qui
1091 3941 1116 3992 in
1129 3942 1190 3992 urbe
1202 3942 1385 3993 remansissent.
1399 3942 1521 3993 Servilius
1535 3944 1620 4008 igitur,
1635 3951 1748 3999 assumto

968 4031 1090 4093 exercitu,
1099 4044 1186 4094 magna
1198 4031 1326 4082 celerItate
1339 4035 1464 4096 properat,
1477 4032 1544 4083 nulla
1554 4046 1625 4083 mora
1638 4033 1747 4099 interpo-

968 4122 1025 4183 sita,
1035 4127 1065 4173 ut
1078 4123 1148 4187 prius
1159 4136 1217 4173 cuna
1229 4122 1342 4173 trostibus
1355 4122 1558 4186 congrederetur,
1573 4138 1649 4190 quam
1661 4126 1709 4191 ipsi
1720 4127 1746 4178 in

968 4211 1109 4260 Romanum
1130 4225 1216 4275 agrum
1237 4211 1412 4275 irrumperent.
1445 4211 1613 4264 domantem
1640 4228 1683 4266 eos
1705 4218 1745 4267 ot-

968 4297 1087 4348 tcndisset
1103 4303 1291 4350 castrametatos
1305 4300 1399 4365 inagro
1417 4302 1573 4369 Pomentiuo,
1593 4307 1620 4356 et
1631 4307 1747 4357 Latinum

968 4399 1055 4450 agrum
1065 4388 1224 4453 populantes,
1245 4389 1343 4454 quoda
1368 4404 1396 4442 se
1414 4392 1513 4444 inritati
1529 4393 1587 4445 belli
1608 4395 1669 4445 socii
1694 4408 1749 4445 esse

968 4472 1118 4537 noluissent,
1143 4477 1210 4527 cirea
1240 4478 1408 4542 uespertinum
1433 4481 1609 4545 crepusculum
1638 4481 1664 4530 in
1685 4480 1748 4532 colle

968 4562 1088 4627 quodam,
1115 4564 1203 4629 viginti
1224 4566 1301 4617 terma
1316 4567 1403 4619 stadiis
1417 4570 1449 4620 ab
1473 4584 1558 4621 eorum
1585 4570 1674 4620 castris
1693 4569 1747 4621 dis-

968 4659 1046 4720 tante,
1058 4660 1139 4707 castra
1150 4659 1243 4722 posuit.
1275 4662 1355 4711 Noctu
1367 4663 1520 4714 rcrovolsci
1531 4676 1574 4712 cos
1582 4661 1666 4712 adorti
1677 4667 1746 4723 sunt,

968 4746 1138 4797 existimantes
1147 4760 1311 4811 paucosessc,
1330 4751 1355 4799 et
1367 4750 1400 4799 ob
1410 4749 1458 4800 iter
1472 4750 1572 4813 longum
1585 4750 1709 4813 fatigatos,
1723 4755 1749 4802 et

969 4833 1058 4883 animis
1072 4835 1155 4886 minus
1167 4836 1269 4900 paratis,
1284 4836 1317 4886 ob
1337 4836 1439 4901 inopum
1463 4842 1564 4902 propter
1588 4852 1624 4890 ωε
1640 4839 1748 4890 alienum

969 4922 1119 4986 seditiones,
1135 4937 1194 4988 qum
1206 4927 1260 4974 tum
1280 4924 1387 4974 maxime
1404 4925 1487 4989 vigere
1505 4926 1682 4979 credebantur.
1716 4933 1749 4980 at

968 5010 1106 5072 Servilius,
1132 5012 1253 5076 quamdiu
1273 5025 1325 5062 noa
1355 5011 1457 5064 durarit
1481 5027 1513 5065 ex
1535 5015 1589 5079 ipso
1609 5016 1675 5067 vallo
1698 5031 1748 5081 pu-

967 5111 1054 5164 gnans,
1068 5097 1111 5149 ubi
1121 5099 1230 5162 primum
1243 5099 1298 5150 dies
1311 5099 1409 5163 illusit,
1425 5105 1450 5152 et
1470 5101 1645 5154 animadvertit
1662 5103 1748 5156 hostes

967 5190 1418 5259 nullisserratisordinibuspalaates,
1426 5192 1500 5244 iussit
1509 5194 1747 5248 multascastrorum

967 5282 1053 5347 portas
1067 5280 1131 5331 clam
1144 5281 1248 5347 ariarici,
1267 5285 1293 5336 et
1311 5282 1385 5335 simul
1405 5296 1454 5333 uno
1467 5283 1537 5348 signo
1553 5287 1706 5338 excercitum
1721 5285 1748 5336 ia

1641 5416 1672 5460 tt
