4070 5926
653 399 949 473 ANTIQUITATUM
969 400 1122 461 Roman.
1145 401 1220 462 LlB.
1245 403 1293 463 lX.

161 533 207 597 καί
222 533 343 597 Ποπλίου
363 531 517 613 Σερουῖλίυι
533 531 652 611 Πρίσκου
673 531 874 611 παρειληφότων
888 530 938 605 τὴν

163 624 263 703 ἀρχὴν,
280 621 352 681 οὐδέν
368 620 428 681 οὔτε
441 620 511 679 κατδι
527 619 657 697 πολέμους
675 618 750 699 ἔργον
770 618 941 689 ἀπεδείξαντο

162 708 295 789 Ῥωμαῖοι
309 710 387 787 λόγου
403 708 473 778 ἄξιον
488 706 548 769 οὔτε
563 710 719 785 πολιτικόν,
736 708 788 767 ῦπδ
798 708 876 768 νόσου
891 732 940 767 κα-

161 799 285 869 κωθέντες
302 802 337 868 d<
351 796 425 858 οῦπω
437 796 563 880 πρότερον
578 797 748 875 inoperire-oi
762 795 792 857 τὸ
807 796 855 876 μέν
869 801 941 877 πρῶ·

119 902 133 940 δ
160 911 205 948 τον
223 886 315 948 ίππων
330 912 359 948 τε
379 886 519 969 ρορόάδων
534 887 581 947 καί
597 888 667 966 βοῶν
689 884 797 964 ἀγέλαις
817 887 940 965 προσῆλ-

161 981 223 1051 θεν,
240 978 293 1036 ἀπό
307 1001 336 1036 τε
355 976 454 1036 τούτων
469 975 505 1043 είς
520 1000 548 1035 τε
564 973 673 1035 αἰπόλια
695 974 740 1034 καὶ
760 972 881 1052 ποίμνας,
892 997 941 1034 κα·

161 1065 291 1149 τέσνιηψε,
306 1066 350 1125 καὶ
364 1066 505 1148 διέρθειρεν
520 1064 611 1142 όλίγου
630 1064 683 1123 δεῖν
699 1063 788 1122 πάντα
801 1065 836 1123 τὰ
847 1063 940 1145 τετρά·

162 1157 244 1213 ποδα·
258 1156 350 1214 ἔπειτα
369 1161 422 1215 τῶν
434 1154 536 1233 νομέων
552 1177 582 1213 τε
596 1152 642 1212 καί
653 1156 777 1234 γεωργῶν
791 1152 881 1235 ἥψατο
893 1151 939 1212 καί

162 1241 298 1302 διελθοῦσα
317 1243 361 1301 διδ
380 1242 469 1315 πόσης
481 1247 528 1315 τῆς
549 1241 641 1321 χώρας
659 1244 696 1310 είς
718 1239 767 1313 τλν
782 1240 859 1302 πόλιν
883 1240 940 1300 ένί-

110 1353 135 1392 ιο
161 1351 236 1391 πεστ.
280 1332 459 1410 Θεραπόντων
482 1334 531 1409 μέν
557 1322 602 1390 οῦν
624 1330 670 1389 καλ
701 1333 788 1402 θητῶν
817 1331 863 1389 καὶ
892 1335 939 1389 τοῦ

160 1417 272 1490 πένητος
286 1418 367 1500 όχλου
384 1421 483 1493 πλῆθος
497 1420 559 1480 ὅσον
582 1416 740 1498 διέρθειρεν,
756 1419 786 1478 oi
802 1417 892 1500 ῥηίδιον
906 1409 937 1490 ἦν

161 1507 255 1585 εὑρεῖν.
298 1510 368 1570 Κατ’
391 1508 476 1589 άρχοίς
492 1531 521 1568 τε
543 1506 594 1588 γδρ
618 1505 657 1588 ἐρ’
682 1505 797 1584 ἁμάξαις
819 1508 937 1588 σωρηδὸν

160 1596 184 1653 οἱ
209 1595 364 1667 θνήσκοντες
392 1594 600 1674 ἀπεκομίζοντο·
626 1596 801 1661 τελευτῶντίς
829 1618 873 1672 τε,
901 1584 938 1653 ῶν

161 1684 298 1765 ἐλάχιστος
312 1676 344 1757 ἦν
358 1688 372 1743 ό
393 1683 483 1764 λόγος,
496 1686 533 1752 εἰς
543 1685 575 1743 τδ
586 1688 634 1744 τοῦ
648 1682 843 1764 παραρρέοντος
858 1707 940 1743 ποτα-

105 1790 132 1829 ισ
160 1779 211 1849 μοῦ
227 1774 325 1855 ῥεῖθρον
352 1774 478 1834 ὠθοῦντο.
522 1773 586 1832 Τῶν
603 1774 627 1832 δ’
647 1774 677 1832 έκ
699 1777 744 1832 τοῦ
769 1774 939 1852 βουλευτικοῦ

160 1861 295 1941 συνεδρίου
307 1863 337 1922 τὸ
350 1862 475 1943 τέταρτον
486 1862 565 1943 μέρος
584 1861 756 1939 συνελογίσθη
775 1858 937 1942 διεφθαρμέ-

159 1973 218 2024 νον,
229 1952 256 2009 έν
270 1941 308 2019 οἷς
321 1942 389 2023 ἦσαν
402 1948 430 2009 οί
442 1974 471 2010 τε
484 1951 581 2010 ῦπατοι
603 1950 747 2065 ἀμρότεροι
764 1951 811 2010 καὶ
824 1953 876 2009 τῶν
891 1952 937 2020 δη·

159 2036 270 2119 μάρχων
286 2041 309 2098 οἱ
327 2040 444 2107 πλείους.
487 2039 606 2121 Ἤρξατο
628 2041 676 2116 μέν
691 2063 736 2099 ουν
754 2037 860 2112 ἡνόσος
877 2037 938 2118 περὶ

159 2127 206 2195 τόις
222 2126 365 2196 Καλάνδας
385 2132 431 2187 τοῦ
453 2127 639 2208 Στπτεμόρίου
663 2127 757 2207 μηνός·
782 2129 896 2204 διέμεινε
911 2124 938 2185 δὲ

104 2251 134 2292 20
158 2215 203 2276 τδν
214 2216 332 2277 ένιαυτδν
346 2220 445 2278 ἐκεῖνον
459 2217 536 2294 ὅλον,
553 2217 661 2277 ἅπασαν
677 2216 775 2296 ὁμοίοις
796 2219 937 2292 καταλαμ·

160 2303 275 2367 θάνουσα
301 2306 347 2366 καὶ
372 2306 562 2388 διεργαζομένη
586 2306 663 2387 ρόσιν
687 2329 716 2365 τε
746 2303 793 2365 καὶ
818 2304 935 2377 ἡλικίαν.

159 2394 303 2474 Γενομένης
317 2395 344 2454 δέ
359 2397 413 2463 τοῖς
428 2396 626 2476 πλησιοχώροις
648 2395 772 2474 γνώσεως
787 2397 838 2453 τῶν
854 2417 935 2454 κατε-

157 2484 258 2564 χόντων
278 2484 328 2554 τὴν
343 2482 453 2563 Ῥώμην
468 2487 580 2564 κακῶν,
601 2484 683 2543 καλδν
698 2483 866 2564 ἡγησάμενοι
890 2482 935 2541 τόν

159 2572 251 2651 καιρδν
276 2570 386 2632 Αἰκανοί
404 2593 435 2632 τε
458 2572 503 2632 καὶ
527 2573 692 2635 Οὐολοῦσκοι
716 2573 936 2642 seraitae-viu

103 2684 132 2722 ns
161 2657 247 2738 ἀρχὴν
271 2659 367 2736 αθτῆς,
390 2657 520 2731 συνθήκας
536 2683 565 2718 τε
595 2658 640 2719 καὶ
661 2658 754 2740 ὅρκους
777 2660 936 2733 ἐποιήσαντο

159 2746 223 2829 πρὸς
238 2745 368 2818 ἀλλήλους
386 2748 447 2826 περὶ
471 2747 645 2828 συμμαχίας,
661 2748 706 2807 καὶ
728 2750 934 2828 παρασκευασά-

160 2858 233 2911 μενοι
247 2835 281 2894 et
292 2837 329 2903 τίς
343 2836 496 2918 πολιορκίαν
512 2837 667 2912 ἐπιτήδεια,
679 2827 799 2919 derigo
816 2836 936 2919 ιἰμρότε-

161 2946 199 3003 ροι
217 2924 333 3003 τάχους,
351 2922 441 3001 ἐξῆγον
459 2924 507 2991 τὰς
521 2925 653 3002 δυνάμεις.
696 2924 759 2986 Ἵνα
776 2925 804 2984 δέ
819 2925 867 2997 τὴν
884 2925 936 2985 ἀπὸ

158 3013 211 3072 τῶν
225 3013 378 3092 συμμάχων
403 3014 540 3093 άρέλοιντο
562 3018 609 3084 τῆς
629 3012 738 3093 Ῥώμης
762 3014 935 3091 ἐπικουρίαν,

104 3124 133 3164 so
159 3104 196 3170 εἰς
217 3102 266 3176 τὴν
281 3101 402 3163 Λατίνων
418 3125 447 3161 τε
468 3102 513 3161 καλ
531 3101 661 3183 Ἑρνίκων
683 3108 732 3183 γῆν
751 3106 856 3183 πρῶτον
882 3102 937 3164 ivi·

159 3188 250 3253 θαλον.
298 3190 470 3273 Ἀρικομένης
490 3190 518 3250 δδ
538 3191 681 3272 πρεσόείας
707 3191 751 3252 έπί
770 3191 818 3264 τὴν
839 3191 936 3272 βουλὴν

159 3281 203 3360 ἄρ’
216 3280 341 3361 ἐκατέρου
363 3283 416 3339 τῶν
438 3281 644 3360 πολεμουμένων
668 3283 748 3340 ίθνῶν
769 3281 814 3341 iet
828 3304 938 3360 συμμα-

158 3368 218 3446 χίας
234 3367 442 3450 παράκλησιν,ό
455 3367 503 3446 μίν
517 3369 605 3448 ἔτερος
619 3372 672 3429 τῶν
688 3369 813 3448 ὑπάτων,
828 3369 937 3438 Λεύκιος

160 3457 298 3524 Αίόοότιος
308 3502 319 3529 ,4
331 3460 432 3528 ίκείνην
446 3458 523 3532 ἔτυχε
542 3459 590 3534 τὴν
603 3458 705 3531 ἡμέραν
717 3457 866 3531 τεθνηκώς,
879 3458 935 3519 Πό-

104 3551 133 3589 as
161 3535 235 3600 πλιος
250 3536 277 3593 δὲ
291 3533 440 3615 Σερουίλιος
452 3537 529 3619 ἔγγὺς
539 3535 575 3598 ὢν
591 3544 636 3597 τοῦ
650 3539 777 3600 θανάτου·
790 3545 817 3611 θς
832 3545 870 3603 ἔτι
882 3546 938 3604 olt-

160 3643 206 3699 γον
220 3623 342 3699 ίμπνέων
356 3627 494 3684 συνεκάλει
505 3626 553 3696 τὴν
565 3627 674 3706 βουλάν.
682 3629 745 3688 Τῶν
757 3631 784 3690 δέ
799 3634 824 3689 ol
835 3634 939 3699 πλείους

158 3713 301 3784 ἡμιθνῆτες
323 3710 367 3771 ἐπί
392 3713 526 3772 κλινιδίων
547 3716 715 3792 κομισθέντες
735 3718 782 3778 καί
807 3720 939 3802 συνεδρεό·

158 3820 251 3868 σαντες
277 3799 453 3879 ἀπεκρίναντο
478 3812 533 3869 τοῖς
549 3809 697 3884 παροῦσιν,
724 3806 861 3886 ἀγγέλλειν
886 3819 939 3879 τοῖς

158 3885 301 3969 σρετέροις,
317 3886 358 3946 ότι
375 3886 419 3946 διδ
433 3893 480 3962 τῆς
493 3893 592 3950 έαυτῶν
608 3895 703 3975 ἀρετῆς
718 3895 778 3965 τοῦς
797 3897 939 3976 πολεμίους

104 4024 133 4063 to
159 3985 306 4064 ἀμύνεσθαι
325 3993 342 4061 ἡ
366 3988 448 4070 βουλὴ
465 3990 551 4056 αὐτοῖς
575 3990 728 4070 ἐπιτρέπει,
753 3990 847 4072 μέχρις
870 3990 936 4049 &ab

158 4074 257 4145 ῦπατος
276 4072 356 4161 ῥαίσῃ
378 4079 425 4137 καὶ
440 4082 458 4151 ἡ
472 4077 702 4158 συναγωνιουμένη
718 4076 826 4157 δύναμις
849 4081 936 4147 αὐτοῖς

159 4169 288 4246 συναχθῇ.
334 4168 430 4227 Ταῦτα
445 4166 590 4246 Ῥωμαίων
604 4168 833 4246 ἀποκριναμένων,
850 4172 936 4228 Λατῖ-

157 4275 196 4312 νοι
212 4254 259 4330 μίν
273 4252 323 4314 θοα
340 4255 509 4329 ἠδυνήθησαν
522 4261 553 4317 ἐκ
571 4259 623 4317 τῶν
636 4260 724 4337 ἀγρῶν
739 4259 775 4325 είς
788 4258 835 4324 τδις
847 4257 935 4325 πόλεις

159 4343 424 4421 ἀνασκευασάμενοι,
449 4346 571 4427 φυλακὴν
594 4349 730 4407 έποιοῦντο
751 4348 803 4406 τῶν
827 4350 933 4427 τειχῶν,

103 4464 131 4503 ςς
159 4431 194 4493 τό
207 4435 231 4493 δ’
253 4433 322 4493 ἄλλα
347 4435 498 4517 περιεώρων
523 4437 707 4516 ἀπολλύμενα.
758 4436 883 4517 Ἕρνικες
904 4436 933 4496 δί

81 4593 88 4600 ¹
158 4526 415 4605 δυσανασχετοῦντες
437 4527 482 4587 ἐπὶ
505 4532 538 4609 τῇ
558 4527 631 4608 λύμη
653 4528 699 4589 καὶ
722 4530 858 4608 διαρπαγῇ
882 4530 936 4587 τῶν

159 4614 244 4690 ἀγρῶν
261 4614 438 4683 θναλαόόντες
452 4616 486 4675 τδι
500 4615 569 4677 δπλα
589 4615 707 4689 ἐξῆλθον.
731 4616 936 4697 Ἀγωνισοίμενοι

158 4700 186 4760 δέ
198 4702 338 4784 λαμπρῶς,
356 4703 402 4763 καί
413 4703 527 4775 πολλοὺς
537 4705 585 4784 μέν
600 4706 801 4774 ἀποκτείναντες
820 4709 872 4765 τῶν
888 4729 937 4766 πο-

158 4791 270 4868 λεμίων,
289 4794 381 4875 πολλῷ
395 4794 419 4853 δ’
433 4794 470 4855 ἔτι
492 4796 596 4864 πλείους
612 4793 790 4860 σἰποόαλόντες
805 4796 858 4852 τῶν
870 4817 935 4875 ops·

101 4906 131 4943 ,50
157 4877 255 4955 τέρων,
268 4880 451 4949 έκόιοισθέντες
471 4884 507 4950 είς
518 4880 552 4941 τθι
573 4882 650 4962 τείχη
667 4882 813 4962 κατέρυγον
830 4880 876 4940 καί
888 4883 935 4940 οὗ·

158 4967 214 5027 κέτι
229 4969 318 5050 μάχης
332 4974 486 5053 ἐπειρῶντο.

199 5055 330 5120 Litvlll.
354 5060 466 5120 Αἰκανοί
487 5060 515 5121 δί
539 5059 584 5118 καλ
599 5062 762 5120 Οὐολοῦσκοι
785 5058 935 5141 προνομεύ-

158 5168 251 5214 σαντες
265 5149 351 5206 αότῶν
363 5148 413 5220 τὴν
426 5147 519 5231 χώραν
537 5150 619 5218 ἀδεῶς
635 5150 678 5210 iel
693 5149 752 5217 τοὺς
769 5147 934 5212 Τυσκλάνων

158 5234 253 5316 ιίγροὺς
280 5234 416 5318 άρίκοντο.
474 5237 675 5319 Διαρπάσαντις
701 5238 729 5299 δέ
756 5240 804 5300 καὶ
830 5238 934 5308 τούτους

1714 412 1773 473 579

995 540 1056 593 vilio
1078 543 1163 593 Prisoo
1174 543 1331 602 oonsulibus,
1355 556 1438 609 noque
1452 544 1510 596 belli
1529 561 1610 612 neque
1621 548 1688 600 domi
1698 550 1773 615 quid·

994 656 1072 707 quam
1080 642 1241 695 memorabile
1252 644 1357 695 Romani
1371 649 1510 709 gesseruut,
1520 647 1660 710 pestilentia
1672 652 1701 699 nt
1709 665 1774 702 uun·

995 759 1071 810 quam
1094 751 1152 798 ante
1173 746 1269 810 νειοιίς
1293 761 1350 813 qurs
1372 746 1481 811 primum
1506 760 1625 811 equomm
1649 751 1776 816 boumque

995 848 1108 898 armenta
1130 846 1233 907 inuasit,
1252 852 1277 899 et
1298 861 1357 898 mox
1375 860 1462 912 greges
1489 860 1620 912 eeprarum
1641 852 1775 916 oviumque
1824 894 1830 906 .

996 963 1109 1013 aggressa
1134 954 1187 1012 est,
1210 953 1235 1002 et
1255 964 1407 1018 pueueomne
1428 951 1619 1017 quadrupedum
1637 968 1714 1020 genus
1729 955 1773 1007 ab·

995 1052 1101 1116 sumpsit
1124 1070 1130 1102 :
1150 1051 1240 1103 deinde
1254 1056 1368 1119 pastores
1387 1056 1413 1105 ei
1427 1053 1528 1105 colonos
1541 1054 1632 1120 attigit,
1654 1060 1681 1107 et
1693 1059 1775 1107 totum

995 1166 1082 1216 agrurn
1096 1156 1262 1206 Romanorum
1285 1158 1420 1220 pervagata
1440 1154 1527 1207 urbem
1541 1156 1641 1208 invasit.
1675 1160 1709 1208 lo
1722 1171 1777 1209 ser·

995 1266 1085 1304 vorum
1102 1257 1129 1304 et
1142 1255 1355 1306 mercenariomm
1369 1254 1498 1306 hominnm
1515 1259 1542 1307 et
1557 1257 1675 1321 pauperis
1695 1257 1775 1309 turbae

994 1358 1114 1417 manum
1131 1355 1318 1407 multitudinem
1335 1356 1513 1423 absumpserit,
1535 1356 1635 1409 dinone
1649 1361 1688 1410 est
1702 1359 1775 1411 iure-

996 1455 1056 1507 nire.
1088 1458 1151 1507 llam
1174 1457 1294 1522 principio
1310 1460 1456 1508 monstrate
1475 1456 1501 1507 in
1515 1456 1636 1521 plaustris
1654 1456 1775 1509 cadauere

995 1561 1219 1626 absportabnntur:
1232 1562 1321 1614 deiude
1336 1576 1404 1625 vero,
1417 1561 1462 1626 qui
1475 1560 1590 1612 vilissimi
1604 1565 1675 1612 erunt
1684 1565 1775 1628 eiquo·

996 1675 1052 1711 rum
1069 1664 1172 1714 minima
1190 1665 1254 1715 ratio
1269 1663 1416 1723 habebatur,
1439 1663 1465 1713 in
1487 1663 1648 1728 prolluentem
1671 1663 1776 1716 ilurium

996 1763 1195 1828 projiciebantur.
1230 1764 1331 1816 Ordinis
1343 1778 1412 1815 -uero
1434 1764 1558 1825 senatorii,
1572 1769 1602 1814 ut
1621 1778 1653 1815 ex
1672 1778 1776 1816 numero

995 1862 1057 1913 iulio
1072 1865 1194 1928 apparuit,
1208 1869 1300 1931 quarta
1316 1879 1375 1931 pars
1395 1866 1519 1916 exstineto
1535 1869 1587 1925 est3
1600 1864 1666 1916 inter
1676 1879 1741 1931 quos
1750 1870 1776 1918 et

995 1963 1068 2014 ambo
1081 1967 1210 2028 eonsules,
1223 1969 1248 2018 et
1261 1968 1341 2032 major
1351 1981 1408 2030 pars
1418 1967 1585 2025 tribunorum.
1618 1968 1699 2031 Goepit
1710 1966 1775 2018 euim

995 2066 1073 2129 pestis
1085 2067 1150 2126 eirea
1161 2067 1286 2119 Kalendas
1296 2068 1456 2132 Septembris,
1468 2072 1494 2119 et
1504 2068 1693 2120 durauitrotum
1703 2070 1776 2121 illum

995 2180 1100 2227 aunum,
1121 2181 1193 2234 reque
1210 2183 1309 2220 emnem
1333 2182 1419 2221 serum
1445 2174 1472 2222 et
1489 2172 1590 2221 etatem
1610 2171 1729 2223 invadam
1751 2176 1777 2223 et

995 2269 1134 2321 oondoieus.
1167 2270 1216 2321 Ubi
1225 2273 1309 2322 antem
1319 2271 1394 2322 vieini
1402 2270 1662 2338 populioognouernnt
1672 2275 1775 2341 melum,
1805 2260 1809 2268 ’

994 2371 1020 2420 in
1040 2384 1090 2435 quo
1103 2370 1210 2436 populus
1228 2374 1355 2422 Bomrmm
1367 2372 1523 2436 versabatur,
1542 2376 1617 2441 AEqui
1629 2380 1655 2428 et
1677 2378 1787 2442 volsci,

995 2471 1042 2522 ruti
1059 2472 1203 2537 praeturam
1214 2473 1261 2523 sibi
1282 2474 1392 2525 oblatam
1408 2475 1562 2528 oocesionem
1576 2478 1705 2529 evertendi
1720 2481 1775 2544 eius

994 2571 1098 2638 imperii,
1110 2572 1236 2625 societatis
1257 2573 1338 2626 fadus
1349 2575 1520 2640 iureiurando
1545 2576 1691 2641 interposito
1710 2580 1776 2630 leoe-

994 2680 1061 2740 runt,
1074 2677 1217 2741 paratisque
1240 2677 1314 2731 rebus
1327 2676 1359 2727 ad
1371 2677 1523 2730 obsidionem
1539 2679 1692 2737 necessariis,
1709 2680 1775 2731 utri-

993 2791 1052 2842 que,
1061 2782 1155 2842 quanta
1164 2779 1273 2829 maxima
1284 2779 1413 2831 celeritate
1422 2783 1573 2846 potueruut,
1584 2781 1669 2847 oopias
1681 2782 1775 2834 eduxe-

994 2882 1061 2930 runt.
1095 2881 1226 2931 Utantem
1250 2881 1367 2931 Romanis
1382 2880 1506 2932 sociorum
1527 2882 1622 2934 auxilia
1634 2882 1773 2948 eriperent,

993 2985 1101 3049 primum
1116 2983 1142 3035 iu
1152 2985 1296 3052 Latinorum
1314 2989 1340 3036 et
1353 2985 1517 3038 Hernioornm
1528 3001 1600 3051 agros
1611 2986 1776 3053 irruptionem

993 3083 1113 3136 leserunt.
1147 3089 1204 3144 Quo
1215 3090 1302 3139 autem
1311 3086 1353 3139 die
1361 3085 1451 3151 legatio
1463 3088 1495 3138 ab
1511 3091 1709 3155 utraquegente,
1717 3101 1776 3153 quae

993 3185 1058 3237 bello
1069 3187 1238 3251 premebatur,
1252 3188 1285 3240 ad
1299 3191 1414 3241 senatum
1428 3188 1513 3241 auxilli
1524 3189 1673 3255 implorandi
1687 3202 1776 3241 caussa

993 3294 1104 3353 uenerat,
1118 3304 1148 3342 eo
1161 3290 1202 3341 die
1217 3290 1281 3341 ulter
1297 3290 1505 3354 consutiones
1523 3290 1651 3352 AEbutius,
1669 3291 1774 3353 obierat,

992 3409 1023 3446 ne
1034 3396 1062 3446 Ρ.
1077 3390 1198 3445 Servilius
1215 3393 1289 3444 morti
1301 3394 1432 3459 proximus
1447 3396 1516 3445 erat:
1527 3394 1570 3459 qui
1585 3396 1676 3453 tamem
1685 3408 1776 3458 quam

992 3495 1032 3545 uis
1040 3494 1151 3559 paullum
1164 3495 1248 3545 adbuc
1258 3495 1357 3561 spirans
1366 3499 1482 3547 senatum
1495 3496 1648 3546 convocavit.
1682 3497 1774 3545 Eorum

993 3598 1078 3643 autern
1089 3592 1211 3659 plerique,
1225 3593 1380 3644 semimortui
1392 3594 1464 3645 lentis
1476 3595 1503 3645 in
1515 3595 1609 3645 entiam
1621 3593 1706 3657 delati,
1718 3609 1774 3647 res·

993 3692 1134 3759 ponderuut
1158 3692 1244 3756 legatis
1257 3693 1290 3743 ad
1305 3707 1332 3744 so
1349 3694 1441 3757 mbsb,
1461 3698 1491 3745 ut
1514 3696 1567 3746 suis
1587 3695 1773 3755 renuntiarent,

993 3798 1106 3846 matum
1128 3792 1180 3843 iilis
1193 3794 1351 3858 permittere,
1374 3798 1403 3845 nt
1418 3809 1464 3845 suo
1484 3794 1579 3847 virtute
1593 3796 1692 3848 hostem
1704 3811 1775 3849 aree-

992 3899 1057 3958 reut,
1070 3893 1149 3944 donee
1165 3894 1252 3944 consul
1268 3893 1358 3944 melius
1372 3908 1399 3945 se
1419 3894 1538 3957 baberet,
1558 3899 1635 3963 atque
1650 3899 1775 3949 exereitus

992 3998 1025 4049 ad
1035 3996 1157 4049 auridum
1177 3995 1237 4061 ipsis
1247 3994 1378 4047 ferendum
1389 3999 1528 4061 regeretur.
1561 4000 1615 4049 Hoo
1630 4012 1774 4065 responsum

992 4099 1109 4153 llomanis
1126 4102 1229 4165 aooepto
1251 4097 1349 4161 Latini,
1363 4097 1438 4148 rebus
1461 4112 1624 4165 quascunque
1637 4105 1774 4166 potueruut

991 4218 1023 4255 ex
1035 4203 1102 4268 agris
1116 4202 1142 4253 iu
1162 4201 1255 4269 oppida
1268 4199 1444 4265 comportatis,
1457 4200 1549 4252 moenia
1562 4203 1718 4263 tutabantur,
1732 4220 1773 4255 ee·

992 4309 1095 4368 teraque
1104 4303 1195 4354 mmm
1210 4299 1409 4352 oontemuebani.
1423 4301 1473 4352 Sed
1484 4300 1598 4362 Hernici,
1612 4315 1693 4367 quum
1707 4301 1773 4353 ferre

992 4420 1041 4455 uon
1065 4409 1166 4469 possent
1200 4404 1366 4456 uastationem
1391 4405 1417 4455 et
1446 4392 1622 4469 direptionem
1640 4418 1771 4469 agrorum,

992 4507 1099 4571 arreptis
1110 4506 1187 4557 armis
1200 4520 1232 4558 ex
1244 4505 1350 4557 urbibus
1367 4505 1420 4556 suis
1439 4505 1533 4581 egressi
1546 4509 1619 4567 sunt;
1636 4505 1773 4571 proelioque

992 4608 1088 4672 egregie
1102 4606 1176 4665 laeto,
1194 4605 1281 4657 multis
1300 4606 1412 4658 bostium
1426 4604 1516 4658 omisis
1530 4608 1557 4659 et
1569 4604 1641 4669 louge
1658 4603 1773 4668 pluribus

991 4724 1095 4761 suorum
1104 4708 1212 4772 amissis,
1225 4709 1304 4760 eoacti
1322 4712 1381 4760 sunt
1392 4708 1502 4760 tandem
1516 4707 1583 4759 iutra
1593 4705 1684 4757 moenia
1694 4719 1721 4757 se
1732 4720 1772 4756 re·

990 4811 1085 4876 oipere,
1097 4825 1142 4862 neo
1156 4809 1264 4876 amplius
1277 4810 1367 4861 martis
1382 4809 1462 4860 aleam
1477 4811 1614 4859 tentarunt.

1022 5071 1132 5120 Lllviil.
1145 5070 1259 5134 ltiliqui
1269 5072 1295 5119 et
1312 5069 1396 5120 volsci
1412 5083 1500 5121 eorum
1518 5070 1643 5134 regionem
1661 5070 1773 5135 populati

991 5157 1127 5223 impuueiu
1135 5158 1305 5209 Tusculanum
1317 5172 1405 5224 ugrum
1413 5163 1601 5225 prooesserunt3
1616 5163 1642 5210 et
1653 5158 1702 5211 boo
1711 5173 1773 5226 quo·

990 5261 1040 5312 que
1051 5246 1159 5312 direpto,
1172 5247 1269 5299 nemius
1281 5249 1467 5314 repugnantein
1483 5248 1635 5302 Gabinorum
1646 5249 1709 5304 dues
1717 5250 1772 5303 ive«

1619 5339 1659 5401 ³7,
