4034 5922
771 390 948 466 ¹[lIONYSll
971 393 1352 461 HALlCAllNASSENSIS

260 517 372 590 βασιλέα
385 519 594 592 καταλιπὼν,ἔν
611 521 741 599 Παλλὴνῃ
757 521 785 580 δὲ
802 522 878 581 πόλιν
893 523 1033 603 ὁμώνυμον

260 605 398 674 κτίσας·ίι
411 598 533 688 Αρκαθίγι
545 605 573 667 δέ
580 608 721 687 θυγατέρας
730 609 909 681 κηδεύσας,έν
924 614 1035 695 Σικελία

258 691 286 754 δέ
307 695 385 774 μέρος
400 698 448 765 τῆς
469 704 594 775 στρατιδι
627 696 832 774 ὑπολιπόμενος,
856 697 905 781 [δν]
928 704 1034 771 πολλοῖς

259 783 282 840 δ’
291 783 388 853 4ἄλλοις
403 783 511 864 χωρίοις
525 783 725 866 φιλανθρώπους
736 784 783 853 τίς
798 788 934 867 διατριύθς
948 789 1034 870 διορὴ·

214 892 230 929 n
259 877 357 947 σασθαι
373 874 456 931 δοκῶν
466 916 476 949 ,
486 871 603 931 ίκούσιον
618 862 672 952 είχε
684 875 748 953 παρ’
762 878 846 936 αὑτῶν
858 877 906 948 τὴν
919 877 1032 951 εὔνοιαν,

259 959 293 1017 δι’
308 959 341 1031 ἡν
359 960 403 1019 τόν
419 963 478 1036 μετ’
494 962 636 1039 ἀνθρώπων
653 960 709 1040 βίον
729 964 845 1025 ίιιλιττὼν
863 965 955 1046 ἡρῴοις
969 969 1032 1026 ἔκο-

258 1053 350 1126 σμεῖτο
369 1049 414 1107 καλ
429 1049 574 1126 μνημάτων
590 1060 764 1118 κατασκευαῖς
777 1055 912 1135 πολλαχῆ.
955 1054 1033 1115 Ἐπεὶ
1058 1066 1060 1101 t

1087 539 1220 589 Ascanium
1232 553 1316 604 regem
1330 540 1443 603 reliquit;
1459 542 1484 591 in
1499 541 1596 592 Pallene
1611 540 1698 592 urbem
1710 541 1742 591 de
1758 553 1804 593 suo
1814 556 1863 593 no·

1086 635 1152 686 mlne
1170 635 1297 699 condidit;
1312 637 1337 687 in
1360 637 1463 688 Arcadia
1483 637 1546 688 salias
1559 637 1653 702 nuptiis
1673 638 1815 701 collocarit3
1839 640 1867 688 in

1090 733 1173 785 Sicilia
1192 739 1288 798 partem
1304 735 1428 785 exereitus
1450 734 1490 785 sui
1512 734 1625 799 reliquit3
1648 738 1674 787 et
1693 736 1761 800 quod
1781 736 1868 787 multis

1086 830 1193 895 denique
1206 832 1261 882 alils
1278 833 1302 883 in
1325 832 1385 883 locis
1405 846 1463 883 cum
1480 834 1567 884 ineolis
1587 833 1727 886 humaniter
1752 837 1866 887 uersutus

1086 928 1227 989 videbatur,
1243 928 1406 980 uoluntariam
1418 930 1529 994 ipsorum
1543 930 1739 983 benevolentiam
1749 932 1796 982 sibi
1805 947 1863 983 oon·

1086 1024 1198 1085 edbrit,
1221 1026 1253 1076 ob
1272 1039 1361 1090 quam,
1380 1030 1512 1091 postquam
1534 1040 1590 1077 cum
1616 1028 1763 1080 mortalibus
1781 1029 1867 1083 rivus

257 1135 318 1216 φέρε
333 1133 404 1201 τίνας
417 1135 448 1194 dn
464 1136 550 1202 αἰτίας
564 1135 621 1216 ἔχοι
638 1160 677 1204 τις
697 1138 837 1199 ὑποθέσθαι
850 1144 902 1200 τῶν
919 1143 945 1200 ἐν
965 1139 1033 1201 Ἰτα.
1058 1122 1060 1193 i
1086 1121 1175 1183 desiit,
1189 1123 1309 1186 sepulcris
1323 1126 1348 1174 et
1360 1124 1525 1174 monumentis
1538 1124 1613 1175 variis
1625 1125 1650 1175 in
1668 1125 1729 1175 locis
1743 1128 1859 1176 exabus-

255 1225 311 1292 λοῒς
324 1224 403 1284 αὐτοῦ
423 1223 579 1302 μνημάτων,
594 1228 618 1285 εί
632 1225 694 1303 μήτ’
709 1216 771 1305 ἡρξτ
790 1229 889 1288 τούτων
908 1233 959 1288 τῶν
975 1252 1031 1309 χω-

205 1328 230 1368 ιο
257 1314 318 1393 ρίων
334 1311 400 1389 μήτε
415 1310 572 1389 καταγωγὰς
586 1316 613 1372 έν
628 1316 716 1382 αὑτοῖς
729 1317 875 1389 ἐποιήσατο
889 1319 952 1395 μήθ’
967 1317 1034 1385 ὅλως
1058 1362 1060 1373 .

256 1397 373 1475 ίγνώσθη
392 1399 455 1479 πρὸς
469 1400 572 1477 αὑτῶν;
589 1401 646 1459 ἀλλ’
658 1399 725 1481 ὑπέρ
741 1402 789 1478 μέν
808 1404 966 1464 τούτωνκαὶ
983 1397 1031 1467 ad·

256 1491 293 1551 θις
306 1483 480 1565 λεχθήσεται,
494 1486 586 1545 καθότι
601 1486 632 1549 δν
648 1493 662 1549 ὁ
674 1489 750 1567 λόγος
765 1493 804 1571 ἐρ’
815 1491 927 1552 ἑκάστου
940 1498 1032 1575 καιροῦ

256 1575 407 1647 δηλωθῆναι
424 1576 535 1654 ἀπαιτῇ.

296 1664 355 1723 LV.
383 1665 438 1722 Τοῦ
464 1662 492 1721 δὲ
522 1662 617 1739 μηκέτι
641 1667 802 1749 προσωτέρω
831 1673 877 1741 τῆς
902 1671 1033 1750 Εὐρώπης

203 1765 230 1807 ιο
255 1754 368 1811 πλεῦσαι
392 1749 436 1809 τὸν
460 1751 581 1831 Τρωϊκὸν
607 1754 711 1829 στόλον,
729 1753 756 1814 οί
770 1780 799 1815 τε
813 1758 930 1837 χρησμοί
954 1758 1033 1817 αίτιοι

256 1838 373 1919 ἐγένοντο
404 1838 477 1906 τέλος
499 1839 624 1908 λαθόντες
651 1843 678 1900 dv
706 1844 805 1912 τούτοις
830 1849 884 1913 τοῖς
909 1847 1031 1925 χωρίοις,

256 1928 301 1986 καλ
328 1927 358 1985 τὸ
378 1927 510 2004 δαιμόνιον
533 1932 675 2009 πολλαχῶς
701 1930 748 2003 τὴν
775 1936 870 1993 ἑαυτοῦ
909 1935 1032 2010 βούλησιν

256 2015 459 2094 ἐνδεικνύμενον.
503 2014 615 2088 Ἐπειδὴ
640 2017 691 2099 γὰρ
709 2019 783 2100 ὅρμῳ
803 2021 967 2102 χρησάμενοι
993 2025 1032 2102 τῷ

255 2107 386 2185 Λωρεντῷ
411 2106 510 2176 σκηνδς
528 2102 659 2177 ίπὴξαντο
671 2111 731 2186 περί
751 2108 794 2166 τὸν
818 2108 946 2186 αίγιαλδν,
959 2113 1033 2189 πρῶ-

199 2217 229 2256 au
254 2217 299 2253 τον
320 2192 367 2271 μέν
391 2190 553 2269 πιεζομένοις
570 2200 623 2260 τοῖς
646 2194 792 2273 ἀνθρώποις
811 2196 862 2255 ὑπὸ
885 2197 971 2279 δίψης,
986 2199 1034 2255 οὐκ

257 2281 359 2361 ἔχοντος
380 2279 450 2360 ὕδωρ
474 2284 519 2338 τοῦ
542 2281 637 2341 τόπου·
656 2281 768 2360 λέγονθ’
789 2283 805 2342 d
831 2282 905 2364 παρὰ
922 2289 974 2344 τῶν
993 2286 1034 2363 έγ-

254 2371 359 2451 χωρίων
373 2368 539 2450 παρέλαύον·
555 2367 663 2437 λιύοίδες
678 2371 823 2448 αὐτόματοι
841 2372 958 2447 νάματος
971 2375 1032 2444 ἡδί-

254 2482 318 2519 στου
333 2461 363 2517 έκ
381 2463 429 2537 γῆς
450 2458 604 2517 ἀνελθοῦσαι
619 2456 763 2538 ὤρθησαν,
782 2459 808 2528 ἐξ
822 2451 858 2519 ὧν
874 2460 892 2531 ἡ
908 2484 936 2519 τε
951 2484 1032 2541 στρα·

254 2547 299 2607 τιίι
312 2556 385 2606 πᾶσα
404 2545 566 2626 ὑδρεύσατο,
579 2546 625 2605 καί
638 2550 653 2606 δ
666 2546 743 2614 τόπος
760 2547 898 2628 ἔπίρρυτος
911 2547 1030 2624 ἐγένετο,

199 2660 227 2699 25
255 2635 336 2717 μέχρι
350 2635 483 2707 θαλάσσης
500 2633 663 2702 καταύοὶντος
678 2633 730 2694 tot
744 2640 795 2695 τῶν
809 2638 901 2715 πηγῶν
916 2640 961 2695 τοῦ
973 2635 1032 2716 ped·

256 2747 347 2801 ματος.
392 2725 448 2784 Νῦν
480 2722 570 2798 μέντοι
599 2724 686 2782 ούκέτι
707 2723 866 2795 πληθύουσιν
893 2722 961 2783 ώστε
987 2724 1033 2782 καί

256 2816 379 2893 ἀπορρεῖν
393 2814 420 2870 αῖ
429 2810 554 2884 λιύάδετ,
568 2813 627 2871 ἀλλ’
641 2813 712 2871 ἔστιν
724 2813 810 2890 ὀλίγον
823 2812 893 2892 ύδωρ
908 2834 1033 2885 συνεστη·

255 2904 300 2966 κὸς
316 2905 342 2961 ἐν
365 2900 445 2982 κοίλῳ
468 2900 576 2980 χωρίῳ,
597 2901 739 2979 λεγόμινον
760 2903 812 2960 ὑπὸ
827 2905 879 2960 τῶν
898 2902 1033 2981 ἐγχωρίων

254 2991 325 3071 ίερδν
343 2990 435 3061 ἡλίου·
449 2989 495 3048 καί
510 2989 598 3068 βωμοί
612 2989 658 3048 δύο
671 2993 735 3069 παρ’
756 2991 827 3069 αὑτῷ
844 2988 1002 3061 δείκνυνται,
1019 2994 1033 3048 δ

199 3098 227 3137 au
255 3077 303 3155 μίν
318 3077 383 3157 πρδς
402 3077 531 3144 άνατολθις
550 3078 746 3156 τετραμμένος,
769 3083 783 3136 ὁ
802 3077 830 3137 δέ
851 3078 915 3158 πρὸς
931 3077 1032 3153 δύσεις,

255 3167 366 3247 Τρωϊκὰ
384 3166 533 3247 ἱδρύματα,
550 3166 589 3245 ἐρ’
604 3156 641 3225 ὧν
662 3165 707 3224 τὸν
730 3167 838 3226 Αίνείαν
859 3167 1032 3245 μυθολογοῦσι

253 3259 359 3334 πρῶτον
374 3252 466 3313 θυσίαν
485 3252 646 3322 ποιὴαασθαι
663 3256 700 3333 τῷ
721 3257 772 3332 θεῷ
789 3255 962 3336 χαριστήριον
979 3258 1032 3313 τῶν

254 3343 368 3404 ὑδάτων.
384 3342 489 3402 'Eneca’
512 3341 618 3420 ἄριστον
638 3345 723 3407 αὑτοῖς
742 3343 903 3422 αἱρουμένοις
930 3342 972 3401 tart
987 3350 1032 3403 τοῦ

255 3430 385 3508 δαπέδου,
399 3429 488 3488 σέλινα
502 3428 550 3504 μὲν
561 3429 666 3495 πολλοῖς
677 3429 845 3510 ὑπέστρωτο,
856 3430 901 3489 καί
913 3422 944 3503 ἡν
956 3433 1030 3489 ταῦθ’

198 3540 225 3579 τι
255 3518 477 3605 ώσπιριτράπεζα
496 3520 548 3575 τῶν
572 3516 739 3594 ἐδεσμάτων,
755 3522 790 3585 ὡς
812 3516 841 3576 δέ
859 3519 924 3599 ρασί
943 3543 1028 3590 τινες,

255 3607 324 3689 ίτρία
340 3611 441 3688 καρποῦ
459 3605 625 3681 πεποιημένα
641 3605 749 3685 πυρίνου
771 3607 961 3686 καθαριότητος
974 3616 1031 3675 ταῖς

254 3704 361 3778 τροραῖς
375 3694 462 3755 ἕνεκα.
505 3693 583 3753 Ἐπεί
595 3694 617 3751 δ’
629 3696 656 3752 αί
669 3700 856 3775 παρατεθεῖσαι
872 3695 965 3777 τροφαὶ
980 3720 1030 3755 κα-

253 3786 477 3858 τανάλωντο,τῶν
489 3782 696 3862 ὑπεστρωμένων
704 3785 790 3850 αὐτοῖς
798 3787 850 3844 εἴτε
859 3785 968 3847 σελίνων
977 3787 1030 3845 εἴτε

253 3874 341 3955 ἰτρίων
361 3872 443 3954 έροιγέ
453 3896 501 3947 τις,
513 3871 559 3934 καὶ
571 3860 643 3938 αύθις
655 3869 753 3954 έτερος·
771 3875 797 3931 ἐν
811 3874 896 3953 τούτῳ
907 3874 1031 3952 τυγχάνει

197 3989 225 4029 ao
252 3987 290 4030 τις
311 3960 392 4024 είπθιν
408 3961 460 4022 είτε
477 3966 529 4021 τῶν
543 3960 648 4021 Αἰνείου
666 3960 785 4034 παίδων,
806 3966 841 4029 ως
866 3962 941 4039 λόγος
958 3963 1029 4041 ἔχει,

254 4051 307 4110 είτε
318 4055 371 4110 τῶν
386 4052 539 4129 ὁμοσκήνων
552 4068 559 4083 ·
576 4079 588 4103 ι
612 4049 681 4110 Ἀλλ’
697 4054 761 4126 ἡμῖν
776 4055 801 4128 γ’
815 4051 866 4123 ἤδη
881 4052 951 4122 καὶὴ
964 4053 1027 4132 τρά-

253 4169 265 4193 ιι
288 4143 354 4204 πιζα
368 4140 590 4211 annotatam.»
632 4138 678 4206 Ὡς
689 4138 715 4197 δέ
729 4139 800 4198 τοῦτ’
807 4139 933 4212 ἤκουσαν,
946 4139 1031 4199 ἅπαν-

253 4251 293 4293 τες
308 4225 519 4307 άνεθορύῦησαν,
534 4231 567 4293 ὡς
579 4226 612 4285 τθι
624 4230 717 4306 πρῶτα
729 4232 774 4285 τοῦ
782 4228 965 4305 μαντεύματος
977 4229 1029 4301 ἤδη

255 4313 328 4394 optor
350 4313 423 4379 τέλος
437 4312 504 4391 ἔχοι.
547 4305 603 4373 Ἦν
617 4316 669 4392 γάρ
686 4338 711 4371 τι
727 4313 855 4394 θέσφατον
873 4317 979 4393 αὐτοῖς,
995 4321 1029 4383 ως

198 4426 225 4466 tu
254 4402 303 4480 μέν
314 4425 381 4469 τινες
392 4399 511 4479 λέγουσιν
526 4404 552 4458 ἐν
564 4402 680 4482 Δωδώνη
695 4403 833 4479 γενόμενον
840 4448 849 4479 ,
861 4407 898 4472 ὡς
907 4405 931 4463 δ’
945 4404 1029 4484 έτεροι

252 4491 396 4572 γράφουσιν
420 4492 445 4549 ἐν
470 4489 609 4569 Ἐρυθραῖς
629 4491 784 4574 χρηστηρίῳ
800 4495 846 4562 τῆς
868 4491 959 4564 Ἴδης,
976 4491 1028 4551 ἔνθ’

253 4580 315 4656 ᾤκει
328 4578 448 4639 bitoito
464 4577 596 4658 ἐπιχωρία
613 4577 701 4658 νύμρη
715 4581 893 4660 χρησμῳδός,
908 4581 925 4640 ἡ
942 4581 1029 4647 αὑτοῖς

253 4664 352 4746 ἔφρασε
365 4667 441 4725 πλεῖν
461 4663 504 4725 rat
521 4665 629 4743 δυσμῶν
645 4666 737 4743 ἡλίου,
753 4667 801 4734 έως
816 4666 847 4725 ἂν
861 4669 897 4733 είς
909 4671 984 4726 τοῦτο
998 4666 1029 4725 τὸ

252 4753 350 4835 χωρίον
364 4753 489 4827 έλθωσιν,
503 4758 529 4815 έν
545 4745 567 4835 ᾧ
582 4754 735 4815 κατέδονται
747 4755 794 4823 τὰς
808 4758 952 4839 τραπέζας·
966 4756 1028 4815 όταν

196 4865 226 4907 ω
254 4842 381 4902 δὲταῦτα
416 4844 520 4920 μάθωσι
549 4841 703 4922 γινόμενον,
726 4842 844 4921 ἡγεμόνα
880 4840 1028 4923 τετράποδα

253 4929 446 5007 ποιησαμένους
459 4930 524 4991 ὅπου
539 4930 570 4991 δν
585 4932 659 5010 κάμῃ
674 4930 704 4988 τὸ
718 4933 798 5004 ζῶον,
813 4933 923 4990 ἐνταῦθα
937 4928 1029 5007 δείμα·

253 5021 314 5078 σθαι
327 5019 412 5078 πόλιν.
456 5021 541 5080 Τοῦτο
556 5020 589 5092 δὴ
596 5019 626 5079 τδ
640 5018 793 5098 θεοπρόπιον
806 5018 1023 5097 ἀναμνησθέντες,

254 5108 278 5165 οἱ
300 5105 348 5184 μέν
363 5106 397 5165 τὰ
419 5105 467 5177 tta
484 5111 536 5166 τῶν
556 5110 620 5166 θεῶν
645 5108 750 5168 Ᾱίνείου
765 5108 934 5174 κελεύσαντος
950 5109 984 5175 εἷς
997 5106 1027 5167 τδ

253 5194 406 5275 ἀποδειχθὲν
419 5194 516 5277 χωρίον
531 5197 561 5254 lx
574 5199 621 5268 τῆς
633 5195 698 5264 νεὼς
713 5195 845 5277 ἐξέφερον,
860 5200 883 5256 ol
898 5193 924 5255 δέ
943 5195 1027 5277 βάθρα

1085 1216 1118 1267 tis
1137 1221 1239 1268 ornatus
1258 1222 1305 1269 est.
1338 1222 1401 1270 Nam
1423 1234 1482 1285 age,
1505 1235 1567 1286 quas
1585 1222 1645 1272 nitas
1674 1237 1761 1273 causas
1778 1238 1863 1274 monu-

1085 1317 1224 1366 mentorum
1235 1317 1313 1380 ipsius
1324 1318 1350 1368 iu
1360 1317 1432 1368 ltalia
1446 1317 1534 1369 alterne
1548 1332 1650 1382 posses,
1667 1321 1687 1369 ai
1702 1334 1781 1383 neque
1792 1321 1817 1370 in
1826 1321 1867 1372 lais

1085 1404 1146 1455 loeis
1155 1408 1289 1467 regnasset,
1298 1419 1378 1470 neque
1385 1409 1552 1457 commoratus
1560 1412 1627 1459 essct
1637 1422 1715 1471 neque
1725 1408 1758 1458 ibi
1769 1410 1869 1461 omniuo

1085 1499 1197 1564 cognitus
1208 1499 1311 1551 luisset?
1323 1499 1371 1550 Sed
1382 1501 1414 1551 de
1435 1501 1473 1551 liis
1496 1500 1557 1551 alias
1577 1515 1664 1551 rursus
1681 1506 1777 1565 agetm,
1791 1506 1868 1567 prout

1085 1603 1169 1643 rerum
1184 1590 1334 1655 singularum
1351 1592 1474 1642 enarratio
1497 1591 1624 1657 flagitabit.

1116 1691 1167 1739 LV.
1184 1690 1354 1750 celeremue
1367 1690 1392 1739 in
1409 1689 1539 1741 ulteriores
1555 1693 1660 1753 liuropaa
1681 1693 1764 1754 partes
1780 1690 1868 1741 classis

1085 1784 1189 1835 Troiana
1206 1785 1340 1849 navigaret,
1349 1786 1374 1836 in
1387 1799 1461 1837 caum
1472 1788 1572 1837 luerunt
1584 1789 1636 1837 tam
1646 1788 1745 1838 oracula
1762 1801 1819 1851 quaa
1835 1789 1868 1839 ad

1085 1882 1158 1932 tinem
1174 1884 1198 1932 iu
1220 1882 1259 1933 his
1274 1882 1335 1933 loeis
1354 1884 1474 1946 perducta
1488 1888 1560 1944 sunt,
1575 1897 1651 1947 quarn
1670 1884 1733 1935 deus
1753 1885 1806 1949 ipse
1824 1885 1868 1950 qui

1085 1992 1156 2028 suam
1167 1980 1319 2030 voluntatem
1328 1980 1413 2030 maritis
1420 1980 1500 2031 modis
1506 1981 1630 2045 patefecit.
1657 1983 1722 2031 Cum
1731 1981 1796 2031 cuim
1805 1985 1869 2032 Lau·

1086 2079 1184 2125 rentum
1197 2076 1292 2140 appulsi
1309 2077 1413 2127 tentoria
1424 2077 1449 2126 in
1464 2077 1545 2128 littore
1559 2077 1683 2139 statuent,
1699 2079 1805 2143 primum
1816 2079 1870 2141 qui·

1085 2173 1142 2224 dem
1162 2172 1303 2224 hominibus
1312 2174 1354 2225 siti
1367 2174 1474 2238 graviter
1484 2174 1654 2226 laborantibus
1663 2214 1669 2234 ,
1679 2177 1746 2240 quod
1763 2179 1784 2228 is
1798 2178 1868 2228 locus

1085 2271 1166 2321 nullas
1179 2271 1281 2322 liaberet
1291 2286 1382 2337 aarum,
1393 2271 1464 2334 (dico
1476 2277 1559 2323 autern
1573 2288 1629 2336 qum
1638 2274 1669 2324 ab
1679 2275 1737 2339 ipsis
1749 2273 1869 2336 indigenis

1085 2369 1186 2431 accepi)
1206 2369 1293 2419 latices
1313 2369 1455 2420 suavissimi
1476 2369 1551 2419 tontis
1573 2383 1604 2420 cx
1627 2374 1695 2421 terra
1712 2385 1757 2420 sua
1776 2374 1865 2435 sponte

1085 2465 1241 2529 prosilientes
1259 2465 1306 2516 risi
1323 2467 1395 2528 sunt,
1417 2465 1481 2516 unde
1496 2469 1523 2516 ct
1537 2469 1604 2516 totus
1617 2467 1742 2518 exercitus
1760 2471 1866 2530 aquatus

1085 2567 1140 2624 est,
1162 2568 1186 2614 et
1209 2563 1280 2613 locus
1299 2562 1341 2614 ille
1362 2562 1510 2626 irrigabatur
1526 2562 1631 2614 fontium
1649 2563 1719 2626 aquis
1741 2577 1817 2627 usque
1834 2563 1866 2613 acl

1085 2673 1153 2711 nure
1172 2659 1346 2712 detinentibus.
1379 2664 1450 2711 llunc
1464 2665 1547 2711 tamen
1562 2674 1610 2710 oon
1624 2664 1684 2711 sunt
1700 2660 1763 2710 adeo
1781 2674 1861 2723 aqua-

1086 2771 1141 2809 rum
1153 2758 1227 2822 pleni,
1236 2762 1265 2808 ut
1275 2757 1368 2821 aliquid
1380 2757 1436 2808 inde
1446 2758 1554 2821 protluat
1566 2772 1572 2801 ι
1583 2757 1626 2808 scd
1639 2761 1680 2808 est
1688 2758 1778 2821 exigua
1791 2770 1867 2821 aqua,

1085 2867 1144 2918 qum
1167 2854 1192 2904 in
1214 2854 1267 2905 loco
1286 2868 1393 2905 concavo
1414 2854 1562 2915 continetur,
1583 2868 1657 2917 quarn
1681 2854 1735 2914 eius
1760 2853 1867 2917 regionis

1057 2950 1060 3047 γ
1086 2953 1171 3002 incole
1185 2952 1235 3003 Soli
1255 2965 1349 3002 sermm
1363 2965 1418 3002 esse
1432 2951 1526 3001 dieunt.
1561 2955 1591 3001 fit
1616 2953 1685 3001 iuxta
1708 2951 1787 3014 ipsam
1809 2964 1860 3002 arm

1086 3050 1142 3100 duan
1167 3051 1345 3110 monstrantur,
1369 3062 1472 3112 (puerum
1499 3049 1577 3099 altera
1605 3049 1727 3099 orientem
1747 3052 1862 3112 spectat,

1085 3149 1161 3200 altera
1174 3132 1364 3210 ooetdento'rn,a
1382 3147 1494 3198 troianis
1516 3146 1688 3207 doctissimis
1704 3145 1797 3209 quibus
1821 3148 1865 3197 ΔΞ-

1084 3258 1156 3296 neam
1172 3246 1278 3309 primurn
1296 3244 1445 3295 sacrificium
1459 3244 1506 3294 deo
1523 3242 1608 3294 iecisse
1625 3244 1716 3304 terunt,
1730 3247 1760 3292 ut
1779 3242 1802 3293 ci
1820 3255 1866 3306 pro

1085 3342 1155 3406 aquis
1166 3342 1256 3392 oblatis
1268 3343 1358 3406 gratias
1366 3346 1458 3406 ageret.
1492 3340 1587 3391 Deinde
1595 3353 1654 3390 vero
1664 3339 1724 3404 ipsis
1735 3338 1866 3402 prandium

1084 3440 1155 3490 humi
1173 3438 1328 3489 sumentibus
1351 3443 1379 3489 ut
1403 3436 1475 3489 multi
1492 3441 1591 3487 narrant
1606 3435 1689 3500 apium
1712 3436 1866 3486 substratum

1084 3539 1147 3597 erat,
1157 3535 1224 3598 quod
1236 3548 1327 3586 mensae
1343 3534 1397 3585 loro
1409 3534 1478 3584 cibos
1488 3532 1625 3583 sustinebat
1640 3552 1647 3581 ι
1660 3532 1702 3581 alii
1713 3545 1771 3582 roro
1780 3531 1866 3582 dicunt

1084 3635 1168 3681 onusta
1182 3631 1250 3694 panis
1265 3631 1355 3682 triticei
1369 3631 1497 3682 munditiae
1508 3644 1583 3680 causa
1601 3628 1662 3680 cibis
1676 3628 1787 3680 subiecta
1801 3640 1863 3679 csse.

1084 3729 1116 3777 Et
1134 3741 1190 3777 curn
1205 3727 1254 3778 cibi
1280 3728 1384 3792 appositi
1409 3741 1458 3779 ram
1477 3726 1600 3790 absumpti
1621 3731 1719 3787 esseut,
1732 3730 1759 3778 et
1781 3728 1866 3791 apium

1084 3824 1137 3875 sire
1152 3825 1223 3888 panis
1233 3829 1318 3875 crusta
1337 3825 1397 3888 ipsis
1409 3823 1536 3888 supposita
1548 3838 1613 3873 unus
1634 3828 1709 3888 atque
1723 3837 1782 3874 mox
1800 3822 1865 3873 alter

1084 3916 1247 3977 romulisset,
1260 3919 1320 3965 tuuc
1329 3914 1431 3979 quidam
1444 3915 1496 3966 sive
1508 3914 1540 3966 de
1551 3917 1634 3965 AEucre
1647 3914 1715 3974 tiliis,
1730 3916 1758 3963 ut
1771 3913 1859 3974 lectur,

1084 4009 1137 4057 sire
1148 4008 1179 4058 de
1192 4006 1422 4066 contubernalibus,
1441 4005 1593 4056 exclamarit
1609 4026 1615 4055 z
1629 4009 1661 4055 nt
1674 4017 1719 4053 nos
1730 4004 1769 4053 nel
1783 4004 1863 4067 ipsam

1084 4113 1193 4151 mensam
1206 4099 1254 4149 iam
1274 4098 1464 4162 absumpsimus.
1497 4100 1553 4156 ero
1567 4096 1652 4147 audito
1662 4108 1747 4146 ornnes
1765 4096 1864 4145 tumul-

1083 4190 1148 4241 tuari
1162 4192 1305 4253 ceperunt,
1320 4188 1385 4252 quod
1397 4193 1455 4237 tunc
1474 4187 1552 4252 prima
1564 4188 1659 4238 omenti
1675 4200 1730 4251 pars
1740 4185 1771 4235 ad
1791 4185 1866 4236 tinem

1083 4285 1150 4331 esset
1171 4279 1298 4343 perducta.
1330 4281 1421 4328 Fuerat
1434 4276 1500 4327 cuim
1522 4275 1558 4326 cis
1574 4276 1699 4340 quoddam
1716 4274 1863 4334 oraculum,

1085 4372 1227 4436 utquidam
1254 4370 1324 4420 aiunt
1345 4368 1455 4419 Dodone
1476 4368 1617 4429 redditum,
1640 4370 1668 4417 ut
1685 4366 1726 4417 alii
1751 4365 1865 4417 scribunt

1063 4475 1065 4480 ’
1083 4462 1197 4527 Erythris
1213 4461 1264 4511 ldae
1279 4461 1377 4521 riculo,
1399 4460 1443 4511 ubi
1458 4458 1587 4510 habitabat
1602 4458 1710 4522 Silrytln.
1730 4457 1796 4509 illius
1816 4456 1864 4507 loci

1083 4553 1191 4617 nympha
1211 4551 1322 4611 fatidica,
1335 4564 1392 4614 qum
1412 4563 1456 4601 eos
1477 4551 1584 4600 iusserat
1603 4549 1760 4601 occidentem
1775 4563 1864 4600 versus

1083 4630 1213 4710 navigare,
1240 4643 1318 4694 donec
1345 4643 1371 4693 iu
1391 4656 1448 4693 eum
1474 4642 1555 4693 locum
1578 4642 1744 4706 pervenirent,
1762 4641 1786 4691 in
1813 4654 1864 4705 quo

1082 4752 1179 4790 mensas
1193 4734 1368 4787 comederent:
1385 4733 1426 4784 ubi
1447 4746 1506 4783 vero
1523 4731 1677 4782 hortantum
1706 4730 1863 4783 animadver-

1082 4832 1179 4883 tissent.
1189 4827 1375 4893 quadrupedem
1395 4826 1485 4877 ducem
1503 4828 1673 4889 sequerentur,
1689 4827 1715 4874 et
1727 4823 1761 4873 ibi
1774 4821 1863 4872 urbem

1081 4923 1230 4985 conderent,
1246 4921 1288 4972 ubi
1307 4919 1397 4971 animal
1414 4918 1575 4983 detaligatum
1597 4914 1777 4981 procubuisset.
1809 4915 1864 4964 lloc

1085 5017 1161 5078 igitur
1184 5015 1283 5066 oraculo
1308 5014 1333 5065 in
1360 5011 1504 5065 memoriam
1531 5014 1661 5071 revocato,
1691 5010 1734 5060 alii
1756 5008 1863 5059 deorum

1086 5108 1216 5160 simulacra
1234 5111 1316 5158 AEneoe
1333 5106 1402 5158 iussu
1422 5106 1446 5156 in
1458 5105 1540 5156 locum
1558 5103 1692 5154 indicatum
1705 5116 1738 5153 ex
1757 5099 1863 5153 naribus

1085 5201 1243 5260 extulerunt3
1256 5200 1298 5250 alii
1311 5212 1370 5250 reru
1380 5198 1452 5251 lases
1461 5197 1498 5248 eis
1510 5201 1535 5247 et
1545 5209 1601 5247 aras
1612 5198 1745 5248 erexerunt
1756 5209 1764 5241 ε
1775 5193 1862 5246 mulie·
