4068 5924
659 447 956 524 ANTIQUl'l'llTUM
977 457 1126 521 Roman.
1152 463 1225 524 ΗΒ.
1251 466 1291 529 11.

145 561 318 638 λευσάμενος
336 576 392 637 τοῖς
416 571 483 650 ἄμμ’
504 574 581 633 etsie
602 576 692 637 ἐδίωκε
713 581 772 648 τοὺς
791 584 934 662 φεύγοντας

145 652 207 706 τῶν
230 653 369 730 πολεμίων
397 661 613 738 ἐσκεδασμένους,
642 667 687 724 καὶ
707 669 788 750 μέχρι
807 677 860 732 τῶν
880 698 932 733 πυ-

144 738 206 794 λῶν
237 740 332 809 αύτούς
362 742 476 819 ἤλασεν,
506 745 570 813 ὥστ’
598 754 752 832 ἠναγκάσθη
780 760 934 820 καταλιπὼν

142 829 271 900 ἡμιτελῆ
291 827 340 900 τὴν
359 832 434 906 νίκην
464 835 637 915 δῬωμύλος
667 845 823 927 ἐπιπρέψαι
842 873 870 908 τε
890 851 934 909 καὶ

101 924 115 959 ⁶
142 913 195 972 ἐπὶ
214 914 251 975 τὰ
270 921 384 979 νικῶντα
405 925 457 980 τῶν
482 927 615 1001 πολεμίων
634 928 753 991 ὤσασθαι
774 934 851 1014 μέρη.
894 937 933 996 Tb

141 1002 198 1076 μὲν
221 1002 256 1076 δέ,
277 1005 378 1083 κάμνον
399 1013 451 1068 τῶν
471 1011 592 1072 Σαόίνων
613 1017 690 1095 μέρος
709 1021 736 1078 ἐν
755 1024 793 1101 τῷ
810 1022 861 1103 ἴσῳ
880 1025 932 1084 πά-

139 1092 189 1148 λιν
207 1082 259 1164 ἦν,
280 1094 445 1168 ἀπελθούσης
462 1103 509 1170 τῆς
541 1100 608 1177 μετά
627 1102 766 1182 Ῥωμύλου
786 1111 931 1189 δυνάμεως·

138 1181 156 1236 θ
181 1177 211 1238 δὲ
233 1179 353 1250 κίνδυνος
373 1182 443 1252 ἅπας
462 1188 521 1265 περὶ
540 1189 584 1247 τδν
606 1190 733 1269 Κούρτιον
744 1196 789 1254 καὶ
808 1197 865 1266 τοὺς
884 1198 931 1258 σὺν

140 1268 248 1349 ἐκείνῳ
277 1276 405 1341 νικῶντας
437 1278 561 1357 ἐγεγόνει.
605 1282 704 1360 Χρόνον
734 1284 781 1361 μὲν
809 1279 852 1346 σύν
870 1314 929 1348 τινα

88 1364 112 1401 ¹⁰
137 1359 165 1414 οἱ
188 1357 308 1419 tetrior
323 1360 459 1440 δεξάμενοι
482 1365 539 1433 τούς
549 1366 700 1445 Ῥωμαίους
709 1373 838 1451 λαμπρῶς
857 1379 929 1454 ἠγω-

136 1446 271 1508 νίσαντο·
290 1449 383 1510 ἔπειτα
403 1456 508 1516 πολλῶν
527 1458 571 1515 ἐπ’
596 1458 691 1528 αύτούς
719 1463 858 1523 συνιόντων
879 1468 928 1525 ἐνέ·

138 1537 240 1595 ιλινάν
272 1562 302 1598 τε
331 1540 377 1599 καλ
402 1543 524 1614 διέσωζον
550 1546 655 1616 ἑαυτούς
675 1550 783 1612 ἐπὶ’τδν
801 1554 926 1634 χάρακα,

138 1627 251 1698 πολλὴν
268 1633 315 1687 τοῦ
339 1631 468 1711 Κουρτίου
487 1634 647 1716 παρέχοντος
667 1640 753 1708 αὐτοῖς
774 1644 810 1709 εἰς
832 1642 862 1702 τὸ
889 1645 927 1722 μὴ

139 1713 290 1774 διώκεσθαι
318 1719 538 1799 τεταραγμένως,
567 1724 637 1784 ἀλλὰ
658 1728 742 1806 βάδην
762 1731 927 1810 ἀποχωρεῖν,

88 1808 112 1844 ¹⁵
139 1803 307 1883 ἀσφάλειαν.
360 1806 446 1875 Αὐτὸς
472 1810 524 1887 γάρ
553 1812 669 1884 εἱστήκει
700 1818 849 1896 μαχόμενος
881 1821 927 1879 καὶ

138 1891 187 1950 τὸν
204 1891 349 1971 Ῥωμύλον
369 1896 467 1955 ἐπιόντ’
487 1900 605 1978 ἐδέχετο·
623 1902 724 1980 γίνεταί
741 1929 771 1964 τε
789 1910 841 1965 τῶν
860 1912 924 1987 ἡγε·

140 1978 234 2052 μόνων
261 1982 350 2040 αὐτῶν
372 1986 559 2061 συμπεσόντων
569 1990 694 2062 ἀλλήλοις
714 1992 796 2072 μέγας
814 1997 860 2054 καλ
879 2020 926 2055 κα-

138 2069 184 2134 λὸς
207 2068 294 2145 ἀγών.
344 2068 473 2149 Ἔξαιμος
502 2078 526 2132 δ’
546 2076 597 2148 ἤδη
630 2080 675 2137 καὶ
705 2082 855 2154 καταόελὴς
887 2083 924 2144 ὢν

139 2158 308 2236 θΚωίρτιος
326 2160 405 2239 ὑπῄει
435 2167 496 2222 κατ’
516 2166 614 2241 ὀλίγον,
648 2169 694 2226 καὶ
722 2170 800 2230 αὐτὸν
823 2174 924 2231 ἐκτῶν

85 2250 111 2287 ²¹
136 2246 254 2305 κατόπιν
274 2246 417 2327 ὑπεδέχετο
435 2250 515 2328 λίμνη
528 2256 638 2331 βαθεῖα,
657 2255 690 2326 ἣν
708 2263 854 2336 περιελθεῖν
875 2262 923 2339 μὲν

136 2335 259 2412 χαλεπὸν
280 2327 312 2407 ἦν
332 2340 546 2419 περικεχυμένων
570 2345 736 2424 πανταχόθεν
758 2350 810 2407 τῶν
838 2352 921 2410 πολι·

137 2424 222 2501 μίων,
243 2427 354 2484 διελθεῖν
377 2427 400 2485 δ’
420 2429 471 2489 ὑπό
490 2432 516 2488 τ’
538 2429 608 2500 ἰλύος
626 2434 754 2507 πλήθους,
774 2437 806 2508 ἣν
826 2438 859 2499 τά
873 2438 921 2498 πί-

139 2509 181 2589 ρεξ
214 2514 326 2591 τίλματ*
359 2505 432 2594 εἶχε,
461 2518 506 2575 καὶ
533 2519 626 2598 βάθους
656 2520 747 2590 ύδατος
775 2531 820 2584 τοῦ
854 2527 923 2586 κατά

138 2599 227 2675 μέσην
251 2601 332 2673 αὐτὴν
352 2608 526 2678 συνεστῶτος,
547 2607 653 2687 ἄπορον.
693 2611 785 2691 Ταύτῃ
807 2614 922 2687 πλησιά-

84 2692 109 2727 ³
137 2711 190 2755 σας
214 2688 317 2770 ἔρριψεν
337 2694 430 2753 ἐαυτδν
449 2697 485 2760 εἰς
512 2695 543 2754 τ“ο
562 2706 633 2772 νᾶμα
662 2698 708 2757 σύν
738 2709 791 2768 τοῖς
819 2701 920 2770 ὅπλοις·

136 2782 185 2835 καὶ
210 2778 397 2855 δῬωμύλος,
418 2785 453 2849 ὡς
478 2784 573 2842 αὐτίκα
599 2785 630 2856 δὴ
649 2794 694 2845 τοῦ
722 2789 813 2868 ἀνδρὸς
834 2792 861 2848 ἐν
888 2796 921 2867 τῇ

136 2867 221 2944 λίμνη
243 2868 504 2949 διαφθαρησομένου,
526 2874 571 2930 καὶ
595 2872 643 2949 ἅμ’
663 2875 721 2933 ἐπεὶ
742 2876 867 2936 ἀδύνατον
889 2869 920 2950 ἦν

136 2953 211 3011 κατὰ
229 2955 357 3029 τέλματός
371 2958 397 3016 τ’
417 2958 494 3017 eceb
514 2960 559 3018 καλ
574 2960 605 3019 δι’
626 2961 718 3030 ύδατος
739 2966 836 3026 πολλοῦ
855 2966 917 3025 διώ·

136 3065 215 3115 κειν,
242 3045 286 3103 ἐπὶ
313 3045 369 3113 τοὺς
390 3048 484 3114 ἄλλους
513 3049 643 3119 Σαθίνους
661 3053 798 3133 τρέπεται.
842 3055 876 3117 ‘0
892 3056 919 3115 δὲ

83 3138 108 3177 ³⁰
138 3131 274 3212 Κούρτιος
303 3137 385 3195 πολλὰ
414 3137 550 3215 μοχθήσας
578 3139 625 3198 σὺν
654 3141 742 3221 χρόνῳ
761 3143 874 3211 σώζεταί
892 3146 918 3201 τ’

134 3217 168 3278 ἐκ
202 3222 251 3291 τῆς
277 3222 369 3298 λίμνης
388 3226 421 3284 τὰ
449 3224 509 3283 ὅπλ’
529 3229 598 3308 ἔχων
617 3228 663 3289 καλ
695 3233 731 3298 εἶς
751 3230 794 3290 τδν
819 3231 918 3313 χάρακ’

136 3310 280 3388 άπάγεται.
323 3305 407 3380 θύτας
434 3315 545 3383 θτόπος
563 3316 748 3397 ἀνακέχωσται
771 3318 820 3396 μὲν
848 3320 915 3394 ἤδη,

137 3401 257 3457 καλεῖται
277 3402 302 3459 δ’
323 3399 349 3469 ἐξ
371 3403 468 3462 ἐκείνου
485 3409 531 3462 reb
555 3404 654 3473 πάθους
675 3407 801 3485 Κούρτιος
827 3409 916 3483 λάκος,

138 3487 165 3545 ἐν
185 3494 257 3569 μέσῳ
276 3489 385 3565 μάλιστ’
404 3488 441 3549 ὢν
458 3495 505 3562 τῆς
524 3492 667 3569 Ῥωμαίων
688 3497 794 3572 ἀγοράς.

87 3587 111 3627 αι
175 3580 279 3640 liLlil.
298 3577 437 3655 Ῥωμύλος
451 3578 480 3639 δὲ
489 3580 549 3647 τοὺς
563 3582 658 3650 ἄλλους
667 3583 768 3644 διώκων
783 3582 859 3661 ἐγγύς
874 3608 917 3662 γε·

138 3665 241 3741 νόμενος
260 3671 309 3725 τοῖῖ
331 3670 574 3743 uenerationem
600 3672 699 3738 πολλὰς
720 3672 826 3739 ἐλπίδας
846 3673 916 3754 ἔχων

138 3754 254 3833 αἱρήσειν
268 3755 301 3815 τδ
323 3757 456 3837 φρούριον,
481 3759 570 3828 άλλως
597 3784 626 3819 τε
649 3763 754 3828 πολλοῖς
782 3761 916 3840 τραύμασι

137 3843 327 3917 καταπονηθεὶς
343 3848 388 3903 καὶ
408 3845 440 3917 δὴ
460 3846 506 3905 καὶ
525 3849 596 3907 λίθου
616 3850 705 3928 πληγῇ
726 3849 831 3931 ἐξαισίῳ
844 3851 914 3911 κατδι

138 3932 267 4011 κροτάφου
281 3934 431 4013 ἐνεχθέντος
445 3937 538 3995 ἐκτῶν
553 3937 649 3996 ἄνωθεν
659 3937 801 4011 κακωθεὶς,
812 3937 914 4018 αἴρεταί

86 4029 111 4066 ts·
137 4042 164 4077 τε
185 4021 249 4097 πρὸς
267 4025 322 4081 τῶν
347 4022 483 4101 παρόντων
506 4025 635 4102 ἡμιθανὴς
649 4024 695 4083 καλ
716 4028 752 4093 εές
779 4025 809 4083 τὸ
828 4028 914 4108 τεῖχος

137 4108 307 4189 έπορίρεται.
350 4113 413 4178 Τοῖς
433 4111 461 4171 δέ
481 4110 626 4189 Ῥωμαίοις
645 4113 700 4180 δέος
727 4114 853 4189 ἐμπίπτει
871 4118 914 4174 τὸν

135 4197 240 4274 ἡγεμόν’
261 4198 346 4258 οὐκέθ’
369 4202 460 4278 δρῶσι,
481 4198 526 4258 καλ
545 4201 671 4279 τρέπεται
690 4200 720 4260 τὸ
739 4198 820 4268 δεξιὸν
839 4201 915 4281 κέρας

136 4287 171 4351 εὶς
189 4286 292 4365 φυγήν·
322 4289 347 4346 οἱ
376 4287 401 4346 δ’
428 4290 455 4347 ἐν
483 4292 522 4368 τῷ
543 4289 669 4371 εὐωνύμῳ
695 4287 836 4370 ταχθέντες
856 4295 913 4369 ἅμα

135 4378 172 4452 τῷ
206 4375 347 4450 Λοκόμωνι
374 4375 439 4442 τέως
468 4375 516 4455 μέν
545 4380 665 4457 ἀντεῖχον
695 4379 746 4437 ὑπὸ
775 4383 821 4438 τοῦ
852 4387 914 4460 ἡγε·

84 4481 111 4517 rs
137 4466 211 4536 μόνος
232 4463 481 4543 άναθαρρυνόμενοι,
495 4466 684 4545 λαμπροτάτου
693 4467 727 4526 τὰ
746 4466 852 4546 πολέμι’
864 4473 911 4528 άν-

136 4550 193 4627 θρδς
221 4550 267 4610 καὶ
294 4553 400 4610 πλεῖστ’
419 4552 483 4631 ἐργα
513 4552 582 4610 κατδι
609 4558 699 4614 τοῦτον
725 4555 768 4615 τὸν
797 4555 912 4633 πόλεμον

137 4639 354 4716 ἀποδειξαμένου·
380 4643 437 4700 ἐπεὶ
468 4641 495 4701 δέ
521 4644 637 4709 κάκεῖνος
664 4643 764 4710 ἐλαθεὶς
795 4644 836 4703 διὰ
860 4649 912 4704 τῶν

134 4730 252 4806 πλευρῶν
266 4729 365 4805 σαυνίῳ
379 4731 426 4799 τῆς
438 4728 573 4806 δυνάμεως
596 4729 786 4802 ὑπολειπούσης
805 4730 909 4806 ἔπεσεν,

133 4817 185 4875 ett’
199 4816 273 4876 αὐτοὶ
288 4816 431 4893 διέμειναν.
474 4816 553 4893 donet
574 4818 606 4889 δὴ
629 4817 696 4892 μετά
709 4821 785 4879 τοῦτο
808 4819 913 4880 πάντων

83 4917 110 4953 ⁸⁸
133 4906 217 4963 ιθτῶν
237 4903 352 4983 ἐγένετο,
366 4903 451 4965 aelel
470 4904 582 4966 Σαόῖνοι
602 4906 791 4987 τεθαρρηκότες
805 4907 909 4969 ἐδίωκον

132 4995 193 5074 ἐχρι
212 4997 260 5065 τῆς
278 4992 395 5059 πολεως·
412 4993 465 5067 ἤδη
486 4992 515 5052 δέ
530 4995 719 5065 πλησιάζοντες
738 5005 795 5061 ταῖς
814 4996 909 5066 πύλαις

132 5082 328 5156 ἐτηλαύνοντο,
367 5083 415 5152 τῆς
451 5083 571 5154 νεότητος
609 5081 791 5154 ἐπεξελθούσης
824 5085 910 5151 αὐτοῖς

131 5160 339 5251 ἀκραιφνοῦςῇ
363 5167 397 5228 τὰ
417 5170 493 5252 τείχη
512 5172 651 5252 φυλάττειν
674 5173 689 5228 θ
710 5169 831 5251 βασιλεὺς
850 5170 910 5231 sat-

129 5262 224 5343 ςρεψι,
246 5257 295 5318 καλ
314 5264 361 5318 τοῦ
380 5255 534 5336 Ῥωμύλου·
559 5263 620 5339 ῥᾷον
641 5260 692 5337 γάρ
716 5258 769 5331 ἤδη
788 5248 859 5339 εἶχεν
880 5264 909 5319 ἐκ

1722 490 1761 547 tte

990 600 1144 651 contendere.
1177 604 1322 655 Sabinorum
1332 605 1407 670 igitur
1419 622 1484 671 pars,
1495 623 1553 673 que
1563 611 1698 677 laborabat,
1713 629 1767 664 rur·

989 727 1033 763 sus
1048 729 1119 778 aequo
1134 722 1213 768 marte
1231 721 1370 783 pugnabat,
1388 726 1521 787 postquam
1536 725 1703 778 discesserunt
1721 730 1765 792 qui

989 842 1046 878 cum
1059 830 1163 881 ltomulo
1174 838 1252 884 erant.
1286 837 1364 887 Omne
1380 841 1463 888 autcm
1480 840 1619 903 periculum
1640 842 1665 891 in
1685 843 1765 907 ipsum

988 943 1101 992 Curtium
1112 944 1175 994 etin
1186 946 1241 996 eius
1250 950 1429 1002 commilitones
1439 951 1546 1005 victores
1557 958 1596 1005 est
1606 969 1763 1013 mnrcrsnm.

988 1059 1069 1118 Atque
1086 1058 1262 1123 aliquantisper
1277 1061 1359 1112 sabini
1378 1068 1544 1117 Romanomm
1556 1068 1676 1134 impetum
1690 1075 1759 1125 susti·

987 1168 1074 1216 nentes
1085 1169 1181 1232 egregie
1192 1175 1333 1233 pugnarunt
1347 1191 1354 1221 ι
1374 1173 1419 1224 sed
1431 1158 1488 1225 curn
1506 1177 1578 1228 multi
1587 1178 1612 1228 in
1628 1193 1672 1230 eos
1682 1181 1763 1245 ingru-

986 1277 1065 1334 erent,
1082 1275 1160 1326 aciem
1172 1277 1321 1330 inclinarunt
1332 1282 1358 1331 et
1372 1295 1398 1331 se
1409 1282 1434 1331 in
1451 1287 1532 1334 castra
1543 1285 1679 1337 incolumes
1690 1303 1761 1339 rece-

984 1386 1082 1446 perunt.
1122 1386 1221 1437 Curtius
1248 1387 1314 1438 enirn
1331 1388 1461 1454 diligenter
1478 1394 1593 1454 ebenus,
1622 1409 1653 1446 ne
1681 1398 1762 1450 hostis

985 1489 1142 1553 perturbatos
1156 1494 1338 1558 insequeretur,
1360 1498 1387 1546 et
1411 1498 1495 1548 clleeit
1517 1504 1546 1551 ut
1567 1502 1656 1552 sensim
1672 1505 1760 1567 pedem

981 1598 1038 1647 tuto
1061 1597 1191 1650 referrent.
1224 1603 1281 1665 lpse
1305 1603 1371 1652 enim
1396 1618 1507 1668 pugnans
1527 1608 1625 1658 Romuli
1641 1611 1760 1675 impeturn

981 1703 1132 1768 excipiebat,
1153 1709 1229 1771 atque
1250 1722 1326 1769 gram
1339 1712 1365 1760 ct
1387 1711 1532 1774 precularum
1553 1717 1678 1766 certarnen
1696 1717 1760 1768 inter

980 1812 1048 1877 ipsos
1063 1813 1150 1875 duces,
1167 1815 1210 1877 qni
1232 1815 1280 1864 sibi
1296 1817 1403 1867 invicem
1412 1802 1579 1884 occurrerant,
1600 1824 1759 1876 commissum

979 1925 1027 1972 est.
1060 1925 1093 1972 nt
1112 1922 1214 1971 curtius
1236 1923 1287 1973 iam
1311 1925 1441 1988 exsanguis
1465 1930 1492 1977 et
1515 1927 1573 1978 telis
1592 1932 1691 1981 saneim
1713 1945 1757 1995 pc-

979 2027 1123 2092 detemptim
1144 2029 1292 2092 recedebat,
1306 2044 1442 2095 eumquca
1463 2037 1532 2098 tergo
1556 2035 1625 2098 palus
1637 2040 1758 2102 protunda

981 2138 1091 2201 excepit,
1122 2153 1197 2201 quum
1219 2141 1349 2192 circrrrnire
1370 2141 1470 2193 difficile
1492 2148 1558 2206 erat,
1578 2144 1691 2198 hostibus
1711 2162 1757 2201 un·

978 2242 1053 2311 dique
1079 2247 1248 2310 circumfusis,
1269 2252 1373 2302 transire
1400 2266 1536 2311 veronen
1566 2258 1673 2318 poterat,
1704 2261 1755 2308 tum

977 2353 1011 2404 ob
1032 2355 1095 2406 enni
1119 2356 1231 2421 copiam,
1252 2358 1319 2422 quod
1344 2364 1429 2425 stagna
1455 2362 1630 2427 circumdedit,
1655 2369 1756 2419 turneb

977 2475 1049 2527 aqum
1067 2464 1344 2532 profunditatemque
1374 2468 1401 2518 ln
1422 2470 1477 2520 eins
1494 2472 1576 2523 medio
1599 2480 1662 2526 arnt.
1704 2480 1754 2529 lta-

977 2585 1033 2635 que,
1053 2585 1110 2622 cnnr
1131 2573 1162 2623 ad
1185 2574 1251 2624 banc
1271 2576 1429 2638 accessisset,
1450 2584 1560 2630 armatus
1575 2595 1602 2632 se
1624 2583 1649 2632 in
1663 2597 1752 2647 aquam

976 2680 1086 2729 coniecit.
1135 2683 1167 2730 Et
1189 2683 1315 2746 Romulus,
1333 2698 1434 2748 sperans
1455 2700 1513 2737 eum
1534 2688 1605 2740 brevi
1624 2690 1650 2741 in
1664 2691 1754 2756 palude

976 2790 1121 2852 periturum,
1135 2791 1209 2842 simul
1227 2792 1302 2843 etium
1315 2795 1374 2857 quia
1388 2809 1437 2845 non
1454 2770 1551 2860 poterat
1569 2812 1626 2848 eum
1639 2805 1754 2869 persequi

974 2908 1018 2962 per
1036 2912 1136 2949 caenum
1149 2903 1277 2966 alequam
1297 2904 1456 2966 profundam,
1475 2906 1501 2956 in
1513 2907 1574 2957 alios
1588 2910 1692 2962 sabinos
1704 2911 1753 2962 im·

974 3014 1059 3071 petum
1073 3012 1195 3060 convertit
1226 3012 1328 3062 Curtius
1342 3026 1401 3063 vero
1418 3014 1461 3065 diu
1480 3015 1589 3068 luctatus
1602 3018 1701 3069 tandem
1720 3033 1752 3071 ex

974 3117 1062 3183 palude
1076 3130 1133 3167 cum
1153 3119 1228 3169 armis
1243 3121 1330 3183 evasit,
1355 3127 1381 3172 et
1399 3122 1424 3172 in
1445 3130 1527 3175 castra
1550 3127 1672 3178 abductus
1698 3132 1748 3181 est.

972 3229 1023 3282 lete
1039 3227 1109 3278 locus
1122 3229 1171 3278 iam
1182 3233 1247 3280 terra
1259 3236 1373 3295 congesta
1389 3235 1498 3297 repletus
1509 3238 1561 3297 ταῖς
1578 3235 1658 3289 adbuc
1668 3240 1751 3290 nmen

972 3337 1004 3387 eb
1019 3337 1088 3387 illurn
1099 3351 1184 3389 casum
1200 3343 1305 3389 vocatur
1328 3342 1428 3392 Curtius
1443 3341 1528 3406 lacus,
1540 3348 1615 3409 atque
1630 3346 1706 3398 terme
1725 3349 1750 3398 in

971 3445 1054 3495 medio
1069 3448 1236 3496 Romanorum
1248 3448 1300 3497 toro
1313 3452 1359 3499 est.

1003 3562 1087 3610 llllli.
1116 3560 1234 3611 Romulus
1255 3575 1315 3611 vero
1340 3563 1401 3614 alios
1429 3578 1592 3629 persequens,
1614 3582 1670 3619 cum
1697 3571 1747 3621 iarn

970 3650 1003 3701 ad
1020 3652 1168 3715 capitolium
1187 3655 1346 3716 accessisset,
1361 3657 1425 3707 etin
1443 3671 1557 3722 magnam
1574 3674 1641 3723 spem
1662 3662 1746 3711 renis-

967 3750 1005 3799 set
1030 3744 1095 3795 arcis
1117 3745 1257 3808 capienda,
1273 3751 1363 3810 prceter
1378 3750 1425 3799 alia
1450 3751 1566 3812 vulnera,
1586 3751 1677 3814 quibus
1695 3758 1747 3803 erut

966 3844 1097 3908 fatigatus,
1114 3843 1224 3893 inlaueto
1243 3842 1318 3894 etiam
1341 3845 1409 3896 iactu
1428 3846 1482 3899 sari
1505 3847 1537 3897 dc
1561 3846 1622 3896 locis
1633 3846 1745 3911 superio·

966 3940 1036 3992 ribue
1067 3940 1092 3990 in
1119 3944 1231 4003 tempore
1248 3939 1324 3990 deleti
1358 3942 1499 4004 caudatus,
1525 3943 1700 3993 semimortuus
1730 3958 1747 3995 ε

964 4034 1085 4097 proximis
1102 4033 1216 4084 sublatus
1234 4038 1260 4085 et
1275 4034 1301 4084 in
1315 4035 1404 4112 urbem
1425 4034 1520 4085 relatus
1542 4037 1589 4086 cst.
1621 4040 1744 4088 Romanos

964 4134 1047 4182 antem
1076 4130 1152 4179 timor
1181 4129 1285 4188 invasit,
1298 4127 1367 4190 quod
1391 4126 1481 4178 ducem
1499 4142 1548 4179 non
1570 4130 1675 4194 amplius
1702 4133 1744 4184 ui·

964 4221 1069 4282 debunt,
1095 4222 1122 4272 ct
1142 4234 1228 4271 eorum
1251 4222 1368 4271 dextrum
1393 4234 1470 4273 ccrnu
1489 4222 1515 4272 in
1541 4222 1624 4286 lugam
1645 4236 1744 4275 versum

964 4317 1010 4367 est.
1042 4314 1091 4373 Qni
1105 4328 1165 4366 rere
1186 4317 1212 4366 in
1224 4315 1289 4365 laevo
1310 4329 1367 4366 corn
1384 4315 1438 4381 ipso
1453 4318 1596 4368 Lucumone
1611 4320 1742 4379 stetemnt‚

964 4409 1113 4474 aliquamdiu
1124 4409 1242 4462 ἐιοεέῖθιιε
1260 4413 1422 4473 restiterunt,
1440 4412 1508 4475 quod
1526 4413 1743 4477 ipsorumanirnns
1840 4482 1843 4490 Ι

963 4503 1120 4554 confirmaret
1141 4502 1191 4553 dux
1204 4503 1280 4554 rebus
1298 4502 1394 4554 bellicis
1414 4504 1575 4563 clarissimus,
1588 4503 1633 4566 qui
1648 4503 1673 4551 in
1698 4504 1743 4551 troc

963 4596 1050 4661 proelio
1072 4595 1177 4661 plurima
1195 4595 1290 4659 egregia
1307 4595 1415 4647 incinere
1432 4597 1510 4647 edidit
1527 4614 1534 4645 ε
1553 4599 1682 4657 postquam
1696 4608 1743 4644 au·

963 4698 1015 4745 tem
1030 4697 1056 4744 et
1068 4694 1122 4757 ipse
1138 4706 1182 4756 per
1196 4692 1262 4743 latus
1280 4691 1330 4756 pilo
1344 4692 1476 4753 traiectus,
1499 4689 1594 4740 viribus
1608 4688 1658 4739 iam
1681 4690 1741 4740 deti-

964 4790 1084 4843 cierrtibus
1094 4789 1191 4851 cecidit,
1204 4802 1235 4840 ne
1248 4789 1295 4852 ipsi
1307 4789 1407 4853 quidem
1418 4792 1448 4839 io
1457 4800 1552 4853 poppa
1566 4785 1742 4849 perstiterunte

962 4893 1048 4955 itaque
1059 4892 1145 4955 posteo
1160 4903 1246 4941 omnes
1264 4889 1289 4939 in
1303 4889 1385 4953 lugam
1402 4892 1461 4938 scrut
1477 4886 1552 4950 versi,
1567 4889 1592 4936 et
1602 4883 1687 4935 Sabini
1702 4899 1745 4936 au·

962 4982 1048 5034 dacter
1065 4998 1107 5034 eos
1120 4997 1198 5046 usque
1212 4982 1244 5032 ad
1266 4981 1353 5031 urbem
1366 4979 1490 5044 persecuti
1508 4981 1574 5029 sunt.
1598 4979 1661 5027 cum
1680 4990 1742 5028 nero

963 5079 1012 5130 iarn
1029 5077 1060 5130 ad
1077 5080 1161 5143 portas
1178 5077 1342 5137 accederent,
1356 5074 1448 5140 repulsi
1470 5074 1680 5134 suntiureututc,
1702 5072 1744 5123 cni

960 5184 1008 5223 rer
1021 5184 1149 5222 mororum
1162 5168 1299 5222 custodiam
1311 5169 1484 5230 commiserat,
1497 5167 1522 5217 ln
1533 5179 1577 5217 eos
1595 5164 1690 5216 viribus
1702 5177 1739 5214 re·

963 5265 1079 5316 centibus
1102 5269 1246 5330 erumpente
1269 5264 1322 5316 set
1343 5277 1400 5314 cum
1425 5263 1478 5326 ipse
1498 5272 1605 5335 quoquc·
1620 5257 1745 5337 Romulus.

1620 5354 1647 5402 7.

878 5508 1003 5619 ἐδωδὴ

903 5616 982 5662 imm

896 5704 991 5777 strati*
