4070 5926
262 435 323 499 ddi

262 597 281 624 ιι
294 568 392 647 πότερα
416 568 565 626 καταλῦσαι
593 564 642 638 τὴν
667 563 812 640 Ῥωμαίων
844 569 932 633 αὐτοῖς
955 561 1041 647 ἀρχὴν

266 683 279 710 ιι
296 656 418 735 ἀμιινον,
433 655 451 727 ἢ
466 655 589 736 μιτέχιιν
612 656 694 727 αὐτῆς
708 653 735 720 ἐξ
753 655 811 714 ἴσου
829 656 918 728 κοινὴν
940 675 1042 713 κατασ-

265 773 278 798 ιι
293 743 450 820 τησαμένοις
478 743 625 804 πολιτείαν.
681 744 738 805 Ἐιῗι
759 741 811 823 γάρ
844 743 945 822 λέγειν,
974 741 1044 807 όσοις

266 859 279 885 ιι
294 832 462 909 κεκόσμηκας
483 834 513 892 tx
529 836 576 891 τοῦ
595 830 714 909 πολέμου
736 832 861 913 λαφύροις
887 829 935 899 τάς
954 830 1044 897 πόλεις

225 938 240 979 t
266 947 279 973 ιι
294 921 395 992 αὐτῶν,
406 919 535 992 πηλίκους
549 919 692 1001 κεχάρισαι
703 926 758 986 τοῖς
774 921 1045 1001 συστρατευσαμένοις

266 1038 279 1063 ιι
297 1007 435 1076 πλούτους.
479 1009 549 1075 Τοὺς
575 1010 607 1081 δὴ
631 1006 769 1076 τοσούτους
784 1009 827 1068 διά
843 1032 872 1069 σε
892 1007 1045 1090 γενομένους

266 1126 279 1153 ιι
295 1099 341 1159 καὶ
355 1098 399 1158 ίπὶ
413 1098 575 1171 τηλικαύτης
593 1097 740 1178 βεόηκότας
764 1097 887 1178 εὐτυχίας
908 1101 938 1158 οὗ
960 1099 1045 1164 δοκεῖς

266 1216 279 1242 ιι
294 1186 442 1268 ἀγαπήσειν
467 1178 505 1255 οἷς
530 1186 650 1267 ἔχουσιν,
670 1190 794 1265 ἀγαθοῖς,
817 1189 876 1246 ἀλλ’
899 1184 1045 1266 ὀργιεῖσθαί

266 1303 279 1330 ιι
295 1298 336 1337 σοι
357 1276 403 1335 καί
417 1277 629 1353 ἀγανακτήσειν,
645 1276 691 1335 tls
707 1277 745 1352 μὴ
760 1274 807 1333 καί
818 1276 848 1333 τὸ
862 1278 909 1346 τῆς
920 1275 1046 1354 πατρίδος

213 1382 240 1424 lo
266 1354 363 1443 «αἷμα
379 1371 437 1430 ταῖς
471 1365 544 1444 ερσὶν
564 1365 650 1427 αύτῶν
665 1347 910 1441 έπισπείσης;Ἐγδι
925 1362 972 1440 μθν
997 1362 1045 1421 ούκ

266 1478 280 1506 ιι
293 1451 392 1527 οίομαι.
437 1387 485 1518 Είς
506 1450 544 1509 ίτι
559 1476 606 1529 μοι
620 1451 810 1510 καταλείπεται
825 1451 917 1527 λόγος,
940 1447 1046 1529 ἰσχυρός

266 1567 279 1593 ι
293 1540 361 1617 μέν,
381 1538 426 1599 tto
444 1541 565 1617 λογισμῷ
584 1539 674 1618 κρίνῃς
695 1537 789 1610 αὐτὸν,
814 1534 924 1609 ἀσθενὴς
941 1536 985 1612 δέ,ι
1000 1536 1045 1596 tls

266 1654 280 1680 ι
293 1632 352 1706 μετ’
366 1630 460 1706 ἀργῆς,
478 1632 492 1687 ό
504 1626 566 1707 περὶ
578 1632 627 1698 τῆς
640 1629 670 1686 οὔ
685 1626 795 1693 δικαίως
809 1626 971 1703 μισουμένης
993 1625 1045 1685 ύπό

267 1743 280 1770 ιι
296 1739 344 1776 σου
361 1714 505 1795 πατρίδος.
584 1716 656 1776 Ούτε
678 1715 729 1796 γδρ
754 1713 909 1793 ὑγιαίνουσα
938 1713 985 1773 καὶ
1007 1718 1046 1794 τῷ

214 1830 239 1870 te
268 1832 281 1859 ιι
295 1804 399 1886 πατρίῳ
422 1804 515 1883 κόσμῳ
533 1803 725 1880 πολιτευομένη
740 1802 788 1875 τὴν
810 1806 840 1861 ού
856 1802 960 1862 δικαίαν
975 1804 1046 1862 κατὰ

267 1920 280 1947 ιι
296 1882 447 1971 σοῦ’κρίσιν
464 1890 619 1969 ἐξήνεγκεν,
635 1890 704 1950 ἀλλά
719 1899 830 1951 νοσοῦσα
845 1889 891 1950 καλ
910 1892 937 1951 ίν
955 1893 1046 1971 πολλῷ

267 2008 280 2035 ιι
295 1982 408 2040 κλύδωνι
421 1980 586 2056 σαλευομένη
596 2024 604 2055 ,
615 1979 669 2039 οὔθ’
681 1980 773 2039 ύπασα
783 1981 831 2051 τὴν
845 1978 927 2051 αὐτὴν
937 1979 1045 2060 γνώμην

267 2095 280 2123 ιι
294 2067 348 2127 τότ’
366 2069 454 2149 έσχεν,
473 2068 542 2127 ἀλλά
553 2069 585 2128 τὸ
598 2066 688 2127 κάκιον
703 2071 730 2127 έν
750 2069 816 2147 αὐτῇ
831 2066 910 2148 μέρος
924 2075 1046 2150 πονηροῖς

266 2183 279 2209 ιι
293 2158 455 2237 προστάταις
475 2157 656 2238 χρησάμενον.
681 2157 715 2216 Εἰ
730 2155 758 2215 δθ
772 2157 804 2229 δὴ
825 2158 863 2233 μὴ
880 2164 934 2225 τοῖς
949 2156 1044 2216 κακίσ-

213 2269 241 2308 cu
267 2271 281 2299 ιι
296 2267 349 2312 τοις
373 2246 468 2326 μόνον,
492 2244 562 2304 ἀλλὰ
583 2244 629 2304 καί
654 2244 707 2311 τοῖς
727 2245 815 2310 ἀλλοις
841 2241 940 2304 ἀπασιν
963 2245 1046 2305 ἐδόκει

267 2362 280 2389 ιι
294 2339 394 2407 ταῦτα,
413 2334 459 2394 καὶ
472 2338 508 2402 ὡς
517 2336 548 2394 ού
562 2332 596 2393 τά
611 2332 740 2413 κράτιστα
755 2333 957 2412 πολιτευόμενος
972 2337 1046 2408 ἀπη-

239 2488 242 2493 ‚
266 2449 279 2477 ιι
294 2422 376 2496 λάθης
394 2427 438 2481 ὑπ’
455 2426 561 2497 αὐτῶν,
584 2423 639 2483 οὐδ’
654 2422 724 2485 οὕτω
746 2445 788 2483 σοι
805 2428 924 2503 προσῆκε
949 2446 1046 2500 μνησι-

267 2521 384 2572 ικακεῖν
403 2512 468 2590 πρὸς
489 2511 538 2585 τὴν
553 2516 666 2572 σεαυτοῦ
687 2512 816 2593 πατρίδα.
860 2513 973 2577 Πολλοῖς
995 2513 1046 2592 γὰρ

267 2628 280 2655 ιι
294 2601 326 2674 δὴ
348 2603 393 2662 καλ
409 2603 498 2671 ἄλλοις
517 2605 571 2662 τῶν
589 2600 643 2661 ἀπὸ
657 2604 703 2661 τοῦ
717 2600 853 2681 βελτίστου
870 2602 1044 2678 πολιτευομέ-

213 2718 240 2757 ρι
268 2718 281 2746 ιι
294 2714 347 2751 νων
359 2691 393 2750 τά
405 2690 582 2771 παραπλήσια
601 2689 700 2762 eustos,
713 2689 818 2764 παθεῖν,
836 2688 882 2749 καὶ
897 2689 1001 2755 σπάνιοι
1013 2689 1046 2761 δή

267 2807 280 2833 ιι
294 2779 362 2845 τινές
376 2781 457 2851 ιίσιν,
472 2770 509 2846 οἷς
524 2780 572 2838 οὐκ
593 2777 753 2839 ἀντέπνευσε
773 2778 838 2858 πρὸς
856 2777 904 2849 τὴν
917 2779 1045 2837 δοκοῦσαν

267 2893 280 2919 ιι
295 2864 390 2943 ἀρετὴν
414 2865 504 2944 φθόνος
527 2867 557 2925 ta
580 2869 633 2926 τῶν
658 2866 924 2944 συμπολιτευομένων
947 2865 1044 2934 ἄδικος.

267 2980 280 3005 ιι
296 2951 368 3013 Ἀλλ’
383 2943 599 3032 ἀνθρωπίνως,ἀι
614 2954 733 3034 Μάρκιε,
748 2953 856 3036 φέρουσι
867 2954 913 3014 καί
933 2956 1046 3037 μετρίως

267 3067 280 3093 ιι
297 3039 410 3109 ἀπαντις
425 3044 448 3101 οἱ
462 3050 575 3118 γενναῖοι
595 3041 642 3109 ιάς
662 3044 814 3124 συμφορὰς,
828 3043 873 3103 καλ
887 3043 976 3112 πόλεις
996 3068 1043 3122 με·

216 3166 242 3205 30
268 3155 281 3181 ιι
296 3128 532 3210 ταλαμάἀνουσιν,
554 3133 580 3190 έν
601 3121 642 3198 αἶς
664 3131 817 3204 οίκήσαντες
839 3131 912 3191 οὐδὲν
934 3134 1046 3196 λυποῦσι

268 3243 282 3271 ιι
295 3218 343 3285 τάς
363 3217 507 3298 πατρίδας·
531 3217 621 3300 ὥσπερ
639 3219 685 3278 καλ
704 3217 851 3299 Ταρκύνιος
872 3219 1011 3294 ἐποίησεν,
1031 3225 1046 3280 ό

268 3331 281 3357 ιι
298 3307 459 3373 Κολλατῖνος
480 3306 685 3384 ἐπικαλούμενος
703 3305 808 3386 [laevia
825 3306 852 3366 θν
871 3307 1044 3387 παράδειγμα

268 3418 281 3445 ιι
297 3394 343 3451 καί
365 3394 521 3472 οἰκιῖον],θς
540 3394 766 3473 συνελευθερώσας
778 3395 831 3456 ἀπὸ
846 3398 898 3454 τῶν
911 3396 1046 3474 τυράννων

268 3508 280 3535 ιι
295 3482 355 3549 τοὺς
375 3484 503 3557 πολίτας,
517 3483 608 3543 ἀπιιτα
632 3484 782 3556 διαύληθιὶς
802 3484 867 3565 πρὸς
882 3488 993 3557 αύτούς,
1011 3488 1046 3552 ὡς

268 3596 280 3623 ιι
295 3571 474 3652 συμπράττων
487 3571 566 3631 πάλιν
581 3580 634 3639 τοῖς
646 3573 781 3653 τυράννοις
794 3571 843 3645 τὴν
856 3574 984 3651 κάθοδον,
1000 3574 1046 3634 καὶ

267 3684 280 3710 ιι
299 3658 346 3716 διὰ
365 3663 442 3719 τοῦτο
466 3657 593 3729 ἀξελαθείς
619 3663 697 3730 αὐτὸς
715 3664 746 3722 ἐκ
765 3666 812 3735 τῆς
833 3664 978 3744 πατρίδος,
998 3667 1046 3724 οῦκ

266 3774 279 3799 ιι
294 3747 467 3824 ἐμνησικάκει
499 3749 562 3831 πρὸς
586 3748 646 3817 τοὺς
672 3750 835 3820 έκόαλόντας
862 3752 958 3823 αὐτόν,
986 3752 1045 3812 otti

266 3862 278 3887 ιι
295 3836 470 3916 ἐπεστράτευε
486 3861 521 3918 τη
546 3837 692 3907 πολειτοθς
709 3841 849 3919 τυράννους
870 3839 1044 3919 ἀπαγόμενος,

266 3951 277 3976 ι
294 3925 348 3982 οὐδ’
364 3929 446 3986 ίποίει
460 3926 592 4009 τεκμήρια
607 3930 659 3987 τῶν
680 3927 811 3987 διαὸολῶν
825 3927 858 3987 τθι
878 3931 959 4008 ἔργα,
976 3930 1046 3991 ἀλλά

266 4040 279 4066 ιι
294 4016 330 4078 είς
341 4013 390 4086 τὴν
406 4014 568 4095 μητρόπολιν
581 4019 658 4091 ἡμῶν
674 4014 814 4077 Λαουίνιον
830 4014 970 4095 ἀπελθὼν,
991 4023 1045 4081 ἐκεῖ

266 4126 279 4152 ιι
294 4101 382 4159 πάντα
405 4103 450 4161 τθν
465 4103 556 4164 λοιπὸν
572 4104 636 4164 ltin
650 4103 758 4185 χρόνον,
782 4105 870 4173 εὔνους
888 4103 924 4164 ὢν
940 4112 973 4188 τῆ
986 4132 1043 4167 πα·

266 4217 279 4242 ιι
294 4190 362 4270 τρίδι
375 4190 421 4249 καί
435 4191 518 4272 φίλος.

308 4280 339 4340 L.
363 4272 477 4340 ιἘστω
491 4281 519 4341 δὲ
528 4273 572 4342 οῦν
583 4283 655 4363 ὅμως
667 4284 713 4344 καὶ
725 4284 839 4346 δεδόσθω
853 4295 907 4353 τοῖς
920 4287 955 4348 cd
973 4288 1045 4351 δεινδι

267 4396 280 4421 ιι
294 4371 406 4427 παθοῦσι
430 4365 469 4443 μὴ
490 4371 643 4451 διακρίνειν,
664 4371 716 4433 εἴτε
741 4373 825 4453 φίλιον
847 4374 888 4450 είη
911 4377 942 4438 τδ
957 4381 1046 4445 κακῶς

266 4485 280 4509 ιι
294 4454 418 4536 δεδρακὸς
432 4456 480 4517 είτ’
504 4459 658 4540 ἀλλότριον,
681 4461 742 4519 ἀλλ’
756 4461 816 4536 ἴσην
833 4464 898 4544 πρὸς
922 4464 1044 4535 ἅπαντας

265 4570 278 4596 ι
294 4543 373 4623 ἀργὴν
390 4544 475 4627 ἔχειν·
491 4545 583 4607 έπειτα
598 4550 649 4629 οὐχ
664 4549 757 4618 ἱκανάς
777 4553 953 4633 εἰσπέπραξαι
971 4553 1044 4636 παρδι

267 4659 280 4685 ιι
294 4637 346 4692 τῶν
360 4632 525 4714 θόρισάντων
539 4660 569 4696 σε
581 4636 669 4711 δίκας,
684 4642 733 4716 γῆν
749 4638 772 4699 τ’
794 4642 879 4701 αὐτῶν
903 4641 950 4714 τὴν
967 4644 1044 4723 ἀρίσ-

268 4749 281 4775 ι
296 4746 357 4800 την,
377 4726 530 4797 πεποιηκὼς
551 4724 700 4802 μηλόόοτον
722 4727 768 4788 καί
786 4730 875 4798 πόλεις
899 4733 1044 4813 διαπεπορ-

268 4841 280 4866 ι
295 4811 381 4887 θηκάις
399 4816 589 4896 συμμαχίδας,
612 4814 643 4882 ἀς
657 4818 764 4884 πολλοῖς
778 4821 866 4888 πόνοις
882 4822 1045 4901 κτησάμενοι

267 4928 279 4955 ι
295 4903 440 4983 κατέσχον,
456 4903 502 4964 καί
513 4905 599 4984 τρίτον
610 4904 663 4978 ἤδη
674 4908 745 4965 τοῦτ’
761 4906 818 4976 έτος
831 4911 866 4976 είς
878 4907 977 4981 πολλὴν
991 4913 1045 4971 τῶν

268 5016 281 5041 ιι
297 4992 447 5070 ἀναγκαίων
462 4991 675 5061 κατακεκλεικὼς
689 4995 817 5076 ἀπορίαις
843 4998 912 5058 ἀλλά
932 5000 978 5060 καί
994 5000 1045 5079 με’-

268 5102 282 5129 ιι
295 5098 340 5156 χρι
368 5081 582 5160 ἀνδραποδισμοῦ
606 5086 654 5153 τῆς
677 5081 779 5151 πόλεως
809 5087 894 5146 αύτῶν
927 5090 973 5146 καὶ
998 5111 1047 5148 κα·

269 5190 282 5217 ιι
295 5173 432 5246 τασκαρῆς
446 5169 493 5240 τὴν
518 5169 704 5251 ἀγριαίνουσαν
724 5173 768 5231 καί
788 5177 949 5251 μαινομένην
965 5178 1044 5257 ἀργὴν

267 5280 280 5306 ιι
295 5251 433 5334 προάγεις,
453 5258 499 5315 καὶ
514 5259 572 5319 οὐδὲ
586 5256 646 5325 τοὺς
660 5260 828 5340 πεμφθέντας
853 5265 904 5322 θπδ
919 5267 964 5335 τῆς
987 5269 1047 5345 βου·
1071 5298 1074 5305 ι

783 431 954 495 DlONYSll
976 427 1354 492 HALlCARNASSENSlS

1099 591 1113 615 ι
1127 568 1246 629 effecisti,
1265 572 1295 620 ut
1314 569 1364 620 iam
1397 566 1543 626 cousulant,
1562 569 1649 618 utrum
1669 567 1754 633 populi
1775 570 1878 623 Romani

1099 679 1111 703 ι
1125 657 1258 723 imperium
1275 659 1387 708 evertere
1403 657 1437 707 sit
1456 658 1550 715 muns,
1571 670 1619 717 an,
1641 656 1778 707 constituta
1798 671 1874 722 repa·

1100 768 1112 791 ι
1127 746 1206 809 blica,
1223 746 1250 797 in
1275 745 1339 795 luris
1355 744 1411 795 eius
1429 743 1628 794 communionem
1650 744 1740 808 recepi.
1782 746 1877 796 Omitto

1099 854 1113 882 ιι
1126 837 1192 887 enim
1210 834 1292 886 dicere
1302 870 1308 892 ,
1318 836 1382 897 quot
1394 831 1479 896 spoliis
1488 845 1520 881 ex
1534 830 1601 882 bello
1617 830 1704 882 relatis
1715 830 1806 882 milites
1818 836 1874 883 tuos

1099 948 1111 971 ι
1126 927 1240 990 ornaris,
1264 928 1291 975 et
1308 926 1416 989 quantes
1439 921 1542 973 divitias
1562 921 1614 973 illis
1629 921 1735 987 largitus
1753 923 1795 973 sis.
1826 926 1876 975 Eos

1100 1039 1112 1061 ι
1129 1017 1213 1082 igitur,
1235 1015 1280 1082 qni
1293 1017 1337 1065 tua
1355 1024 1431 1077 opere
1452 1010 1515 1062 adeo
1531 1013 1665 1062 creverunt
1694 1014 1720 1062 ct
1732 1010 1765 1062 ad
1783 1015 1875 1062 tantun

1100 1124 1113 1153 ι
1126 1104 1270 1157 felicitatem
1281 1101 1362 1154 erecti
1372 1102 1431 1151 sunt
1442 1139 1448 1159 ,
1459 1113 1510 1150 non
1524 1103 1599 1163 putas
1612 1101 1743 1151 contentos
1753 1098 1810 1151 iore
1818 1112 1882 1164 prem

1100 1216 1112 1241 ι
1129 1194 1241 1246 sentibus
1249 1192 1336 1251 bonis,
1348 1189 1392 1241 sed
1406 1188 1453 1239 tibi
1471 1188 1589 1248 intensos,
1604 1191 1631 1239 el
1641 1188 1728 1253 iniquo
1742 1188 1825 1239 animo
1838 1187 1876 1239 ls-

1100 1305 1113 1327 ι
1126 1287 1211 1342 turos,
1227 1281 1275 1332 nisi
1293 1279 1371 1331 eliam
1383 1277 1470 1342 palrire
1484 1275 1630 1340 sanguinem
1640 1276 1753 1341 ipsorum
1766 1275 1883 1327 manibus

1100 1393 1113 1417 ι
1129 1371 1232 1427 libanis?
1252 1371 1305 1433 ligo
1321 1370 1390 1419 certe
1404 1379 1453 1417 non
1468 1367 1539 1430 puto.
1571 1367 1655 1415 Unum
1669 1363 1754 1415 adhuc
1769 1367 1883 1426 superet

1100 1483 1113 1506 ι
1127 1459 1210 1526 qnod,
1233 1458 1255 1510 si
1283 1458 1407 1508 rationem
1426 1454 1453 1505 in
1473 1452 1595 1531 iudicium
1616 1452 1749 1512 adhibeas,
1771 1452 1881 1504 multum

1100 1570 1113 1595 ι
1127 1548 1194 1614 apud
1209 1551 1235 1599 te
1255 1545 1365 1604 valebit,
1390 1543 1430 1595 siu
1448 1543 1529 1605 iram,
1556 1555 1645 1607 param
1664 1541 1760 1594 scilicet
1772 1540 1804 1592 de
1825 1541 1884 1592 odio

1101 1660 1113 1683 ι
1128 1639 1221 1689 iniusto
1233 1649 1285 1701 quo
1298 1633 1404 1700 patrium
1425 1632 1590 1697 persequeris.
1636 1633 1723 1696 Neque
1741 1630 1808 1681 euim
1824 1644 1882 1681 sana

1101 1748 1114 1771 ι
1128 1729 1190 1788 eret,
1200 1738 1247 1776 nec
1259 1723 1348 1789 patriis
1358 1720 1481 1772 institutis
1492 1720 1632 1784 regebatur,
1643 1716 1744 1785 quando
1755 1724 1781 1771 te
1789 1719 1885 1771 iniuste

1102 1838 1114 1859 ιι
1129 1813 1278 1866 θειοιιενῖιι
1298 1811 1343 1862 sed
1354 1810 1441 1861 morbo
1458 1807 1602 1867 laborabat,
1622 1821 1764 1873 magnaque
1773 1811 1885 1875 tempes-

1102 1926 1114 1951 ι
1129 1908 1180 1956 tate
1194 1902 1351 1959 incubator,
1376 1912 1457 1964 aeque
1476 1897 1554 1948 totius
1572 1901 1633 1949 tunc
1653 1897 1741 1948 eadem
1764 1895 1814 1949 init
1832 1913 1884 1950 sen·

1102 2014 1114 2037 ιι
1131 1992 1222 2050 tentia,
1241 1990 1286 2042 sed
1303 1987 1393 2055 prioris
1406 1986 1501 2052 partis,
1517 2000 1575 2052 quae
1593 2000 1685 2051 pravos
1698 1986 1776 2038 duom
1795 1991 1882 2038 secuta

1102 2102 1114 2127 ιι
1130 2084 1191 2132 erat.
1206 2079 1233 2131 Si
1248 2091 1309 2129 vero
1319 2077 1463 2129 nouaclum
1478 2074 1610 2140 pessimis,
1623 2074 1667 2126 sed
1684 2074 1787 2140 reliquis
1803 2075 1881 2125 etiam

1102 2191 1114 2215 ιι
1130 2170 1166 2221 ila
1183 2168 1267 2219 visum
1276 2165 1380 2224 luisset,
1391 2168 1418 2217 et
1428 2165 1460 2216 ab
1470 2164 1536 2226 illis,
1551 2167 1579 2215 ut
1591 2163 1668 2225 ciris,
1682 2164 1728 2229 qui
1743 2162 1880 2227 rempubli-

1101 2280 1114 2304 ι
1127 2272 1182 2309 cana
1203 2257 1268 2308 male
1295 2254 1496 2315 administraret,
1520 2252 1641 2318 expulsus
1665 2254 1770 2312 luisses,
1796 2255 1882 2302 tamen

1103 2368 1116 2393 ι
1135 2361 1166 2399 ae
1183 2346 1220 2397 sic
1239 2344 1340 2411 quidem
1365 2348 1391 2394 te
1419 2343 1566 2394 iniuriarum
1584 2358 1600 2393 a
1619 2341 1701 2408 patria
1723 2344 1882 2406 acceptarum
1995 2358 1996 2391 ς

1101 2455 1114 2481 ι
1126 2448 1262 2487 memorem
1276 2447 1330 2486 eom
1344 2433 1457 2485 decebat.
1491 2435 1554 2483 Nam
1566 2435 1593 2484 et
1608 2431 1697 2483 multis
1714 2431 1771 2482 aliis
1788 2430 1880 2496 optime

1102 2547 1114 2572 ι
1129 2524 1310 2591 rempublicam
1325 2523 1557 2575 administrantibus
1573 2522 1639 2574 idem
1654 2521 1761 2574 accidit:
1782 2523 1881 2587 rarique

1102 2617 1189 2666 «snat
1205 2613 1380 2679 illi,quorun1
1397 2612 1487 2663 virtuti
1504 2612 1598 2662 civium
1615 2611 1765 2662 aemulorum
1788 2610 1882 2662 invida

1103 2721 1115 2748 ι
1129 2701 1222 2752 iniuste
1236 2699 1369 2751 adversata
1381 2713 1429 2750 non
1443 2698 1520 2750 luerit
1561 2698 1612 2751 Sed
1627 2712 1714 2750 omues
1731 2699 1781 2750 viri
1795 2696 1881 2757 fortes,

1102 2813 1116 2838 ι
1130 2792 1217 2852 Marci,
1232 2791 1387 2843 calamitates
1400 2790 1546 2841 humanitus
1557 2793 1584 2842 et
1601 2803 1675 2855 requo
1686 2790 1771 2841 anime
1785 2789 1880 2853 arunt,

1102 2900 1116 2925 ι
1130 2892 1240 2944 suasque
1252 2879 1323 2931 sedes
1336 2878 1362 2929 in
1371 2877 1433 2930 elim
1445 2877 1522 2929 urbes
1533 2878 1696 2939 transierunt,
1709 2878 1755 2929 ubi
1765 2878 1887 2945 degentes

1103 2969 1216 3036 «patriae
1234 2968 1315 3019 nullas
1330 2967 1458 3019 molestiae
1479 2966 1587 3019 afferant
1609 2982 1615 3013 ι
1635 2968 1701 3019 sicut
1725 2969 1802 3019 etiem
1825 2969 1882 3022 iecit

1102 3082 1115 3107 ι
1127 3060 1278 3126 tarquinius
1289 3058 1427 3111 collatinus
1435 3060 1445 3124 (
1452 3058 1521 3124 quod
1532 3058 1683 3124 exemplum,
1698 3059 1776 3124 idque
1784 3059 1884 3112 domes·

1102 3173 1114 3197 ιι
1131 3151 1224 3214 ticum,
1237 3148 1348 3213 suflicit)
1363 3149 1421 3210 ille,
1439 3149 1485 3214 qui
1504 3149 1557 3214 lpse
1569 3162 1672 3215 quoqne
1690 3148 1759 3200 cives
1780 3163 1840 3202 auos
1852 3164 1882 3201 er
1994 3158 1995 3163 ’

1102 3237 1258 3304 «tyrannide
1280 3237 1306 3288 tu
1325 3237 1467 3290 libertatem
1485 3237 1640 3300 vindicavit,
1656 3241 1683 3289 et
1702 3237 1793 3289 εἰσίασι
1813 3238 1879 3303 apud

1103 3351 1116 3375 ι
1130 3342 1173 3380 eos
1188 3328 1254 3379 male
1278 3326 1382 3378 audiens
1400 3327 1473 3393 quasi
1492 3326 1619 3392 tyrrannls
1631 3325 1720 3380 iacens
1740 3341 1831 3393 eoaque
1853 3329 1881 3378 in

1103 3415 1238 3482 «patriam
1258 3413 1425 3478 reducturus,
1447 3419 1577 3481 propterea
1606 3415 1633 3465 ln
1655 3416 1770 3467 exsilium
1789 3416 1880 3480 pulsus

1101 3525 1114 3549 ι
1129 3503 1189 3566 luit,
1200 3505 1227 3554 ct
1240 3505 1323 3554 tamen
1336 3502 1484 3554 iniuriarum
1495 3503 1528 3553 ab
1540 3502 1572 3553 iis
1582 3506 1751 3568 acceptarum,
1765 3502 1883 3570 aquibus

1103 3612 1115 3636 ι
1131 3590 1215 3644 iuerat
1235 3592 1367 3658 expulsus,
1389 3592 1534 3642 memoriam
1552 3590 1683 3656 deposuit,
1701 3607 1748 3644 nec
1767 3606 1827 3644 cum
1842 3597 1881 3655 ty·
1994 3650 1995 3659 ,

1102 3704 1115 3728 ι
1130 3684 1213 3735 ranuis
1234 3697 1304 3735 erma
1322 3683 1465 3749 reipublice
1481 3683 1581 3741 intulit,
1600 3696 1647 3734 nec
1665 3682 1739 3736 metis
1763 3686 1818 3736 suis
1838 3685 1882 3736 ad·

1103 3792 1116 3817 ιι
1131 3772 1297 3824 versariorum
1317 3771 1454 3822 tolumnius
1469 3770 1638 3831 continuavit,
1653 3771 1697 3824 aed
1719 3787 1779 3824 eura
1798 3774 1826 3825 in
1839 3786 1883 3824 ve·

1103 3881 1115 3905 ι
1132 3864 1210 3913 terem
1230 3863 1342 3911 nestram
1359 3860 1467 3926 patriam
1481 3860 1610 3912 Lavinium
1632 3874 1659 3911 se
1673 3862 1836 3921 contulisset,
1849 3861 1883 3913 ibi

1102 3970 1115 3994 ι
1129 3952 1211 3999 totum
1235 3947 1361 4012 reliquum
1380 3943 1440 3999 viles
1460 3946 1569 4013 spatium
1592 3947 1729 4000 benevolus
1740 3955 1768 4001 et
1786 3950 1884 4003 amicus

1103 4036 1218 4102 «patrie
1232 4036 1324 4100 exegit.

1130 4304 1158 4353 L.
1178 4302 1334 4354 «Faciamus
1348 4304 1431 4353 tamen
1445 4306 1471 4352 et
1487 4299 1667 4360 concedamus,
1681 4314 1736 4360 eos,
1756 4300 1803 4366 qui
1817 4300 1882 4352 iniu-

1101 4409 1114 4432 ι
1131 4391 1195 4442 riam
1204 4395 1366 4457 acceperuut,
1382 4405 1431 4442 non
1444 4389 1600 4455 dijudicare,
1614 4394 1701 4440 utnuu
1711 4391 1748 4453 is,
1760 4390 1807 4455 qni
1824 4389 1884 4441 iecit

1103 4498 1115 4522 ι
1130 4479 1247 4531 iniuriam
1258 4481 1291 4531 sit
1305 4480 1401 4531 amicus
1416 4494 1448 4530 au
1464 4479 1592 4538 iuimicus,
1614 4478 1659 4530 sed
1681 4493 1754 4545 mque
1765 4480 1886 4531 omnbus

1101 4586 1115 4613 ι
1127 4581 1183 4619 esse
1194 4568 1286 4630 iratos,
1304 4568 1455 4619 bonacurtis
1470 4581 1601 4633 poenarum
1617 4566 1724 4632 exegisti
1733 4567 1766 4617 ab
1777 4568 1825 4627 lis,
1839 4566 1884 4633 qui

1102 4676 1114 4701 ι
1131 4660 1157 4707 te
1172 4656 1322 4708 contumelia
1337 4654 1491 4715 affecerunt,
1516 4656 1560 4722 qui
1583 4654 1767 4706 fertilissimum
1792 4669 1879 4706 eorum

1101 4767 1114 4792 ι
1130 4761 1218 4812 agrum
1232 4747 1314 4812 pecori
1330 4760 1449 4811 ροεοιιιιιο
1462 4745 1567 4805 iecoris,
1585 4751 1610 4797 et
1621 4744 1746 4795 sociorum
1761 4743 1884 4797 urbesdi

1101 4854 1114 4879 ι
1128 4834 1247 4900 ripuaria,
1269 4847 1334 4899 quas
1358 4833 1446 4884 mullis
1464 4832 1592 4885 laboribus
1611 4830 1733 4898 quastus
1759 4831 1785 4881 iu
1808 4843 1880 4881 suant

1101 4941 1114 4966 ι
1129 4921 1249 4974 ditionem
1274 4921 1435 4987 redegerant,
1464 4924 1490 4974 et
1521 4920 1624 4973 tertium
1657 4920 1710 4972 iam
1736 4933 1830 4970 mrum
1849 4915 1879 4967 ad
1992 4942 1993 4945 ι

1100 5031 1113 5055 ι
1130 5025 1243 5078 magnam
1262 5016 1446 5063 commeatuum
1467 5011 1575 5077 inopiam
1594 5025 1638 5063 eos
1652 5008 1822 5075 compuleris?
1836 5004 1879 5059 scd

1101 5101 1221 5161 retiam,
1247 5101 1348 5152 immani
1372 5103 1398 5152 et
1411 5101 1497 5152 insano
1516 5098 1601 5151 lurore
1619 5098 1751 5164 impulsus,
1779 5095 1881 5150 adillos
1992 5164 1993 5177 γ

1100 5208 1113 5233 ι
1127 5188 1153 5239 in
1175 5189 1323 5241 servitutem
1350 5188 1525 5251 abducendos,
1547 5188 1687 5255 urbemque
1718 5184 1879 5239 evertendam
1992 5194 1993 5221 l

1100 5276 1296 5341 «progrederis,
1318 5281 1343 5329 et
1356 5292 1387 5331 ne
1401 5277 1495 5343 legatos
1512 5276 1616 5343 quidem
1635 5291 1650 5328 a
1666 5279 1757 5329 senatu
1774 5276 1879 5333 missos,
