3980 5936
565 433 865 507 ANTIQUITATUM
887 433 1036 497 ROMAN.
1059 436 1133 497 LIB.
1155 437 1206 499 Xl.
1476 382 1485 395 ἰ
1630 439 1692 500 θθθ

85 602 97 626 ι
110 569 153 645 ‘abs
176 571 256 652 χάριν
276 570 390 639 εἰδότες,
414 571 439 628 εἰ
461 593 500 637 τις
524 567 617 636 αἰιτοίις
634 567 675 628 sin
689 564 738 638 τὴν
757 568 857 627 ίαυτῶν
912 595 925 620 ι
939 590 1054 642 magnam
1081 578 1186 644 grauem
1220 577 1406 639 habemani
1446 577 1505 642 quiq
1527 577 1596 644 im
1618 593 1692 638 mum

86 661 176 741 είχειν
195 661 332 739 ἀσφαλῶς.
375 657 503 737 Ἐθνγθρ
519 661 594 718 τοῦτο
610 652 857 733 μάθητε,καίτὴν
911 686 924 711 ιι
938 681 1026 731 agrum
1045 671 1101 720 tuto
1120 668 1249 734 possidere
1268 667 1421 734 patiebatur,
1454 667 1565 720 sienim
1585 668 1634 721 hoc
1647 684 1690 722 ω.

85 748 266 826 ιοίπαλλαγὴν
283 752 331 807 τοῦ
348 747 466 823 πολέμου
487 750 533 806 τοῦ
557 744 623 826 πρὸς
640 743 733 812 αὐτοὺς
754 742 812 816 ltu
826 742 856 803 θ·
912 778 925 803 ι
940 759 1095 823 gnoreritts,
1131 761 1205 812 lacilc
1229 759 1307 812 etiarn
1332 758 1492 826 intelligetis,
1514 774 1623 825 quanam
1653 776 1693 813 rs·

85 862 169 898 «σοι
178 836 309 915 κρατίστη
321 834 482 912 μαθήσεσθε.
509 834 623 896 Ἐκεῖνοι
635 832 721 893 τοίνυν
733 831 859 893 entem·
912 852 1007 903 suone
1026 852 1150 904 trocheus
1167 854 1261 918 apeme
1282 852 1384 904 merari
1400 853 1511 918 ρωιιιιι.
1546 853 1585 904 rra
1606 853 1692 918 igitur,

47 954 59 989 θ
84 949 164 1003 '²²⁴2
191 926 233 985 ⁸³²
254 925 412 984 σ’σάλωταῑ
431 924 478 984 καί
497 923 569 985 Μῑῖ
590 922 621 983 τί
644 920 756 1002 πάτρων
779 923 857 1000 ἡμῶν
911 957 1015 1008 «quum
1040 944 1179 1009 auderint,
1206 946 1356 1012 jampridem
1377 951 1487 997 nostram
1511 947 1692 1012 rempublicam

84 1039 96 1067 “
110 1012 255 1086 πθίἶτῑυμα
279 1014 310 1072 ἐκ
331 1013 448 1090 ποθλθῦι
463 1009 510 1071 καὶ
531 1020 585 1079 τοῖς
607 1009 785 1092 '‘immiti“
804 1014 858 1070 “TW
911 1036 1059 1088 attactibus
1076 1051 1105 1089 ac
1131 1038 1326 1102 tempestatibus
1348 1038 1439 1103 agitarl
1465 1041 1494 1088 et
1520 1037 1649 1099 laborare,
1667 1041 1693 1089 et

84 1128 96 1155 ι
111 1105 199 1161 κοινῶν
210 1099 293 1162 οῦτιθ
307 1102 390 1178 δῆμος
404 1099 492 1169 εὔνους
508 1100 580 1161 ἰστὶν
597 1099 657 1161 οὔτε
672 1103 697 1160 οἱ
712 1099 857 1179 πατρίκιοι,
911 1147 924 1173 ,
938 1130 1037 1194 plebem
1057 1130 1253 1196 patriciosque,
1274 1130 1421 1195 reipublic„
1437 1129 1587 1195 madibus
1610 1130 1693 1182 mmo

83 1217 96 1242 “
108 1190 153 1250 καί
176 1193 205 1251 θῦ
227 1190 317 1268 μάτην
339 1189 515 1259 ἀκούσΜΨ
537 1190 568 1250 τὸ
582 1188 635 1271 ib?
656 1188 751 1260 ἆλθθίς
774 1186 856 1255 οὕτως
911 1222 1017 1274 rolleno
1043 1237 1113 1284 esse,
1129 1224 1205 1288 idque
1226 1237 1277 1274 non
1292 1224 1355 1275 talso
1369 1223 1498 1276 audierint
1515 1224 1612 1289 (rosera
1625 1224 1693 1275 enirn

84 1305 95 1333 ιι
109 1280 162 1359 ίχιι
170 1324 179 1353 ,
198 1280 244 1349 τδις
256 1279 283 1339 δί
297 1277 384 1363 αἰτίας
399 1277 586 1357 ἰπιοταμίνοις
599 1272 661 1354 θμίν
674 1278 748 1337 οὐδὲν
763 1277 856 1354 δέομαι
911 1317 1013 1367 “ime
1030 1317 1122 1377 habet,
1137 1328 1218 1382 nequo
1234 1329 1340 1368 mum
1358 1317 1425 1381 apud
1448 1329 1506 1376 m,
1534 1316 1578 1380 qui
1605 1330 1693 1367 earum

34 1403 58 1441 ¹⁰
83 1396 95 1421 “
108 1369 208 1446 MYW’
227 1366 378 1440 &²5⁰⁸
398 1366 424 1428 ‘t
446 1390 486 1435 ης
510 1366 601 1437 “ww
628 1371 699 1444 ἡμᾶς
726 1366 857 1446 κατάσχοι
910 1430 922 1453 ιι
936 1411 998 1460 estis
1024 1408 1109 1473 gnari,
1124 1423 1138 1460 a
1151 1422 1192 1459 me
1211 1408 1261 1459 dici
1279 1410 1320 1459 est
1342 1407 1428 1473 opus)
1451 1407 1646 1471 existimarunt,
1669 1408 1692 1459 si

82 1485 94 1511 “
111 1457 224 1535 ποίεμος
239 1455 297 1534 ἅμα
311 1463 365 1563 ,τοῖς
383 1456 462 1565 W,
472 1455 576 1536 τάχους
591 1459 698 1531 κακοῖς’
715 1454 762 1567 καί
776 1452 857 1523 δοίω
912 1522 925 1545 ι
943 1501 1012 1566 qnod
1034 1506 1166 1552 externum
1181 1501 1274 1552 bellum
1296 1500 1368 1551 robis
1383 1502 1473 1565 prater
1487 1500 1552 1551 mals
1576 1492 1693 1552 intestms

82 1572 93 1597 ιι
108 1548 163 1651 ταῖς
175 1544 402 1656 οἰρχοιῖςνδυναμιν
418 1542 519 1623 ἰξαγιιν
537 1543 586 1654 τδρ
598 1546 856 1652 πρθπθθῑμησθυσῗν
911 1594 1080 1651 «inferretur,
1100 1596 1127 1643 ot
1149 1593 1310 1656 magistratus
1324 1592 1417 1643 vellent
1441 1593 1526 1657 copias
1543 1592 1649 1644 educere
1659 1593 1692 1643 ad

81 1660 93 1685 ⁴(
109 1656 154 1703 της
174 1655 239 1708 m’
260 1654 319 1692 ωτι
333 1654 391 1699 τως
405 1631 516 1699 πολίτας
535 1634 580 1692 ἔπι
601 1655 646 1691 τον
667 1655 856 1712 “pamm
910 1685 989 1750 «agri
1017 1685 1255 1749 propugnationem,
1286 1698 1330 1735 eos
1350 1699 1431 1750 neque
1452 1685 1584 1736 habituros
1605 1700 1692 1739 omnes

909 1780 1003 1829 «cives
1020 1779 1052 1828 ad
1069 1778 1181 1829 militare
1208 1781 1393 1830 sacramentum
1414 1783 1539 1844 pronior,
1561 1783 1690 1844 uiantes,
1730 1840 1734 1851 ‚

909 1890 922 1915 ι
938 1870 1007 1933 quod
1020 1871 1182 1934 magistratus
1201 1871 1258 1922 odio
1271 1876 1470 1937 prosequentum
1484 1886 1529 1923 nec
1542 1873 1621 1924 duces
1635 1888 1692 1939 poe-

908 1982 921 2008 ιι
938 1964 977 2013 nis
994 1964 1048 2028 lege
1064 1964 1168 2014 statutis
1185 1964 1210 2013 in
1233 1968 1396 2015 contumaces
1420 1967 1525 2027 usurosj,
1542 1964 1633 2017 veritos
1655 1979 1687 2016 ne

910 2075 923 2100 ι
934 2054 1004 2119 quod
1017 2055 1116 2119 gravius
1137 2055 1231 2106 malum
1247 2054 1358 2106 iaciant:
1374 2069 1417 2107 eos
1434 2070 1510 2117 vero,
1527 2056 1573 2122 qul
1592 2056 1691 2109 obtem-

912 2168 925 2192 ι
941 2148 1050 2214 perarint
1069 2154 1094 2199 et
1108 2162 1178 2200 anna
1198 2149 1323 2214 ceperint,
1338 2154 1383 2200 aut
1401 2150 1472 2214 signa
1486 2150 1691 2213 deserturosaut,
1746 2210 1749 2215 ¹

913 2258 926 2283 ιι
940 2239 1145 2305 siperrnsneant,
1160 2254 1212 2291 rem
1226 2241 1251 2290 in
1266 2240 1360 2304 proeliis
1381 2241 1503 2303 ignaviter
1517 2241 1602 2293 dedita
1615 2256 1693 2307 opera

911 2348 925 2375 ι
938 2333 1062 2393 gesturos.
1096 2333 1208 2388 Quorum
1233 2330 1295 2380 nitril
1319 2334 1466 2394 sperarunt,
1493 2330 1562 2395 quod
1583 2345 1632 2382 non
1658 2334 1693 2384 sit

912 2438 926 2469 ι
939 2421 1083 2473 verisimile.
1116 2422 1222 2482 Quoties
1234 2421 1300 2473 euim
1311 2423 1400 2473 civitas
1411 2437 1515 2474 concors
1527 2423 1621 2476 bellum
1633 2440 1691 2477 sus·

912 2535 926 2560 ιι
938 2514 1013 2579 cipit,
1026 2519 1053 2566 et
1063 2513 1130 2566 ldcrn
1141 2515 1267 2575 omnibns,
1279 2519 1330 2565 tam
1344 2516 1406 2575 illis,
1421 2498 1466 2580 qni
1478 2518 1608 2582 imperant,
1616 2532 1692 2582 quam

913 2621 927 2647 ι
939 2602 999 2664 illis,
1012 2603 1057 2665 qui
1075 2606 1180 2667 parent,
1195 2603 1257 2654 utils
1269 2603 1380 2667 ridetur,
1395 2618 1481 2655 omnes
1497 2606 1612 2658 alacriter
1625 2610 1693 2661 mals

913 2710 926 2736 ι
938 2692 1065 2753 subeunt,
1081 2706 1127 2744 nec
1151 2692 1231 2744 ullum
1255 2692 1381 2754 laborem,
1404 2698 1447 2745 ant
1461 2696 1600 2759 pericnlum
1616 2700 1685 2749 retu·

912 2801 925 2829 ι
939 2784 1019 2849 ginnt.
1064 2785 1169 2842 Quoties
1181 2798 1242 2836 vero
1256 2785 1374 2836 intestino
1388 2785 1455 2835 malo
1470 2786 1593 2849 laborans,
1607 2790 1693 2853 prius-

912 2891 927 2917 ιι
942 2885 1018 2937 qnam
1030 2885 1071 2923 res
1082 2872 1232 2924 domesticas
1241 2877 1386 2938 componat,
1409 2873 1473 2925 bella
1486 2879 1592 2928 esterna
1605 2892 1693 2932 susce-

914 2982 929 3010 ι
941 2963 986 3028 pit,
996 2966 1023 3015 et
1035 2963 1190 3015 multitudini
1207 2964 1232 3015 ln
1248 2968 1356 3015 mentem
1373 2965 1450 3026 venit,
1472 2979 1500 3019 se
1518 2981 1568 3017 non
1581 2981 1627 3033 pro
1640 2972 1693 3023 suis

912 3070 925 3098 ι
941 3051 1013 3103 bonis
1026 3053 1094 3103 τιιτίιι
1105 3065 1250 3117 passuram,
1266 3052 1310 3105 sed
1320 3056 1349 3102 ut
1360 3052 1466 3104 aliorum
1483 3055 1615 3121 imperium
1626 3057 1653 3109 iu
1666 3071 1693 3111 ss

913 3159 926 3183 ι
941 3139 1021 3205 magis
1038 3141 1180 3202 condimen
1200 3141 1248 3206 ipsi
1261 3155 1322 3193 sero
1333 3142 1412 3193 duces
1427 3144 1549 3207 cogitant,
1575 3158 1636 3196 suas
1646 3159 1689 3197 cn·

912 3248 925 3274 ι
940 3228 994 3293 pias
1005 3242 1054 3280 non
1077 3229 1176 3291 minus,
1190 3242 1267 3293 qnam
1288 3229 1408 3290 hostiles,
1424 3230 1473 3282 sibi
1487 3232 1600 3286 municas
1622 3235 1692 3297 tore,

913 3320 1034 3370 reatus
1055 3331 1156 3384 qnoque
1179 3317 1307 3378 laborant,
1333 3322 1361 3369 et
1380 3321 1477 3383 queris
1499 3334 1589 3372 manns
1609 3322 1693 3376 istius·

912 3427 925 3453 ιι
941 3407 1010 3460 modi
1025 3408 1152 3460 exercitus
1164 3407 1237 3460 tacile
1246 3408 1375 3461 debellare
1383 3412 1410 3460 et
1423 3410 1509 3462 delere
1521 3415 1612 3476 potest.

81 1720 183 1799 «ὅρκον
207 1720 327 1788 ἅπαντας
347 1719 419 1792 ἥξειν
438 1721 469 1781 ἰκ
487 1719 635 1802 προθυμίας
658 1724 694 1789 ῶς
713 1721 854 1802 πρότερον,

81 1836 93 1861 ιι
108 1810 228 1889 ἀπεχθῶς
248 1809 426 1885 διακειμένους
443 1807 510 1890 πρδς
533 1808 580 1876 τδις
595 1810 694 1892 ἀρχάς·
714 1810 773 1871 οὔτε
797 1809 858 1878 τοίις

81 1923 93 1948 ιι
111 1896 240 1976 ἡγεμόνας
254 1904 310 1963 ταῖς
325 1898 356 1955 ἐκ
372 1899 424 1956 τῶν
447 1895 536 1975 νόμων
551 1899 692 1978 τιμωρίαις
708 1898 856 1978 χρήσεσθαι

81 2013 93 2036 ιι
107 1988 175 2046 κατὰ
190 1989 242 2045 τῶν
266 1983 305 2063 μὴ
329 1985 570 2066 παραγενομένων,
593 1987 743 2055 δεδοικότας
766 1986 806 2065 μή
831 2012 857 2048 τι

80 2079 194 2148 «peiles
227 2076 391 2155 ἐργάσωνται
422 2077 520 2133 κακόν·
549 2073 610 2141 τούς
634 2098 663 2134 τι
687 2076 857 2137 ὑπακούσαν-

79 2188 91 2214 ιι
106 2185 152 2228 τας
177 2159 223 2221 καί
248 2158 282 2221 τά
309 2159 381 2221 όπλα
408 2159 538 2229 λαθόντας
572 2161 589 2231 ἢ
622 2163 792 2243 καταλείψειν
822 2162 857 2222 τθι

26 2278 31 2287 ·
79 2276 91 2301 ιι
106 2258 222 2326 σημεῖα,
253 2246 270 2320 ἢ
298 2247 499 2327 παραμένοντας
524 2247 725 2320 ἐθελοκακήσιιν
754 2254 781 2312 ἐν
802 2258 857 2318 τοῖς

80 2366 92 2391 ιι
109 2341 219 2416 ἀγῶσιν·
237 2328 485 2406 &initiatione
502 2337 600 2405 εἰκότος
618 2337 744 2410 ἤλπισαν.
768 2336 855 2401 Ὅταν

79 2458 91 2482 ιι
105 2430 153 2507 μὲν
167 2430 219 2511 γάρ
233 2433 380 2507 ὁμονοοῦσα
391 2428 466 2496 πόλις
480 2428 598 2502 ἅπτηται
613 2430 747 2507 πολέμου,
763 2432 810 2490 καί
824 2429 856 2488 τδ

78 2546 90 2571 ιι
106 2519 169 2577 αἰιτθ
185 2517 317 2600 συμφέρον
331 2516 417 2577 ἅπασι
431 2517 559 2598 φαίνηται
570 2526 623 2585 τοῖς
636 2541 665 2577 τι
683 2519 796 2598 ἄρχουσι
809 2518 856 2578 καί

78 2635 90 2660 ιι
106 2614 159 2673 τοῖς
179 2607 349 2686 ἀρχομένοις,
371 2607 440 2681 μετδι
462 2612 610 2686 προθυμίας
625 2607 740 2674 άπαντες
760 2608 804 2666 tari
822 2607 855 2666 τά

77 2722 90 2747 ιι
107 2693 178 2754 δεινδι
191 2697 323 2774 χωροῦσι,
340 2692 385 2752 καί
398 2691 457 2752 οὔτε
474 2693 553 2752 πόνον
563 2692 622 2752 οὔτε
635 2693 753 2754 κίνδυνον
764 2695 856 2755 οὐδένα

77 2811 90 2836 ιι
103 2785 232 2842 ὀκνοῦσιν.
274 2779 365 2842 Ὅταν
380 2781 409 2840 δί
425 2785 540 2842 νοσοῦσα
562 2784 589 2840 ἐν
612 2785 695 2862 αὑτῇ,
710 2783 773 2862 πρὶν
788 2782 806 2856 ἢ
821 2781 856 2842 τά

77 2900 90 2924 ι
105 2871 176 2931 ἔνδον
196 2869 417 2942 καταστήσασθαι
441 2878 494 2933 τοῖς
517 2869 662 2950 ὑπαιθρίοις
680 2871 761 2949 δμάσι
780 2877 856 2953 χωρῇ

78 2988 90 3013 ιι
103 2959 253 3037 πολεμίοις,
268 2960 315 3020 καί
334 2964 458 3040 παραστῇ
479 2962 518 3039 τῷ
531 2959 578 3038 μίν
596 2960 694 3032 πλήθει
717 2961 854 3041 λογισμὸς,

78 3078 90 3101 ιι
105 3050 146 3109 ότι
160 3051 209 3129 αἰχ
231 3047 296 3130 όπίρ
310 3047 413 3109 οἰκτίων
429 3051 534 3126 οἰγαθῶν
553 3053 769 3120 κακοπαθοῦσιν,
784 3049 856 3110 άλλδ

77 3167 90 3191 ιι
105 3136 148 3196 ira
169 3136 336 3218 βιόαιότιρον
351 3139 438 3195 αὐτῶν
453 3136 539 3215 ίτεροι
556 3137 673 3219 ἄρχωσι,
689 3146 743 3204 τοῖς
755 3137 778 3196 δ’
790 3142 855 3216 ἥγε·

77 3254 90 3279 ι
109 3225 205 3303 μόσιν,
225 3224 266 3284 ότι
289 3225 415 3302 πολέμιον
428 3223 535 3304 ίχουσιν
552 3227 603 3306 οὐχ
619 3217 700 3298 ἦττον
714 3231 762 3285 τοῦ
777 3229 855 3287 άντι·

76 3344 89 3369 ιι
103 3314 190 3374 πάλου
214 3313 243 3373 τὸ
268 3315 382 3386 οἰκεῖον,
397 3316 472 3373 νοσεῖ
493 3317 528 3373 τὰ
540 3313 591 3373 όλα
610 3312 657 3373 καί
679 3322 753 3375 πᾶσα
777 3314 856 3387 ἱκανὴ

75 3433 88 3457 ιι
104 3403 215 3480 δύναμις
232 3399 267 3461 τά
285 3407 395 3463 τοιαῦτα
412 3401 603 3482 στρατεύματα
621 3404 855 3480 καταγωνίσασθαι

75 3520 89 3545 ιι
102 3491 149 3552 καὶ
164 3497 280 3574 ρθιῖραι.

116 3583 195 3643 vill.
218 3580 338 3640 «Ταῦτά
364 3581 448 3652 ἰστινι
472 3567 613 3658 davil,
635 3576 670 3637 τί
685 3576 808 3638 Muti
827 3602 856 3639 a
941 3615 1008 3663 νιιι.
1024 3633 1035 3654 ι
1050 3615 1111 3663 ιιιιι
1130 3618 1196 3671 sunt.
1216 3617 1303 3664 ιιιιιι
1326 3613 1476 3677 coronari,
1498 3614 1651 3667 sannorum
1666 3620 1694 3667 ιι

76 3702 89 3725 ι
104 3670 153 3732 καί
167 3673 289 3733 Αἰκανῶν
303 3669 492 3747 ἰνθυμήματε,
508 3657 546 3735 οἷς
558 3665 761 3734 πεπιστευκότες
775 3666 856 3745 ipris·

75 3790 88 3813 ιι
105 3759 237 3821 όλόκασιν
256 3760 334 3835 ἡμῶν
352 3758 389 3825 εἰς
407 3755 455 3829 τὴν
473 3759 534 3835 γῆν.
578 3753 645 3816 ’siv
661 3754 709 3832 μίν
726 3744 771 3815 οῦν
787 3758 855 3835 αἰγα·

74 3877 87 3900 ιι
103 3847 282 3921 νακτήσαντις
294 3848 333 3927 τῷ
354 3849 572 3925 κατορρονιῖσθαι
592 3841 657 3925 πρδς
672 3843 758 3903 αὐτῶν
774 3845 856 3924 ἰπαρ-

74 3964 87 3987 ι
105 3938 220 4012 θέντων,
235 3936 271 4002 ῶς
289 3932 385 4015 ἰχομιν
404 3934 503 4015 ὀργῆς,
525 3932 638 4009 δύναμιν
653 3930 790 4013 ἰξαγαγεῑν
811 3932 855 3992 ἐπὶ

26 4062 29 4091 ;
73 4056 86 4077 ιι
103 4026 200 4095 αὐτοὺς
227 4024 426 4106 ψηφισώμεθα,
453 4022 559 4081 δίδοικα
584 4019 622 4098 μὴ
644 4025 729 4079 ταῦτα
753 4021 817 4098 ἡμῖν
839 4020 856 4079 θ

73 4143 86 4167 ιι
102 4111 256 4194 προόλαὸον
272 4112 367 4172 ἰκτῖνοι
378 4109 486 4192 συμῦῇ,
507 4110 609 4186 μᾶλλον
626 4109 649 4168 θ’
666 4097 695 4167 τῦ
710 4096 770 4167 οἰδα
783 4133 851 4186 συμ·

72 4234 85 4255 ιι
100 4203 251 4281 ὅησόμινα.
296 4199 361 4261 ’Ele
380 4201 407 4259 tl
427 4198 461 4258 τδι
476 4201 571 4277 πρῶτα
587 4196 633 4257 καί
657 4195 856 4276 ἀναγκαιότατα

72 4322 85 4344 ιι
102 4289 351 4367 καταστησώμεθα·
365 4294 449 4348 ταῦτα
466 4289 489 4347 δ’
502 4288 572 4346 ἐστίν
586 4286 605 4360 ἤ
620 4286 643 4346 τ’
664 4286 793 4364 εὐκοσμία
809 4294 856 4349 τοῦ

71 4410 84 4431 ιι
102 4380 222 4451 πλήθους
236 4379 282 4436 καί
298 4377 328 4436 τὸ
341 4385 409 4437 πᾶσι
428 4374 513 4435 rebel
529 4375 695 4457 συμρίροντα
708 4375 855 4455 φαίνεσθαι·

28 4505 37 4539 ς
71 4496 85 4520 ιι
101 4468 275 4535 ἐξελάσαντες
288 4465 337 4543 μίν
357 4469 387 4526 ἰκ
400 4469 447 4537 τῆς
462 4464 563 4532 πόλεως
590 4465 637 4534 τὴν
652 4468 697 4522 νῦν
708 4466 855 4546 ἐπιχωριά.

71 4582 85 4605 ιι
103 4559 203 4624 ζουσαν
222 4554 298 4634 dopo
313 4553 359 4612 καί
374 4551 541 4625 πλεονεξίαν,
559 4552 700 4620 ἀποδόντες
713 4553 741 4612 δὲ
757 4553 788 4612 τὸ
804 4556 855 4634 άρ-

71 4672 85 4693 ι
102 4646 184 4722 χαῖον
199 4650 293 4725 σχῆμα
316 4647 350 4722 τῇ
367 4642 503 4723 πολιτεία,
520 4642 666 4714 πτήξαντες
687 4645 710 4702 οἰ
725 4650 770 4703 νῦν
793 4649 843 4724 θρα

71 4760 85 4783 ιι
103 4735 161 4798 σεῖς
175 4735 220 4791 καί
239 4731 274 4791 τδι
295 4730 365 4790 όπλα
383 4731 505 4813 ῥίψαντες
525 4735 555 4790 tx
571 4736 623 4789 τῶν
639 4735 734 4811 χειρῶν
749 4732 855 4804 ἥξουσιν

70 4848 85 4873 ιι
101 4824 140 4887 ῶς
155 4824 227 4898 ἡμᾶς
245 4823 292 4879 οὒκ
307 4823 343 4888 εἰς
359 4821 485 4900 μακρὰν,
508 4822 555 4887 τάς
573 4843 602 4879 τι
627 4818 727 4899 βλάόας
749 4819 853 4889 ἰξακοιίι

69 4937 85 4963 ιι
101 4931 182 4986 μενοι
193 4908 240 4968 καί
252 4911 313 4991 πιρί
325 4910 475 4986 διαλλαγῶν
488 4909 687 4987 διαλεγόμενοι,
701 4907 812 4988 ὑπάρξει
826 4931 855 4968 τε

69 5028 84 5051 ιι
102 5003 174 5074 ἡμῖν
188 4997 203 5057 θ
217 4998 313 5065 πάντας
333 4996 365 5057 θν
381 4994 500 5066 τῦξαιντο
517 4998 614 5057 οἰνοῦν
633 4995 757 5076 ίχοντες,
774 4996 856 5078 χωρίς

66 5116 82 5141 ιι
99 5089 195 5147 ὅπλων
210 5087 470 5165 διαπεπολεμηκίναι
483 5086 527 5147 τὸν
542 5086 608 5166 πρὸς
619 5084 712 5153 abacis<
726 5084 853 5164 πόλεμον.

67 5206 82 5229 ιι
100 5180 204 5238 Ταῦτα
219 5176 251 5249 δὴ
267 5175 459 5255 λογισαμίνους
474 5181 546 5254 ἡμᾶς
558 5174 648 5255 οἰομαι
662 5178 731 5246 δεῖν,
745 5175 793 5249 τὴν
807 5177 855 5253 pls

67 5298 81 5321 ιι
99 5267 175 5350 incip
185 5272 231 5328 τοῦ
243 5267 362 5344 πολέμου
374 5266 491 5346 βουλὴν,
505 5266 597 5340 ἐπειδὴ
610 5268 775 5347 ταραχωδῶς
788 5271 853 5346 ἡμῖν

914 3728 926 3750 ιι
938 3708 1074 3770 AEqummu
1094 3706 1272 3769 cogitationes,
1295 3705 1388 3772 quibus
1405 3708 1463 3758 iretl
1481 3708 1611 3772 inegram
1632 3722 1692 3760 nos·

913 3811 1009 3857 atrum
1033 3805 1197 3870 irruptionem
1224 3806 1345 3857 lecerunt.
1371 3805 1396 3855 si
1417 3805 1493 3868 igitur
1513 3819 1559 3856 nos
1582 3804 1614 3855 ab
1632 3806 1694 3872 ipsis

912 3924 925 3951 ιι
938 3905 1011 3955 elatis
1023 3903 1151 3955 contemni
1165 3903 1265 3967 indigne
1286 3904 1409 3963 terentes,
1430 3902 1466 3953 its
1478 3901 1537 3954 irati
1551 3905 1580 3953 ut
1590 3916 1690 3964 sumus,

912 4002 1025 4068 «copias
1042 4004 1128 4053 contra
1149 4014 1192 4052 eos
1215 4000 1322 4051 educere
1343 3998 1546 4060 decreverimus,
1559 4012 1648 4050 uereor
1661 4014 1694 4051 ne

911 4119 924 4144 ιι
936 4099 1008 4151 nobis
1020 4098 1152 4157 accidant,
1167 4111 1225 4161 quar
1240 4097 1276 4148 iili
1289 4095 1471 4162 prouiderunt,
1486 4096 1610 4148 imorem
1625 4100 1695 4150 certo

911 4218 924 4241 ι
938 4198 1004 4259 selo,
1022 4199 1078 4250 brec
1096 4201 1226 4249 eventura.
1259 4195 1308 4246 sed
1330 4195 1352 4245 si
1372 4208 1416 4254 es,
1431 4207 1488 4258 quas
1503 4198 1561 4246 sunt
1572 4195 1652 4261 prima
1667 4201 1694 4249 et

911 4312 924 4337 ι
940 4292 1210 4353 marimenscessaria,
1226 4290 1430 4343 constituerimus
1453 4290 1523 4357 (bac
1536 4296 1621 4344 autern
1634 4298 1694 4345 sunt

912 4409 925 4435 ιι
937 4393 964 4442 et
976 4389 1142 4440 multitudinis
1163 4390 1227 4439 bons
1241 4388 1386 4453 disciplina„
1400 4391 1428 4440 et
1449 4391 1479 4439 ut
1497 4388 1615 4441 omnibus
1627 4390 1692 4442 idem
1716 4404 1719 4407 ·

912 4508 925 4534 ιι
939 4487 1079 4539 conducere
1099 4485 1229 4548 rideatur)
1248 4487 1348 4551 expulsa
1367 4499 1396 4537 ss
1420 4486 1483 4539 urbe
1502 4487 1654 4539 contumelia
1667 4493 1694 4540 et

911 4585 1014 4652 “pluris
1040 4583 1147 4635 habendi
1174 4583 1329 4649 cupiditate,
1347 4597 1404 4648 qum
1418 4585 1469 4650 lam
1485 4585 1527 4636 bic
1545 4599 1605 4636 suas
1620 4586 1693 4638 sedes

911 4706 923 4728 ιι
936 4684 1000 4743 lixit,
1011 4686 1037 4734 et
1050 4681 1180 4746 republica
1194 4681 1219 4731 in
1230 4682 1361 4746 pristinum
1379 4686 1475 4733 statum
1491 4684 1628 4745 restituta,
1642 4685 1693 4747 illi,

911 4803 923 4827 ιι
936 4783 980 4847 qul
991 4795 1058 4833 nunc
1067 4783 1126 4832 sunt
1135 4781 1257 4841 audaces,
1269 4781 1421 4832 consternati
1433 4785 1510 4847 atque
1519 4782 1597 4833 armis
1609 4782 1692 4846 abjec-

910 4899 923 4924 ι
940 4880 975 4930 tis
990 4893 1021 4930 ex
1037 4879 1151 4930 manilius
1171 4877 1243 4930 breui
1260 4878 1294 4930 ad
1315 4893 1361 4930 nos
1377 4879 1492 4939 uenient,
1516 4885 1545 4931 ut
1567 4884 1592 4932 et
1602 4881 1693 4933 damna

912 4998 924 5023 ι
936 4978 1098 5044 pmpnlsent‚
1111 4986 1136 5029 et
1147 4981 1180 5031 de
1191 4994 1253 5045 pace
1270 4983 1354 5045 amnt.
1367 4984 1445 5045 atque
1460 4981 1496 5032 its
1509 4982 1582 5033 uobis
1596 4984 1694 5035 mutin·

911 5099 923 5124 ι
936 5079 986 5143 get,
1002 5076 1070 5141 quod
1088 5091 1175 5129 omues
1187 5079 1274 5130 mente
1287 5075 1388 5143 prediti
1402 5079 1569 5142 optarentne
1582 5092 1625 5130 eos
1640 5082 1692 5133 sine

912 5196 924 5220 ι
939 5172 1187 5227 armisdebellemns.
1220 5174 1298 5226 Nobis
1313 5175 1390 5241 igitur
1409 5176 1465 5227 bac
1478 5176 1693 5231 considerantibus

912 5294 925 5319 ι
941 5273 1058 5339 (qmndo
1070 5287 1111 5326 res
1121 5273 1267 5326 domestica
1279 5274 1341 5325 adeo
1353 5274 1412 5324 sunt
1421 5273 1545 5337 turbata)
1557 5275 1615 5327 belli
1630 5288 1693 5326 con·

1555 5362 1596 5411 tl.
