4068 5924
648 465 942 541 ANTIQUITATUM
961 470 1109 532 Roriam.
1133 474 1206 533 Llll.
1229 475 1264 534 ll.

133 591 275 664 συνθήκας
296 594 343 661 τδις
361 595 503 673 γενομένας
523 594 656 678 Ῥωμύλῳ
673 597 738 678 πρὸς
758 601 857 659 Τάτιον
871 600 914 659 ἀπὶ

135 687 195 745 τοῖς
210 678 279 746 ίσοις
295 683 516 763 παραγενόμενοι,
538 684 724 765 μετειληρίναι
749 690 796 758 τῆς
820 687 921 753 πόλεως

134 773 218 847 ιτεερά
237 771 289 826 τῶν
313 769 433 850 ἀρχαίων
455 772 600 851 οἰκητόρων
614 772 660 833 κοιλ
674 772 723 847 τὴν
745 774 827 845 αὐτὴν
841 774 918 855 Δχάριν

134 857 251 923 ἐκείνοις
272 858 346 932 αὐτοὶ
369 858 509 918 δεδωκέναι
524 861 638 924 ἐδόκουν.
679 862 752 940 Ἅμα
767 863 794 922 δί
814 866 852 943 τῷ
871 862 919 933 τὴν

90 952 107 988 ⁵
135 945 243 1023 βουλὴν
262 948 399 1017 διαστῆναι
414 948 459 1006 καὶ
482 947 512 1007 τό
527 952 579 1008 τῶν
602 952 723 1009 πελατῶν
742 954 841 1021 πλῆθος
856 952 918 1031 διχη

134 1033 267 1112 μερισθὲν
292 1034 404 1116 ίκατίρῳ
422 1035 559 1097 συνίόαινε
576 1041 628 1097 τῶν
646 1039 773 1100 στάσεων.
814 1029 868 1100 Ἦν
891 1041 920 1099 δέ

133 1126 231 1180 τετοῦ
257 1121 401 1198 δημοτικοῦ
424 1124 501 1203 με’ρος
524 1128 572 1184 oda
599 1126 686 1201 ὀλίγον
707 1128 737 1185 tx
755 1131 807 1185 τῶν
826 1125 918 1185 νεωστί

133 1209 377 1288 προσεληλυθότων
392 1215 425 1289 τῇ
438 1211 596 1290 πολιτείη,δ
612 1213 654 1272 aab
667 1212 697 1273 τὸ
710 1213 819 1292 μηδενὸς
833 1215 918 1275 συνά-

135 1302 242 1376 ρασθαι
253 1300 292 1379 τῷ
303 1294 435 1376 Ῥωμύλῳ
447 1297 565 1378 πολέμου
575 1301 796 1380 παρημελημένον
812 1302 863 1362 θπδ
872 1308 916 1363 τοῦ

78 1405 106 1446 ευ
138 1382 806 1470 ἡγεμόνοςούτεγῆςείλιίρειμοῑρανούτ’ὠρελείας.
837 1391 917 1452 Τοῦτ’

135 1476 260 1533 ἀνέστιον
282 1473 329 1532 καί
342 1474 449 1553 πτωχὸν
464 1475 600 1552 ἀλώμενον
613 1477 705 1558 ίχθρδν
726 1480 756 1538 ίκ
776 1484 820 1539 τοῦ
836 1481 918 1560 ἀνάγ·

135 1560 218 1622 καίου
243 1571 298 1629 τοῖς
318 1562 465 1642 κρείττοσιν
484 1555 516 1637 ἥν
535 1565 581 1623 καί
596 1567 755 1647 νεωτερίζειν
779 1567 917 1644 ἑτοιμότα-

135 1674 197 1712 τον.
242 1651 290 1711 Ἐν
313 1650 422 1731 τοιούτῳ
445 1653 477 1724 δὴ
502 1651 614 1713 κλύδωνι
643 1654 678 1713 τά
704 1654 848 1735 πράγματα
870 1662 918 1729 τῆς

134 1742 244 1805 πόλεως
258 1737 393 1798 σαλεύονθ
415 1742 429 1797 ό
447 1739 540 1819 Νόμας
553 1741 729 1819 καταλαόὼν,
751 1746 854 1824 πρῶτον
870 1744 917 1822 μίν

82 1849 108 1886 ιο
136 1827 200 1894 τοὺς
227 1825 340 1907 ἀπόρους
360 1829 414 1885 τῶν
434 1828 556 1905 δημοτῶν
571 1827 694 1901 ἀνίλαόε,
720 1830 855 1908 διανείμας
871 1833 919 1890 αύ-

135 1922 191 1985 τοῖς
206 1918 251 1996 ἀφ’
272 1910 303 1991 ἧς
319 1916 457 1996 Ῥωμύλος
473 1917 598 1991 ίκίκτητο
618 1917 710 1999 χώρας
725 1918 770 1977 καὶ
799 1919 852 1978 ἀπὸ
871 1924 917 1991 τῆς

135 2006 269 2081 δημοσίας
279 2005 372 2085 μοῖράν
384 2007 433 2063 τιν’
445 2004 552 2082 ὀλίγην·
573 2007 665 2067 ἔπειτα
679 2004 737 2075 τούς
746 2007 912 2087 πατρικίους,

136 2094 216 2152 ὠδὶν
227 2093 275 2170 μίν
286 2094 444 2174 ἀφελόμενος
456 2084 492 2153 ὧν
503 2096 527 2154 at
538 2094 673 2161 κτίσαντες
683 2098 730 2167 τὴν
743 2095 818 2156 πόλιν
835 2095 919 2176 εὕρον-

136 2206 180 2257 το,
189 2191 244 2249 τοὶς
258 2182 281 2242 δ’
293 2182 405 2250 ίποίκοις
413 2182 503 2263 ἐτέρας
514 2181 586 2251 τινάς
596 2183 803 2262 ἀποδούςτιμάς,
817 2184 917 2244 ἔπαυσε

80 2296 109 2333 το
138 2269 357 2352 διαφερομίνους.
409 2271 603 2353 ’λρμοσάμενος
624 2271 652 2331 dd
670 2271 701 2331 εδ
723 2274 823 2345 πλῆθος
845 2272 916 2332 άπαν

136 2360 232 2438 ὥσπερ
245 2359 357 2437 ὄργανον
379 2361 444 2441 πρὸς
463 2359 509 2418 ἕνα
530 2357 576 2419 τόν
589 2364 633 2418 τοῦ
651 2364 724 2439 κοινῇ
742 2358 917 2441 συμφέροντος

137 2450 280 2525 λογισμόν,
295 2448 341 2507 καὶ
356 2451 403 2518 τῆς
416 2447 518 2516 πόλεως
540 2448 584 2506 τὀν
596 2448 734 2526 περίύολον
750 2448 864 2519 αὐξήσας
878 2452 916 2529 τῷ

138 2536 257 2616 Κυρινίῳ
280 2537 369 2618 λόρῳ*
394 2535 458 2601 τέως
482 2536 534 2615 γδρ
553 2536 590 2595 ἔτ’
612 2538 758 2616 ἀτείχιστος
782 2530 833 2608 ἦν·
857 2540 916 2597 τότε

137 2626 191 2682 τῶν
206 2623 295 2683 ἄλλων
317 2622 518 2700 πολιτευμάτων
531 2624 650 2697 ἥπτετο,
671 2623 717 2683 δύο
730 2631 815 2685 ταῦτα
829 2650 916 2706 πραγ·

80 2736 109 2773 ’.ο
137 2713 325 2792 ματευόμενος,
339 2702 377 2778 οἷς
388 2718 565 2789 κοσμηθεῖσαν
584 2712 771 2789 θπελάμόανεν
795 2711 852 2795 [ἀν]
869 2713 916 2786 τὴν

136 2803 217 2861 πόλιν
234 2802 378 2878 εὐδαίμονα
398 2798 553 2878 γενησεσθαι
569 2800 615 2859 καλ
630 2802 761 2878 μεγάλην·
778 2800 915 2862 εύσίόειαν

142 2890 192 2967 μὲν
214 2893 320 2969 πρῶτον
335 2887 466 2946 διδάσκων
490 2886 548 2955 τούς
571 2888 736 2970 ἀνθρώπους,
757 2889 798 2948 ότι
820 2894 917 2957 παντὸς

140 2982 242 3054 ἀγαθοῦ
267 2975 319 3035 θεολ
341 2976 448 3054 δοτῆρες
469 2975 519 3033 εἰσί
544 2979 577 3056 τῇ
597 2980 678 3054 θνητῇ
702 2976 778 3055 φύσει
797 2978 843 3038 καὶ
865 2981 915 3055 φύ-

134 3070 234 3137 λακες,
249 3066 338 3124 ἔπειτα
357 3062 539 3135 δικαιοσύνην,
564 3067 597 3124 δι’
610 3064 643 3136 ἣν
659 3065 705 3123 καὶ
730 3067 762 3126 cd
776 3067 850 3146 παρδι
863 3073 915 3128 τῶν

79 3178 107 3215 :n
137 3160 209 3214 θεῶν
223 3154 363 3232 ἀπέφαινεν
382 3154 469 3230 ἀγαθά
484 3152 566 3219 καλάς
578 3151 624 3221 τάς
636 3153 793 3222 ἀπολαύσεις
805 3155 914 3236 φέροντα

135 3252 194 3310 τοῖς
214 3242 396 3316 κτησαμένοις.

176 3332 282 3394 ΙιΧΙΙΙ.
293 3329 340 3397 Ἐξ
350 3321 387 3389 ἀιν
402 3330 429 3389 δὲ
442 3328 599 3410 διεπράξατο
605 3330 690 3408 νόμων
700 3354 728 3389 τε
738 3330 784 3390 καλ
798 3334 917 3391 πολιτεο·

135 3420 229 3494 μάτων
243 3418 366 3499 ἑκάτερον
380 3417 479 3477 τούτων
500 3419 536 3485 είς
551 3418 669 3499 μεγάλην
690 3419 806 3479 ἐπίδοσιν
820 3424 915 3500 προελ-

135 3507 320 3578 θεῖν,ἀπαντα
335 3505 383 3582 ab
393 3508 441 3565 οὐκ
458 3504 522 3574 ἀξιῶ
535 3507 659 3587 γράφειν,
670 3506 700 3566 τὸ
714 3509 797 3583 μῆκος
815 3507 915 3587 θῳορόι·

79 3613 107 3653 aa
136 3620 219 3675 μενος
236 3601 280 3654 τοῦ
307 3595 386 3673 λόγου
410 3594 456 3654 καλ
479 3594 593 3671 άμὀιἰδ’
620 3596 765 3675 ἀναγκαίαν
781 3599 847 3675 δρῶν
868 3598 915 3668 τὴν

136 3682 247 3767 γραφὴν
272 3687 354 3742 uteba
370 3683 542 3755 Ἑλληνικαῖς
569 3684 711 3764 ἱστορίαις*
740 3686 808 3742 αὐτὰ
833 3684 859 3742 δὲ
881 3684 916 3744 τά

137 3770 296 3851 κυριώτατα
319 3772 362 3830 καλ
385 3771 499 3852 ρανερδιν
529 3772 662 3850 δυνάμενα
689 3777 799 3844 ποιῆσαι
826 3782 915 3833 πᾶσαν

135 3862 188 3933 τὴν
205 3859 354 3940 προαίρεσιν
369 3867 416 3921 τοῦ
431 3860 523 3939 ἀνδρὸς
539 3860 582 3921 eat
608 3863 760 3942 κεφαλαίων
786 3864 852 3941 ἐρῶ,
867 3860 915 3933 τὴν

136 3949 225 4028 ἀρχὴν
250 3949 303 4007 ἀπὸ
322 3952 368 4020 τῆς
386 3948 448 4031 περὶ
461 3947 495 4007 τάι
509 3949 565 4007 θεῖα
580 3949 781 4024 διακοσμήσεως
800 3951 916 4020 ποιησά-

80 4064 110 4103 to
137 4060 224 4113 μενος.
265 4033 341 4097 Ὅσα
367 4034 414 4109 μίν
439 4026 483 4096 σύν
511 4036 561 4096 ὑπὸ
582 4035 722 4112 Ῥωμύλου
742 4037 863 4115 ταχθέντ’
887 4041 913 4097 ἐν

139 4127 258 4201 ἐθισμοῖς
268 4147 297 4183 τε
311 4124 357 4182 καὶ
370 4123 459 4200 νόμοις
469 4122 632 4201 παρέλαθεν,
648 4124 700 4182 ἀπὸ
715 4128 761 4182 τοῦ
774 4122 915 4202 κρατίστου

135 4213 263 4291 τετάχθαι
276 4210 355 4270 πάνθ’
370 4210 554 4290 ἡγησάμενος,
570 4210 611 4271 εία
622 4211 691 4270 κατά
711 4211 802 4293 χώραν
815 4212 915 4287 μένειν·

136 4302 187 4360 ὅσα
197 4299 220 4358 δ’
231 4302 276 4357 ὑπ’
292 4297 392 4359 ἐκείνου
403 4301 610 4382 παραλελεῖρθαι
625 4298 725 4372 ἐδόκει,
740 4306 824 4360 ταῦτα
834 4323 916 4378 προσ·

138 4391 230 4465 ετίθει,
258 4389 346 4448 πολλὰ
381 4388 429 4465 μίν
460 4387 613 4456 ἀποδεικνὺς
642 4388 737 4465 τεμίνη
760 4396 813 4454 τοῖς
834 4390 915 4466 μήπω

83 4510 110 4548 ης
137 4481 222 4553 τιμῶν
243 4479 404 4556 τυγχάνουσι
433 4478 517 4549 θεοῖς,
543 4475 655 4543 πολλοὺς
680 4475 707 4535 δὲ
738 4475 843 4555 βωμούς
870 4478 915 4537 καλ

137 4564 214 4631 raud<
235 4564 405 4644 ἱδρυόμενος,
427 4565 518 4645 ίορτάς
541 4563 565 4623 θ’
587 4564 691 4645 ἑκάστῳ
712 4566 797 4623 αὐτῶν
820 4565 915 4626 ἀτονί-

138 4678 207 4731 μων,
225 4654 272 4712 καλ
286 4650 346 4721 τούς
366 4653 606 4730 ἐπιμελησομένους
625 4654 711 4711 αὐτῶν
737 4654 815 4733 ίερεῖς
836 4659 913 4713 καθι-

137 4744 219 4819 στάς,
237 4741 344 4820 ἀγνείας
358 4764 386 4799 τε
411 4741 457 4799 καί
479 4741 619 4821 θρησκείας
639 4742 684 4800 καλ
705 4740 856 4819 καθαρμούς
869 4743 914 4802 καὶ

136 4834 183 4901 τδς
201 4833 284 4897 ἄλλας
308 4829 449 4911 θεραπείας
465 4832 510 4889 καί
534 4830 613 4907 τιμδις
628 4831 697 4890 πάνυ
718 4829 817 4895 πολλάς
831 4853 913 4908 νομο-

84 4942 113 4979 ιο
137 4925 232 4995 enm,
246 4916 376 4986 θοαςούθ’
391 4916 513 4989 Ἑλληνὶς
530 4916 590 4978 οὔτε
606 4918 739 4999 βάρόαρος
758 4917 812 4996 ἔχει
826 4920 911 4993 πολις,

137 5012 193 5072 οὐδ’
212 5009 242 5065 αἱ
257 5007 383 5083 με’γιστον
398 5009 441 5066 ἀπ’
461 5006 581 5088 εὐσεβείᾳ
595 5006 735 5088 φρονοῦσαί
750 5031 825 5093 ποτε.
864 5010 915 5068 Αὐ-

137 5101 182 5159 τόν
195 5121 224 5156 τε
246 5096 291 5155 τὸν
306 5093 447 5170 Ῥωμύλον
462 5101 498 5163 ὡς
509 5096 646 5177 κριίττυνα
661 5096 800 5175 γενόμενον
814 5095 831 5167 ἢ
843 5097 912 5156 κατά

135 5188 185 5259 τὴν
204 5183 305 5255 θνητὴν
321 5183 400 5262 φύσιν
423 5185 492 5263 ίεροθ
515 5190 667 5267 κατασκευῇ
682 5186 728 5244 καὶ
743 5186 843 5253 θυσίαις
860 5186 913 5244 διε-

134 5278 237 5351 τηαίοες
258 5271 334 5341 ίταξε
359 5275 471 5352 Κυρῖνον
494 5276 716 5351 ίπυνοιιαζόμενον
732 5273 909 5356 γεραίρεσθαι.

214 5391 331 5433 αεοιειειι.

1693 483 1750 542 ild

976 620 1095 670 Romulus
1107 634 1165 671 eum
1181 622 1252 671 Tatio
1273 622 1377 684 fecerat,
1392 635 1418 672 se
1437 636 1451 671 a
1471 624 1558 686 priscis
1578 625 1670 675 odonis
1689 625 1750 676 ciri-

975 724 1026 772 tate
1038 722 1158 784 donatos,
1184 726 1213 774 ut
1225 723 1278 787 pari
1294 724 1350 774 iure
1372 724 1520 785 fruerentur,
1542 727 1569 775 et
1585 725 1652 789 ipsos
1667 737 1751 789 parem

973 820 1076 882 gratiam
1093 821 1142 873 iltis
1164 823 1277 873 retulisse
1294 822 1423 874 dicebant.
1466 824 1529 874 (tum
1549 828 1632 875 autern
1653 829 1753 875 senatus

903 956 918 971 .
974 916 1123 983 dissideret,
1144 921 1199 986 ipsa
1220 935 1318 985 quoque
1338 923 1465 973 clientium
1486 924 1620 979 multitudo
1641 924 1751 975 bifariam

973 1016 1053 1069 divisa
1064 1021 1163 1085 utrique
1174 1036 1201 1074 se
1212 1024 1311 1074 factioni
1328 1024 1454 1075 adiunxit.
1486 1027 1546 1076 Erat
1555 1029 1639 1077 autem
1652 1031 1677 1078 et
1685 1039 1753 1092 ηοω·

971 1118 1030 1170 dam
1047 1120 1126 1185 plebis
1150 1136 1208 1187 para
1231 1137 1278 1174 non
1302 1138 1392 1188 parva,
1412 1138 1491 1189 nuper
1508 1128 1533 1175 in
1558 1125 1686 1178 civitatem
1707 1138 1750 1176 re-

972 1225 1058 1286 cepta,
1072 1237 1146 1288 quaa,
1166 1225 1233 1288 quod
1251 1224 1318 1275 nullo
1331 1226 1356 1274 in
1377 1225 1441 1277 bello
1455 1228 1587 1278 Romulum
1600 1227 1749 1290 adiuvisset,

972 1318 1060 1390 aduae
1070 1322 1178 1386 neglecta
1192 1336 1273 1386 neque
1291 1323 1343 1387 agri
1354 1327 1449 1387 partem
1460 1337 1540 1388 neque
1560 1325 1628 1375 aliud
1640 1337 1748 1375 commo·

972 1420 1033 1472 dum
1044 1428 1180 1491 acceperat,
1192 1414 1196 1421 ’
1213 1428 1274 1476 Haec
1287 1440 1357 1491 pars,
1370 1427 1460 1491 quippe
1473 1427 1525 1478 sine
1537 1427 1630 1478 laribus
1641 1432 1668 1479 et
1679 1441 1751 1478 men-

971 1520 1027 1570 dica
1040 1533 1141 1585 vagans,
1155 1523 1292 1574 necessario
1305 1523 1482 1587 potentioribus
1499 1527 1553 1575 erat
1568 1524 1667 1574 inimica
1681 1525 1749 1576 etad

971 1631 1012 1668 res
1025 1617 1150 1668 novandas
1161 1620 1324 1683 paratissima.
1346 1624 1426 1671 Numa
1439 1621 1513 1683 igitur
1523 1621 1699 1685 rempublicam
1707 1617 1752 1671 tali

973 1713 1121 1776 tempestate
1134 1715 1251 1765 laetatam
1265 1718 1366 1776 nactus,
1379 1717 1486 1780 primum
1504 1716 1604 1780 quidem
1620 1730 1710 1779 egeam
1719 1716 1751 1768 de

972 1811 1042 1875 plebe
1053 1813 1146 1875 refecit,
1162 1815 1215 1878 agri
1226 1819 1308 1880 parte,
1320 1829 1394 1880 quem
1408 1817 1527 1867 ltomulus
1541 1817 1698 1881 possederat,
1709 1817 1749 1868 iu-

972 1908 1155 1972 tereosdirisa‚
1163 1914 1189 1960 et
1200 1913 1361 1975 praeterendo
1373 1913 1471 1977 publico
1479 1913 1633 1979 agroaxigua
1643 1914 1750 1977 quadam

971 2002 1031 2067 ipsis
1052 2005 1164 2069 portione
1193 2008 1259 2058 data.
1292 2009 1386 2062 Deinde
1412 2010 1569 2074 patriciorum
1599 2010 1748 2064 discordiam

971 2099 1083 2164 sedarit,
1104 2102 1178 2152 nullis
1199 2103 1332 2154 honoribus
1359 2105 1477 2168 ademtis,
1500 2121 1562 2170 quos
1590 2107 1659 2157 urbis
1687 2119 1748 2157 eon·

971 2196 1064 2248 ditores
1078 2198 1160 2264 adepti
1181 2205 1266 2265 erant,
1289 2202 1332 2253 sed
1356 2205 1426 2255 novis
1441 2205 1533 2256 colonis
1546 2205 1602 2256 aliis
1614 2205 1749 2256 honoribus

970 2295 1105 2347 attributis.
1153 2299 1215 2348 Cum
1247 2305 1330 2351 autern
1365 2304 1444 2352 totam
1484 2304 1575 2354 ciuium
1604 2303 1744 2354 multitudi-

971 2405 1028 2442 nem
1051 2392 1119 2445 velut
1142 2394 1333 2448 instrumentum
1358 2398 1458 2462 abquod
1495 2400 1526 2450 ad
1549 2414 1622 2451 unam
1645 2400 1750 2464 publiea

972 2481 1088 2533 utilitatis
1109 2482 1330 2536 considerationem
1351 2488 1521 2549 informasset,
1544 2492 1568 2538 et
1586 2487 1654 2538 urbis
1668 2489 1749 2539 ambi-

971 2582 1024 2629 tum
1044 2581 1140 2632 adiecto
1160 2583 1221 2633 oolla
1248 2584 1369 2644 Quirinali
1389 2588 1503 2638 auxisset
1536 2587 1661 2649 (nondum
1683 2589 1749 2638 enim

969 2676 994 2725 is
1018 2676 1088 2727 collis
1109 2680 1220 2730 munitus
1244 2682 1311 2743 erat)
1331 2686 1385 2731 turn
1402 2683 1451 2733 alia
1473 2682 1614 2748 reipublice
1636 2683 1749 2734 instituta

971 2776 1053 2839 attigit
1067 2795 1074 2826 ι
1096 2776 1152 2828 lirae
1163 2777 1213 2828 duo
1227 2792 1316 2843 agens,
1329 2779 1420 2843 quibus
1440 2785 1552 2831 ornatam
1575 2780 1748 2845 rempublicam

969 2873 1067 2925 beatam
1085 2879 1111 2924 et
1128 2888 1241 2938 magnam
1257 2876 1308 2926 fore
1321 2876 1500 2928 existimabat:
1519 2878 1625 2942 primum
1646 2876 1747 2942 quidem

970 2969 1081 3021 homines
1101 2971 1217 3035 pietatem
1235 2972 1342 3032 docens,
1358 2974 1475 3039 qnoniam
1492 2973 1528 3025 dii
1540 2975 1650 3025 omniurn
1668 2974 1747 3025 bono-

970 3072 1147 3121 rumauntores
1165 3074 1191 3122 et
1201 3071 1318 3123 custodes
1331 3072 1440 3123 bumana
1454 3073 1639 3136 penetrassent,
1657 3072 1746 3123 delude

969 3164 1104 3227 iustitiam,
1125 3180 1168 3230 per
1182 3181 1258 3231 quam
1270 3167 1457 3220 demonstrabat
1479 3169 1550 3220 bonis
1573 3168 1691 3220 dirirdtus
1704 3182 1746 3220 ac·

969 3264 1048 3327 ceptis
1068 3264 1142 3315 licere
1161 3264 1222 3329 ipsis
1243 3265 1426 3330 possessoribus
1447 3266 1552 3316 honeste
1564 3266 1621 3316 frui.

1000 3359 1747 3424 Llllll.Quibusautemlegibusquibusqueinsfitutisutrum-

968 3459 1017 3509 que
1024 3446 1112 3497 borum
1120 3445 1226 3496 fundarit
1232 3450 1259 3497 et
1267 3446 1299 3496 ad
1306 3448 1403 3497 tantum
1413 3447 1587 3498 incrementum
1596 3448 1746 3513 provexerit,

969 3547 1000 3584 aa
1008 3547 1056 3583 non
1065 3534 1146 3584 omnia
1158 3535 1390 3597 seribendacenseo,
1399 3540 1424 3585 et
1432 3536 1490 3599 quia
1501 3549 1587 3587 vereor
1602 3550 1632 3585 ne
1643 3538 1745 3588 nimimn

969 3621 1062 3685 prolixa
1080 3621 1124 3670 fiat
1140 3622 1232 3681 oratio,
1255 3626 1279 3670 et
1293 3622 1353 3684 quia
1370 3621 1442 3671 video
1459 3635 1546 3686 parum
1562 3635 1616 3671 esse
1632 3635 1745 3673 necessa·
1816 3634 1821 3649 ¹

970 3707 1034 3757 rium
1061 3706 1115 3756 bac
1144 3708 1238 3757 Graece
1261 3707 1384 3768 historiar,
1409 3707 1452 3757 sed
1474 3720 1531 3770 quaa
1546 3708 1671 3772 praecipua
1688 3715 1746 3758 sunt

969 3801 1075 3853 qumque
1090 3790 1195 3851 possunt
1214 3787 1283 3838 iltius
1307 3787 1353 3836 viri
1374 3786 1498 3848 ingenium
1513 3787 1662 3850 patefacere,
1675 3802 1744 3837 sum-

969 3876 1054 3926 matim
1078 3876 1212 3937 attingam,
1233 3872 1302 3924 initio
1323 3872 1389 3923 facto
1414 3886 1431 3922 a
1450 3871 1527 3921 divim
1552 3871 1635 3922 cultus
1668 3874 1745 3923 ferina

968 3977 1044 4028 quam
1052 3962 1168 4015 instituit.
1202 3966 1363 4026 Quaecunque
1375 3957 1683 4024 igiturconsuetudineaut
1691 3958 1744 4023 lege

968 4053 1100 4103 altomulo
1119 4052 1254 4102 constituta
1270 4049 1378 4112 accepit,
1397 4062 1428 4098 ea
1448 4046 1530 4096 omnia
1548 4046 1640 4109 optime
1660 4046 1691 4096 ab
1713 4060 1743 4096 eo

968 4141 1101 4190 eonatituta
1123 4142 1202 4200 ratus,
1214 4140 1317 4190 immota
1326 4135 1425 4199 reliquit
1448 4154 1455 4184 ι
1475 4146 1629 4198 quacunque
1640 4147 1700 4183 vero
1712 4134 1744 4184 ab

967 4227 1010 4279 illo
1030 4227 1194 4291 praetermissa
1218 4224 1353 4276 arbitratus
1371 4226 1423 4284 est,
1444 4223 1499 4272 baec
1521 4221 1552 4272 da
1574 4234 1620 4271 suo
1640 4222 1742 4273 addidit.

966 4319 1029 4365 Nam
1050 4320 1076 4365 ot
1089 4315 1167 4365 multa
1178 4314 1266 4365 sacella
1283 4312 1375 4362 dicavit
1387 4312 1448 4375 diis,
1459 4311 1550 4374 quibus
1561 4309 1643 4361 nultus
1661 4310 1744 4360 adhue

967 4407 1046 4455 bonor
1069 4402 1169 4452 babitus
1195 4407 1263 4462 erat,
1289 4404 1316 4451 et
1336 4400 1425 4451 multas
1445 4413 1501 4450 aras
1523 4404 1549 4451 et
1568 4399 1659 4462 templa
1684 4412 1743 4450 oon·

967 4491 1042 4551 didit,
1062 4494 1088 4540 et
1108 4489 1181 4540 ferias
1207 4489 1339 4550 unicuique
1361 4500 1447 4538 eorum
1469 4485 1596 4545 attribuit,
1619 4488 1646 4535 at
1665 4499 1743 4537 saeer-

967 4581 1037 4631 dotes
1052 4578 1194 4638 constituit,
1216 4577 1259 4641 qui
1277 4589 1363 4648 eorum
1386 4589 1471 4625 euram
1492 4577 1615 4639 gererent,
1632 4576 1658 4623 et
1677 4574 1743 4637 leges

966 4666 1023 4717 tulit
1040 4665 1157 4730 plurimas
1175 4662 1207 4713 da
1227 4660 1401 4722 sanctimonia,
1423 4660 1583 4719 cerimoniis,
1601 4658 1730 4723 expiationi

968 4758 1015 4807 bus
1034 4755 1137 4817 aliisque
1153 4752 1243 4802 divinis
1256 4750 1364 4801 cultibus
1379 4754 1406 4801 et
1424 4748 1573 4809 honoribus,
1595 4752 1656 4811 quot
1675 4750 1742 4800 nulla

966 4847 1010 4893 aut
1027 4844 1112 4893 Graeca
1135 4842 1178 4890 aut
1202 4837 1306 4888 barbara
1330 4835 1420 4885 ciuitas
1446 4834 1535 4893 habet,
1561 4848 1592 4884 ne
1611 4834 1661 4885 ura
1684 4835 1740 4898 qui-

965 4931 1021 4980 dem
1045 4943 1102 4993 quaa
1114 4925 1237 4991 quondam
1253 4925 1351 4987 pietatis
1371 4922 1470 4971 nomine
1490 4921 1599 4971 maxima
1619 4934 1647 4970 so
1660 4920 1739 4973 iaeta-

966 5019 1034 5069 bant.
1068 5018 1152 5079 lpsum
1164 5025 1262 5078 quoque
1279 5008 1413 5061 nanuum
1424 5005 1519 5063 Quirini
1535 5007 1693 5070 cognomine,
1712 5014 1741 5060 ur

966 5106 1073 5156 bumana
1098 5104 1187 5152 natura
1215 5100 1285 5163 longe
1311 5094 1476 5160 augustiorem
1502 5093 1593 5155 tempto
1613 5098 1741 5147 exstructo

965 5198 991 5246 et
1016 5190 1143 5242 sacrifieiis
1163 5187 1251 5239 annuis
1276 5185 1323 5238 eoli
1348 5182 1430 5234 iussit.
1469 5179 1584 5231 Romanis
1608 5181 1674 5234 eatm
1693 5184 1740 5233 ad·

965 5280 1014 5331 buc
1028 5276 1215 5338 dubitantibus,
1229 5279 1315 5328 utrum
1335 5271 1419 5325 divina
1436 5267 1589 5337 previdentia
1609 5283 1640 5319 an
1653 5270 1740 5320 fruma·

1631 5369 1647 5415 θ
