3980 5936
220 440 279 505 586

221 604 235 631 n
249 578 301 657 γάρ
318 577 413 656 βουλῆς
435 574 522 652 δόγμα
547 577 617 651 ipa<
637 573 727 633 οθκέτι
747 572 932 633 ἀποδείκνυσιν
955 572 999 633 ἐπὶ

222 693 238 720 ι
250 665 298 736 τὴν
312 662 413 743 ἀρχὴν,
427 660 486 721 οὔτε
499 665 527 721 αἱ
541 661 655 742 ρροίτραι
668 660 716 732 rba
739 665 827 744 ψ’ἥρον
844 662 911 741 θπδρ
925 665 1000 738 ὑμῶν

223 755 436 836 «ἐπιφέρουσιν,
458 749 519 811 οὔτε
541 748 601 831 lepis
624 750 766 831 προθύεται
783 759 839 818 τοῖς
859 759 927 818 θεοῖς
948 749 1000 830 πρὸ

224 870 237 896 ι
253 847 303 901 τῶν
323 843 512 922 ἀρχαιρεσιῶν,
530 839 547 898 δ
564 840 633 899 κατὰ
646 839 740 917 νόμους
754 842 834 919 έχρῆν
852 840 1001 899 ἐπιτελεῖσ-

224 957 237 982 n
252 935 306 1001 θαι,
323 928 382 989 ούτε
397 928 462 987 ἄλλο
475 932 527 987 τῶν
541 926 605 1006 πρὸς
620 925 679 993 τοὺς
689 926 761 994 θεοὺς
775 926 890 987 εθοεόῶν
906 925 923 999 ἢ
938 927 1001 1006 πρθς

224 1046 236 1071 ιι
253 1016 405 1098 ἀνθρώπους
419 1016 501 1076 θσίων
511 1011 585 1073 οθθάν
600 1014 644 1074 ἐπί
655 1019 703 1086 τῆς
713 1019 798 1095 ἀρχῆς
813 1018 860 1086 τῆς
871 1014 1002 1096 ὑμετέρας

224 1136 237 1159 n
253 1109 364 1188 γίνεται.
382 1105 461 1172 Τίνος
474 1089 521 1164 οὗν
534 1107 596 1182 ὑμῖν
607 1102 646 1162 έτι
668 1102 775 1179 μέτεστι
796 1107 847 1162 τῶν
863 1103 1000 1185 ἱερῶνκαὶ

224 1223 237 1249 υ
253 1196 388 1272 σεόασμοῦ
414 1195 561 1273 δεομένων,
584 1181 621 1251 ῶν
646 1190 675 1251 έν
705 1216 730 1250 τι
754 1194 799 1251 καὶ
821 1192 928 1270 θνόμος
954 1183 1000 1266 ἦν,

224 1313 237 1337 ιι
253 1283 470 1364 έξαρνησαμένοις
494 1280 599 1340 ἅπαντα
624 1279 659 1338 τθ
680 1280 830 1356 νόμιμος»
854 1280 949 1341 Ταῦτά
973 1303 1001 1338 τε

172 1403 198 1442 10
225 1374 257 1445 δὴ
268 1383 320 1441 τοῖς
335 1372 482 1453 δημάρχοις
503 1370 592 1451 ἔλεγον
607 1371 632 1430 οἱ
648 1369 821 1450 πρεσόύτεροι
840 1368 886 1428 καὶ
910 1370 934 1428 οἳ
949 1368 1001 1427 νέοι

225 1464 312 1522 αθτῶν
332 1463 400 1520 κατά
425 1462 541 1539 ἑταιρίας
564 1456 699 1527 διεξιόντες
716 1457 766 1514 ἀνά
789 1457 838 1529 τὴν
853 1455 939 1529 πόλιν,
956 1458 1002 1516 καλ

224 1548 282 1617 rob:
304 1550 351 1627 μὲν
373 1548 579 1626 ἐπιεικεστέρους
597 1550 649 1605 τῶν
662 1547 785 1621 δημοτῶν
803 1543 918 1622 ὁμιλίαις
940 1545 1002 1603 ἀνε-

224 1638 361 1716 λέμόανον
377 1636 597 1718 κεχαρισμέναις,
615 1634 674 1702 τούς
688 1636 714 1693 δ’
728 1635 843 1701 ἀπειθεῖς
852 1634 899 1692 καλ
919 1657 1002 1714 ταρα-

225 1726 319 1805 χώδεις
333 1727 454 1792 ἀπειλαῖς
465 1723 678 1795 κατεπλήττοντο
692 1723 833 1794 κινδύνων,
848 1723 871 1780 εἰ
894 1718 932 1800 μὴ
948 1745 1001 1781 σοι·

172 1850 197 1889 lt
225 1813 394 1896 ρρονήσειαν·
410 1814 462 1886 ἤδη
474 1812 502 1872 δέ
514 1836 585 1880 τινας
594 1815 646 1872 τῶν
661 1813 731 1871 πάνυ
745 1813 852 1890 ἀπόρων
861 1812 907 1870 καὶ
917 1813 1003 1891 οἷπερ·

226 1901 360 1980 ριμμένων
370 1950 377 1964 .
389 1892 426 1969 οἷς
436 1900 537 1970 οὖθενδς
551 1904 602 1960 τῶν
617 1904 710 1960 κοινῶν
720 1899 792 1978 παρά
803 1900 837 1959 τδι
851 1899 906 1959 ίδια
921 1902 1002 1981 κέρδη

225 1992 329 2070 ρροντλς
342 1982 390 2064 ἦν,
411 1988 532 2058 παίοντες
555 1986 647 2069 ὥσπερ
663 1988 814 2069 ἀνδράποδα
837 1989 957 2069 ἀνεῖργον
973 1991 1003 2048 ἐκ

224 2082 271 2150 τῆς
291 2082 399 2160 ἀγορᾶς.

265 2169 300 2227 V.
323 2166 356 2230 Ὁ
377 2166 405 2226 δὲ
424 2166 562 2233 πλείστοις
576 2188 605 2223 τε
626 2163 687 2244 περὶ
703 2163 780 2224 αὑτὸν
802 2164 871 2245 ἔχων
886 2163 1003 2243 ἑταίρους

172 2280 200 2317 ου
226 2256 271 2313 καὶ
296 2255 418 2335 μέγιστον
446 2256 498 2314 τῶν
526 2254 585 2313 τότε
613 2252 678 2312 νέων
713 2252 856 2327 δονοίμενος
894 2251 1002 2312 Καίσων

228 2335 347 2413 Κοίντιος
364 2336 411 2418 ἦν,
437 2344 490 2411 υἱὸς
505 2342 618 2405 Λευκίου
640 2342 762 2402 Kaisariou
777 2348 822 2400 τού
839 2341 1003 2418 καλουμένου

229 2434 398 2507 Κικιννοίτου,
420 2422 528 2515 ᾧγίνος
548 2433 573 2490 τ’
590 2423 622 2505 ἦν
640 2430 762 2512 έπιρανὲς
788 2430 833 2488 καὶ
849 2429 905 2510 βίος
928 2432 1002 2489 οὐδε·

226 2521 268 2590 ab<
282 2522 412 2602 δεύτερος,
436 2520 502 2601 ἀνὴρ
525 2523 639 2602 δοθῆναί
657 2543 687 2580 τε
708 2519 850 2587 κάλλιστος
868 2516 932 2577 νίοιν
956 2519 1004 2578 καλ

226 2611 259 2671 τά
271 2611 386 2690 πολέμια
403 2611 509 2670 πόντων
532 2608 721 2691 λαμπρότατος
732 2607 807 2688 ρύσει
830 2629 859 2665 τε
881 2606 941 2686 περί
955 2607 1003 2667 λύ-

173 2709 199 2748 ‘2t
226 2724 286 2777 γους
300 2700 463 2781 κεχρημένος
482 2702 585 2778 ἀγαθῇ·
605 2697 632 2766 θς
651 2700 678 2757 έν
692 2701 731 2777 τῷ
749 2695 807 2756 τότε
821 2694 909 2776 χρόνῳ
923 2696 1004 2765 πολὺς

227 2790 294 2904 ἔρρει
312 2789 383 2850 κατδι
404 2792 455 2847 τῶν
470 2789 635 2865 δημοτικῶν,
659 2785 718 2846 οὕτε
733 2785 817 2861 λόγιον
832 2783 1002 2866 ρειδόμενος,

226 2903 262 2937 ων
282 2877 348 2956 βαρθ
361 2879 414 2942 τοῖς
438 2875 580 2955 ἐλευθέροις
604 2872 728 2952 ἀκούειν,
752 2873 811 2934 οὔτε
834 2873 917 2954 ἔργων
939 2877 1004 2933 οἷκο-

226 2965 326 3026 λούθων
340 2965 393 3032 τοῖς
406 2964 493 3043 λόγοις
506 2962 681 3043 ἀπεχόμενος.
723 2965 760 3023 Οἱ
774 2962 823 3039 μὲν
841 2953 886 3022 oio
903 2963 1002 3041 πατρί-

227 3078 280 3115 κιοι
294 3052 381 3133 τίμιον
398 3052 476 3111 αθτδν
492 3052 535 3111 iul
549 3051 650 3116 τούτοις
669 3041 751 3129 ἦγον,
768 3050 814 3109 καί
829 3051 916 3125 μένειν
929 3051 1002 3133 παρὰ

174 3158 200 3196 ,νο
227 3141 261 3200 et
275 3141 346 3200 δεινά
367 3137 468 3217 ἠξίουν,
493 3138 568 3196 αὐτοὶ
594 3136 714 3217 παρέξειν
736 3137 767 3197 τὸ
789 3136 905 3219 ἀσφαλὲς
926 3141 1004 3198 ὑπισ-

226 3230 382 3312 χνούμενοι·
399 3230 422 3286 οἱ
442 3229 464 3285 δ’
482 3231 512 3287 ἐκ
532 3230 577 3284 τοῦ
597 3224 682 3303 δήμου
703 3226 809 3285 πόντων
830 3225 862 3299 δὴ
886 3229 1003 3305 μάλιστα

228 3319 306 3380 αὐτὸν
324 3316 468 3399 ἀνθρώπων
485 3316 600 3394 ἐμίσουν.
642 3318 669 3376 '1’
670 3321 745 3375 οῦτοι
763 3314 808 3375 Ιτθν
830 3316 911 3397 ἀνδρα
926 3317 1004 3396 ἔγνω-

228 3432 277 3469 σαν
299 3411 323 3467 ol
343 3407 479 3486 δήμαρχοι
504 3408 609 3486 πρῶτον
630 3398 748 3464 turoldo
773 3406 950 3480 ποιήσασθαι,
969 3412 1004 3478 ὡς

227 3495 457 3573 καταπληξόμενοι
479 3495 537 3563 τοὺς
558 3493 664 3563 λοιποθς
679 3497 732 3553 τῶν
745 3495 811 3555 νέων
837 3496 882 3556 καὶ
903 3520 1003 3576 προσα·

93 3608 94 3611 ’
163 3570 207 3629 ⁸³5
227 3585 403 3665 ναγκοίσοντες
418 3589 571 3666 σωρρονεῖν.
615 3585 723 3653 Γνόντες
738 3584 766 3644 δέ
787 3591 872 3645 ταῦτα
895 3587 941 3647 καί
955 3611 1004 3647 πα·

229 3676 457 3758 ρασκεοασοίμενοι
479 3673 571 3753 λόγους
587 3676 616 3733 τε
640 3674 685 3734 καλ
706 3675 840 3756 μάρτυρας
869 3676 1002 3755 πολλοὺς,

228 3765 376 3845 είσοίγουσιν
399 3765 476 3824 αθτδν
497 3763 548 3822 tub
573 3763 650 3834 δίκην
674 3764 837 3838 ἀδικήματος
862 3766 1005 3842 δημοσίου,

227 3854 340 3914 θανοίτου
350 3854 526 3932 τιμησάμενοι
539 3851 587 3926 τὴν
603 3852 688 3923 δίκην.
732 3853 964 3932 Παραγγείλαντες
978 3858 1005 3916 δέ

228 3944 299 4023 αὐτῷ
312 3950 446 4022 ’παρεῖναι
470 3942 536 4021 πρὸς
559 3942 603 3999 τὸν
621 3941 718 4017 δῆμον,
744 3942 834 4012 ἐπειδὴ
858 3945 972 4014 καθῆκεν
991 3950 1006 4004 b

174 4052 202 4092 tu
228 4030 334 4111 χρόνος,
356 4032 384 4090 δν
398 4030 490 4099 ἔταξαν
505 4034 538 4109 τῇ
553 4030 632 4108 δίκη,
655 4029 843 4108 συναγαγόντες
861 4032 1005 4102 ἐκκλησίαν

229 4118 346 4198 μακροὺς
368 4119 524 4190 ἐποιήσαντο
548 4121 607 4176 κατ’
632 4118 712 4176 αὐτοῦ
731 4117 842 4195 λόγους,
868 4118 1005 4188 διεξιόντες

228 4207 277 4268 ὅσα
292 4207 336 4286 βίᾳ
353 4206 578 4286 διαπεπραγμένος
595 4203 739 4286 ἐτύγχανεν
756 4209 790 4271 εἷς
805 4204 863 4272 τοὺς
877 4208 1004 4286 δημότας,

228 4287 265 4356 ῶν
275 4294 334 4361 τοθς
345 4295 506 4362 πεπονθότας
521 4293 613 4362 αὐτοὺς
631 4298 751 4375 παρῆγον
767 4295 911 4375 μοίρτυρας.
956 4297 1005 4366 Ὦς

230 4384 257 4445 δὲ
271 4382 429 4463 παρέδωκαν
445 4382 489 4442 τδν
500 4380 593 4460 λόγον,
609 4382 672 4442 αθτδ
697 4381 745 4460 μέν
760 4384 790 4444 τὸ
807 4376 942 4464 μειροίκιον
957 4390 1006 4468 οὐχ

177 4492 204 4530 ιι
229 4476 345 4545 ὑπήκουε
365 4472 527 4548 καλούμενον
547 4470 591 4530 tul
612 4471 660 4542 salu
678 4471 838 4551 ἀπολογίαν,
859 4474 919 4534 ἀλλ’
932 4477 1005 4547 ἠξίου

228 4564 280 4630 τοῖς
296 4562 413 4629 ἰδιώταις
439 4563 526 4628 αθτοῗς
553 4559 619 4642 ύπέρ
633 4552 670 4621 ῶν
691 4565 805 4642 ᾐτιῶντο
827 4566 1005 4626 nebrissensi

137 4702 141 4715 ,
228 4651 272 4712 τδν
287 4652 368 4728 νόμον
385 4651 492 4732 ὑπέχειν
518 4649 608 4723 δίκας,
632 4651 739 4710 ἐπὶτῶν
760 4651 867 4711 ύπύτιον
883 4658 929 4725 τῆς
945 4654 1005 4735 xpi.

228 4766 295 4808 σιως
309 4741 462 4820 γινομένης·
478 4745 491 4799 θ
518 4740 545 4799 δὲ
565 4738 653 4822 πατὴρ
675 4741 755 4799 αύτού
770 4742 894 4819 χαλεπῶς
909 4740 1003 4823 ρέρον-

228 4855 274 4898 τοις
294 4831 342 4900 τλν
366 4830 505 4889 αὐθάδειαν
533 4835 579 4889 τοῦ
603 4829 740 4909 μειρακίου
765 4827 824 4898 τοὺς
848 4830 1006 4906 δημοτικοὺς

176 4941 203 4981 ου
230 4923 314 5000 ὁρῶν,
326 4920 481 4998 ἀπελογεῖτο
493 4918 527 4977 τά
540 4919 690 4997 μθνπολλά
703 4919 787 5000 ψευδῆ
799 4943 829 4979 τε
845 4919 890 4978 καί
904 4919 931 4988 ἐξ
946 4921 1006 4981 ἀπι-

231 5010 326 5079 croit<
340 5009 500 5086 συγκείμενα
516 5007 585 5066 κατδι
598 5012 644 5066 τοῦ
660 5008 753 5074 παιδὸς
774 5008 939 5077 ἀποδεικνύς·
956 5007 1005 5069 όσα

231 5096 258 5153 ii
277 5097 324 5154 οθκ
346 5098 404 5166 ἐνῆν
420 5095 585 5177 ἀρνήσασθαι
608 5095 690 5174 μικρδι
712 5096 758 5154 κοιλ
782 5100 870 5176 ραῧλα
895 5098 941 5157 καὶ
960 5101 1006 5157 οὒκ

231 5181 290 5250 ἄξια
308 5183 436 5257 δημοσίας
459 5186 538 5265 ἀργῆς
552 5175 619 5243 εἶναι
636 5185 737 5261 λέγων,
751 5184 796 5242 καὶ
809 5185 868 5244 ουδὲ
880 5191 965 5244 ταῦτα
980 5186 1006 5256 ἐξ

232 5268 371 5340 ἑπιόουλῆς
393 5268 460 5343 ἤθε’
481 5271 574 5350 θόριν,
590 5274 648 5332 ἀλλ’
669 5273 721 5331 ὑπὸ
741 5273 892 5354 ριλοτιμίας
909 5296 1005 5354 μειρα-

744 440 918 501 bibitisn
941 434 1324 500 flliicARNAssENsts

1050 598 1068 625 ιι
1082 580 1196 631 consulto
1210 579 1278 629 hone
1287 576 1461 641 menstratum
1473 573 1602 638 accipitis,
1617 587 1698 638 neque
1714 573 1846 626 οεοῖιῑτίε-

1055 690 1067 713 α
1083 670 1130 721 tim
1141 669 1173 720 de
1188 670 1261 720 robis
1276 668 1395 732 sutfragia
1411 667 1537 727 tuantur,
1551 667 1664 716 necante
1676 665 1778 715 comitia
1790 664 1845 716 diis

1054 780 1068 805 ι
1085 760 1311 821 uaticinantis,
1322 773 1380 825 quas
1394 773 1425 811 ex
1443 758 1539 823 legibus
1553 759 1636 824 atqua
1645 770 1677 809 es
1688 760 1749 823 ipso
1761 770 1845 809 orare

1056 874 1068 899 ι
1082 854 1193 906 iacienda
1203 857 1300 915 essent,
1313 852 1421 917 deniqne
1435 850 1497 901 nibil
1517 850 1626 909 omniuo,
1644 852 1689 899 aut
1697 850 1768 914 pium
1781 863 1845 914 erga

1056 966 1069 989 ι
1083 945 1151 1006 deos,
1165 948 1208 996 aut
1218 948 1331 995 sanctum
1345 956 1405 1005 erga
1414 940 1541 1002 homines,
1551 940 1577 991 in
1589 943 1675 990 vestro
1692 939 1845 1004 magistratu

1056 1056 1069 1080 α
1083 1036 1120 1088 tlt.
1138 1037 1204 1096 Quid
1222 1036 1300 1101 igitur
1326 1034 1433 1098 amplius
1455 1033 1488 1083 ad
1512 1047 1559 1084 ros
1574 1033 1701 1098 pertinent
1723 1047 1769 1093 ea,
1782 1046 1845 1096 quar

1056 1148 1068 1171 ε
1086 1128 1194 1193 indigent
1211 1132 1237 1179 et
1252 1124 1381 1177 sacrifieiis
1394 1128 1421 1176 et
1441 1123 1511 1175 cultu
1524 1137 1607 1185 sacro,
1625 1123 1690 1173 iuter
1706 1135 1764 1187 quar
1782 1136 1845 1172 cen·

1056 1240 1069 1264 ι
1084 1225 1168 1271 sentur
1179 1224 1206 1271 et
1229 1220 1290 1284 ipsa
1305 1219 1388 1281 leges3
1403 1217 1526 1280 siquidem
1545 1230 1630 1266 οιιιιιεε
1646 1217 1714 1281 leges
1731 1219 1847 1267 contem-

1058 1331 1070 1355 ιι
1086 1311 1163 1361 nitist
1177 1332 1190 1355 n
1205 1313 1266 1361 Hac
1279 1311 1387 1361 seniores
1402 1311 1429 1359 el
1450 1308 1559 1360 iuniores
1572 1308 1676 1373 parunt,
1694 1323 1755 1359 cum
1769 1307 1847 1358 scdn.

1055 1402 1115 1452 liliis
1139 1416 1182 1467 per
1200 1403 1287 1452 urbem
1311 1404 1494 1462 commeantes,
1516 1399 1625 1451 tribunis
1644 1399 1772 1451 dicebant.
1804 1398 1847 1450 sd

1056 1495 1112 1546 hec
1124 1495 1192 1546 eires
1203 1494 1325 1559 equiores
1340 1493 1437 1545 blandis
1451 1493 1568 1558 alloquiis
1580 1495 1734 1553 mulcebant,
1745 1492 1844 1543 retrac-

1056 1587 1134 1638 tarios
1144 1599 1203 1636 vero
1214 1588 1241 1636 et
1257 1584 1415 1636 turbulentos
1431 1585 1505 1637 minis
1521 1585 1688 1650 periculorum
1705 1585 1847 1645 terrebant,

1056 1679 1104 1729 nisi
1122 1682 1237 1741 saperent
1248 1691 1278 1727 ac
1291 1675 1403 1727 modeste
1421 1690 1448 1727 se
1474 1680 1588 1741 gererent
1611 1676 1753 1735 Quinetiam
1768 1690 1848 1743 quos·

1056 1776 1115 1828 dam
1126 1776 1296 1841 pauperrimos
1307 1777 1334 1825 et
1347 1774 1440 1825 intima
1453 1773 1615 1835 conditionis,
1634 1773 1763 1833 homines,
1784 1774 1848 1836 qui-

1057 1873 1105 1923 bus
1118 1870 1216 1935 privetu
1229 1869 1361 1920 commoda
1372 1869 1443 1933 longe
1454 1866 1593 1931 antiquiora
1607 1870 1693 1931 crant,
1707 1879 1785 1930 quarn
1798 1865 1851 1917 rei·

1057 1959 1172 2027 publicas,
1185 1958 1296 2023 pulsatos
1308 1958 1379 2007 velut
1392 1954 1539 2020 mancipiae
1552 1957 1606 2006 toro
1620 1956 1749 2007 mcebant

1088 2177 1118 2224 v.
1131 2173 1181 2231 Qui
1194 2186 1257 2222 vero
1270 2171 1389 2236 plurim
1398 2169 1497 2221 sodales
1507 2171 1575 2219 circa
1586 2183 1614 2220 se
1631 2169 1744 2229 habebat,
1755 2174 1781 2219 ei
1795 2170 1848 2234 qui

1058 2264 1192 2328 plurimum
1210 2265 1309 2325 potarat
1323 2262 1389 2312 inter
1397 2274 1484 2311 omues
1497 2259 1563 2310 illins
1576 2258 1655 2309 seculi
1668 2259 1780 2317 iuniores,
1794 2258 1846 2320 qui

1057 2351 1083 2402 in
1104 2351 1165 2401 urbe
1188 2354 1266 2410 crant,
1291 2350 1313 2400 is
1327 2353 1382 2400 erat
1393 2350 1465 2400 Caso
1478 2347 1604 2407 Quintius,
1625 2350 1652 2397 L.
1672 2345 1761 2403 Quintil
1776 2346 1842 2396 Gin-

1057 2439 1149 2491 ctnnati
1173 2438 1248 2499 tilius,
1268 2438 1342 2499 nobili
1353 2451 1442 2503 genere
1460 2440 1540 2497 ortus,
1558 2438 1584 2486 et
1608 2434 1761 2486 tacultatibus
1774 2435 1845 2487 nulli

1057 2529 1191 2590 secundus,
1207 2528 1244 2577 rir
1255 2527 1374 2592 adspectu
1388 2525 1502 2577 iurenum
1515 2524 1702 2591 pulcherrimus,
1713 2528 1739 2574 el
1749 2524 1847 2575 bellica

1058 2615 1152 2666 virtute
1162 2614 1227 2665 iuter
1241 2617 1345 2664 caeteros
1357 2627 1444 2664 omues
1457 2613 1528 2675 longe
1539 2613 1698 2677 conspicuus,
1710 2616 1736 2662 et
1745 2612 1849 2672 maenio

1058 2703 1090 2753 ad
1102 2701 1235 2753 dicendum
1249 2700 1315 2752 teliei
1331 2702 1392 2766 :qui
1404 2704 1466 2751 tunc
1477 2699 1671 2751 vehementerin
1686 2698 1797 2764 plebeios
1806 2708 1850 2754 est

1058 2792 1181 2851 invectus,
1193 2801 1239 2840 neo
1249 2788 1357 2839 acerbis
1373 2792 1522 2853 temperans,
1538 2800 1595 2850 quas
1609 2786 1693 2837 liberis
1702 2787 1849 2841 hominibus

1059 2882 1148 2933 auditu
1157 2885 1216 2931 sunt
1226 2881 1339 2941 molesta,
1353 2893 1422 2930 neca
1436 2880 1508 2930 tactis
1521 2878 1627 2929 orationi
1638 2882 1850 2943 respondentibus

1060 2970 1193 3020 abstinens.
1226 2969 1325 3019 Patricii
1347 2972 1477 3034 propterea
1493 2981 1553 3018 enm
1572 2969 1598 3017 in
1620 2968 1849 3033 magnohabelrant

1060 3062 1140 3126 pretio
1161 3064 1195 3123 et,
1212 3061 1355 3127 pollicentes
1368 3074 1395 3113 sc
1412 3060 1446 3111 illi
1463 3060 1658 3112 incolumitatem
1677 3063 1848 3127 praestituros,

1060 3152 1152 3215 rogant
1164 3150 1193 3199 ut
1215 3149 1242 3199 in
1254 3150 1371 3215 periculis
1389 3148 1541 3200 sustinendis
1552 3154 1728 3214 perseveraret
1744 3172 1752 3202 :
1768 3152 1850 3215 plebei

1060 3239 1179 3288 econtra
1197 3249 1254 3287 eum
1281 3236 1390 3286 maxirno
1408 3235 1466 3286 odio
1486 3236 1709 3301 pmsequebantur.
1744 3238 1850 3292 nuum

1061 3326 1137 3391 igitur
1153 3339 1212 3377 eum
1226 3325 1257 3375 de
1275 3324 1359 3375 medio
1373 3324 1461 3375 tollere
1480 3324 1655 3389 decreverunt,
1672 3330 1803 3390 sperantes
1819 3343 1849 3381 se

1061 3419 1108 3469 Ιιοο
1122 3418 1298 3483 pactocoeteris
1312 3414 1450 3467 iunioribus
1460 3420 1583 3469 terrorem
1594 3419 1747 3480 incussuros,
1763 3424 1789 3471 et
1801 3434 1848 3472 ne·

1060 3509 1203 3561 cessitatem
1217 3506 1355 3558 modestius
1372 3521 1399 3557 se
1413 3507 1515 3572 gerendi
1527 3509 1589 3572 ipsis
1598 3510 1766 3573 imposituros
1798 3513 1848 3563 liis

1060 3603 1168 3653 clametis
1189 3605 1217 3654 et
1230 3601 1340 3652 oratione
1358 3600 1514 3664 testibusque
1540 3600 1626 3651 multis
1646 3603 1750 3666 paratis,
1778 3603 1848 3657 laesae

1060 3694 1203 3758 reipublice
1226 3706 1284 3743 eum
1308 3695 1474 3767 accusarunt,
1494 3691 1564 3743 litem
1584 3692 1664 3756 capite
1680 3680 1860 3747 estanores(

1060 3786 1141 3847 Atque
1153 3783 1194 3834 die
1203 3782 1237 3833 illi
1248 3782 1325 3840 dicta,
1338 3794 1388 3844 qua
1397 3793 1510 3831 caussam
1521 3780 1588 3845 apud
1598 3781 1717 3845 populum
1730 3781 1826 3836 diceret
1839 3801 1847 3834 :

1060 3870 1104 3921 ubi
1117 3885 1146 3921 ea
1159 3869 1226 3920 renit
1247 3869 1438 3929 illicitamenta
1457 3868 1589 3927 concione,
1605 3866 1677 3931 longa
1688 3870 1848 3923 accusatione

1059 3962 1084 4013 in
1098 3973 1156 4011 eum
1177 3957 1353 4017 molimenti,
1372 3960 1547 4008 enumerantes
1563 3956 1671 4008 violenta
1685 3958 1741 4009 eius
1752 3954 1777 4009 in
1789 3960 1845 4024 ple·

1059 4049 1128 4101 belos
1148 4047 1268 4109 facinora,
1286 4061 1393 4111 quorum
1417 4050 1494 4096 testes
1511 4044 1681 4110 producebant
1705 4046 1762 4096 illos
1778 4047 1849 4111 ipsos

1059 4135 1390 4201 quiinjuriamacceperant.
1426 4132 1531 4195 Deinde,
1547 4132 1644 4182 tactaci
1654 4130 1752 4182 dicendi
1765 4134 1847 4198 copia,

1059 4224 1112 4288 ipse
1132 4223 1230 4273 iuvenis
1244 4223 1336 4273 citatus
1348 4219 1380 4270 acl
1398 4233 1513 4270 caussam
1526 4218 1657 4269 dicendam
1670 4219 1755 4269 venire
1774 4220 1849 4271 nole·

1061 4311 1118 4361 bat:
1133 4309 1178 4361 scd
1189 4309 1289 4361 volebat
1302 4309 1361 4374 ipsis
1372 4308 1476 4372 privatis
1488 4307 1595 4369 civibus,
1605 4304 1651 4372 pro
1660 4307 1772 4372 iniuriis,
1782 4324 1847 4373 quus

1060 4398 1107 4448 sibi
1129 4397 1210 4447 illatas
1231 4396 1410 4460 querebantur,
1426 4394 1459 4445 ad
1472 4395 1581 4445 consulis
1602 4393 1725 4467 tribunal,
1748 4410 1848 4450 caussas

1060 4491 1198 4553 cognitione
1212 4488 1306 4553 judicic
1318 4502 1405 4538 eorum
1419 4487 1561 4549 commissa,
1573 4499 1603 4537 ex
1629 4485 1728 4551 legibus
1743 4489 1849 4539 satista-

1061 4591 1125 4628 cere.
1139 4579 1204 4626 Tum
1215 4578 1284 4640 pater
1297 4574 1360 4635 eius,
1372 4573 1457 4624 ridens
1464 4572 1560 4638 plebem
1570 4572 1667 4624 iuvenis
1677 4573 1849 4637 pervicaciam

1060 4667 1146 4731 iniquo
1161 4665 1245 4716 animo
1259 4665 1337 4726 terre,
1354 4678 1410 4715 eum
1423 4663 1543 4729 purgabat
1557 4666 1583 4713 et
1599 4663 1714 4727 pleraque
1729 4664 1848 4717 crimina.

1061 4763 1090 4810 ut
1101 4759 1163 4810 talsa
1180 4760 1206 4810 et
1217 4756 1322 4808 conticis
1340 4756 1459 4809 insidiose
1473 4757 1497 4807 in
1512 4757 1603 4818 tilium,
1622 4756 1771 4807 refellebat:
1788 4772 1848 4821 qum

1061 4860 1120 4897 vero
1134 4844 1237 4897 inficiari
1257 4858 1307 4895 nou
1322 4846 1435 4909 poterat,
1456 4858 1533 4909 parra
1557 4858 1585 4893 ea
1597 4848 1623 4894 et
1640 4844 1720 4895 inania
1743 4858 1790 4896 nec
1809 4846 1848 4897 ira

1061 4949 1092 4986 ac
1104 4936 1290 5000 indiscretione
1315 4934 1415 4999 publica
1429 4934 1503 4998 digna
1525 4933 1636 4994 dicebat,
1661 4936 1689 4985 et
1703 4947 1736 4985 ne
1748 4948 1780 4986 ea
1793 4935 1849 5000 qui·

1060 5024 1118 5074 dem
1136 5036 1180 5088 per
1200 5023 1310 5083 insidias,
1332 5025 1375 5072 aut
1400 5021 1589 5081 contumellam,
1607 5021 1652 5072 sed
1675 5020 1794 5073 iuvenilis
1816 5038 1850 5075 ae

1062 5110 1198 5162 ambitiosae
1213 5111 1377 5162 contentionis
1391 5111 1476 5162 studio
1495 5108 1628 5160 commissa
1642 5108 1847 5171 demonstratio

1062 5196 1094 5246 ob
1104 5194 1172 5260 quod
1185 5197 1288 5248 dicebat
1297 5197 1416 5249 accidisse
1428 5199 1460 5258 ei,
1473 5201 1502 5247 ut
1515 5197 1540 5246 iu
1552 5194 1752 5247 contentionibus
1763 5197 1849 5249 multa

1063 5297 1152 5348 parum
1167 5283 1278 5337 consulte
1292 5285 1375 5337 iacere
1392 5286 1498 5336 tortasse
1514 5284 1589 5335 etiam
1605 5285 1684 5334 multa
1696 5286 1849 5348 perpetere-
