3980 5936
643 411 936 485 inuocrnnrunr
959 419 1105 482 neuun.
1128 421 1198 483 nro.
1220 381 1260 485 rr.

141 541 275 623 δήμαρχοι
296 541 421 621 στρατιὰν
436 542 484 601 οὐκ
496 543 588 608 ἰῶντες
606 545 805 627 καταγράφειν,
821 548 871 618 ίως
886 550 918 611 dv

141 636 159 703 ἡ
173 632 235 707 περί
249 636 295 690 τοῦ
311 630 393 706 νόμου
405 633 525 710 διενεχθῇ
540 635 636 713 ψῆφος.
665 631 877 711 Ἀγανακτούσης
891 638 919 698 δί

142 723 189 790 τῆς
201 718 297 798 βουλῆς
308 714 355 775 καί
367 716 503 795 διατριύλν
514 717 702 796 λαμύανούσης
710 725 759 793 τῆς
769 724 918 804 στρατείας,

141 804 228 887 έτεροι
239 808 367 885 παρῆσαν
382 805 496 864 ἀπὸτοῦ
511 806 633 866 Λατίνων
656 807 743 876 ἔθνους
758 812 920 871 ἀποσταλέν·

101 933 114 970 p
141 917 193 967 τις,
204 892 229 955 ci
240 894 287 965 τὴν
301 894 442 952 Ἀντιατῶν
458 894 535 951 πόλιν
558 893 688 974 ἤγγελλον
702 897 733 954 ίκ
744 901 789 956 τοῦ
807 903 920 980 φανεροῦ

142 978 334 1065 ἀφεστηκέναι,
347 989 397 1062 μιᾷ
406 983 585 1061 χρησαμένων
597 982 692 1063 γνώμη
705 986 879 1046 Οὐολούσκων
890 1011 920 1047 τε

143 1076 196 1131 τῶν
206 1073 323 1152 ἀρχαίων
335 1072 480 1149 οἰκητόρων
490 1076 538 1143 τῆς
548 1073 650 1139 πόλεως
656 1073 703 1131 καί
713 1071 857 1152 Ῥωμαίων
865 1080 918 1136 τῶν

143 1162 307 1241 ἀφικομένων
318 1163 353 1227 ὡς
372 1159 465 1226 αὐτοὺς
479 1159 592 1220 ἐποίκων
607 1164 653 1221 καί
671 1165 855 1244 μερισαμένων
870 1165 919 1238 τὴν

142 1253 200 1325 γῆν.
214 1249 344 1330 Ἑρνίκων
363 1271 392 1308 τε
408 1248 516 1328 ἀγγελοι
530 1251 599 1310 κατὰ
614 1250 674 1318 τούς
690 1252 783 1321 αὐτούς
796 1260 919 1335 παρῆσαν

93 1368 116 1408 lo
141 1339 265 1417 χρόνους,
281 1340 418 1409 δηλοῦντες
433 1337 475 1398 ὅτι
494 1339 670 1400 Οὐολούσκων
693 1342 779 1401 τεκαὶ
795 1345 919 1404 Αἰκανῶν

142 1426 250 1504 δύναμις
263 1426 349 1499 πολλὴ
371 1424 507 1499 ἐξελήλυθε
528 1427 573 1486 καί
584 1430 654 1487 ἐστιν
669 1432 695 1489 ίν
710 1434 744 1510 τῇ
759 1432 845 1491 αὐτῶν
864 1432 918 1506 ἤδη

140 1520 185 1594 γῇ.
215 1516 324 1576 Τούτων
336 1515 393 1592 άμα
410 1516 681 1597 προσαγγελλομένων
696 1519 821 1596 οὐδεμίαν
850 1524 916 1579 ἀνα-

140 1605 254 1686 στροφὴν
269 1604 307 1663 ἔτι
320 1607 452 1663 ποιεῖσθαι
471 1608 525 1672 τοῖς
546 1609 576 1665 ἐκ
597 1611 643 1665 τοῦ
661 1607 794 1687 συνεδρίου
816 1607 917 1685 ἐδόκει,

140 1691 209 1753 ἀλλὰ
232 1701 400 1775 πανστρατιᾷ
415 1698 518 1773 βοηθεῖν
540 1694 586 1753 καί
608 1692 667 1762 τούς
692 1696 806 1765 ύπάτους
831 1702 918 1778 ἀμφο-

88 1809 112 1848 rr
139 1784 228 1862 τέρους
245 1781 349 1851 έξιέναι·
369 1782 413 1841 tte
434 1781 462 1841 δέ
483 1805 550 1850 τινες
572 1784 750 1863 ἀπολειφθῶσι
772 1790 819 1858 τῆς
834 1810 916 1867 στρα-

138 1872 208 1940 τείας
225 1871 366 1950 Ῥωμαίων
381 1870 399 1943 ἢ
414 1874 466 1930 τῶν
478 1872 643 1954 συμμάχων,
660 1876 694 1941 ὥς
714 1875 851 1954 πολεμίοις
864 1880 915 1938 αύ-

137 1963 192 2027 τοῖς
210 1964 335 2040 χρῆσθαι.
379 1959 510 2030 uitiosos
524 1960 553 2020 δί
565 1963 609 2021 καί
624 1965 677 2021 τῶν
695 1962 849 2044 δημάρχων,
864 1990 914 2025 κα-

137 2051 319 2130 ταγράψαντες
342 2046 399 2115 τοὺς
414 2051 440 2108 έν
463 2049 552 2130 ἠλικίφι
574 2052 675 2118 πάντας
695 2054 719 2110 ci
743 2050 854 2127 ύπατοι,
870 2058 915 2115 καί

137 2135 183 2206 τίες
197 2138 271 2217 παρὰ
291 2141 345 2196 τῶν
362 2137 512 2218 συμμάχων
528 2138 652 2215 δυνάμεις
673 2143 915 2223 μεταπεμψάμενοι

85 2249 111 2288 αν
137 2227 206 2286 κατδι
219 2226 335 2297 σπουδὴν
348 2225 474 2306 ἐξῄεσαν,
489 2227 674 2305 ὑπολιπόμενοι
688 2229 853 2313 φυλακὴντῇ
867 2233 915 2292 πύ-

136 2317 176 2375 λει
190 2318 280 2397 τρίτην
304 2317 398 2397 μοῖραν
414 2319 460 2388 τῆς
479 2315 622 2396 ἐπιχωρίου
646 2326 779 2397 στρατιᾶς.
811 2320 915 2390 diere<

137 2404 185 2483 μίν
205 2395 251 2464 οὐν
266 2404 309 2465 ἐπὶ
328 2405 387 2472 τούς
404 2406 430 2463 ίν
452 2407 491 2484 τῷ
517 2406 544 2464 Τ
545 2402 667 2484 υσκλάνιρ
690 2405 766 2475 ὄντας
782 2409 914 2477 Αἰκανοὺς

135 2491 184 2563 τὴν
197 2492 322 2570 στρατιὰν
335 2483 383 2569 ἥγε
397 2491 440 2551 erl
454 2491 549 2572 τάχους
560 2490 729 2572 [ἰλαύνων].
773 2498 835 2556 Τῶν
850 2496 878 2556 δί
890 2501 913 2557 οἰ

137 2577 186 2655 μίν
200 2579 304 2647 πλείους
317 2580 514 2651 ἀπεληλύθεσαν
533 2579 585 2653 ἥδη
601 2580 775 2660 διηρπακότες
795 2582 844 2657 τὴν
862 2586 913 2645 πό-

82 2690 109 2728 ss
136 2669 194 2745 λιν,
209 2668 292 2747 ὀλίγοι
306 2668 335 2728 δέ
345 2691 413 2735 τινες
427 2668 553 2746 ὑπέμενον
569 2669 743 2751 φυλάττοντες
757 2668 805 2744 τὴν
819 2673 914 2756 ἀκραυ·

136 2758 192 2816 ίστι
206 2757 234 2816 δὲ
249 2756 349 2839 σφόδρα
371 2756 454 2869 ίχυρά
470 2756 516 2816 καί
530 2759 559 2816 οὐ
574 2759 673 2829 πολλῆς
695 2760 808 2836 δεομένη
824 2766 912 2843 φυλα-

134 2848 192 2917 κῆς.
237 2844 314 2913 Tot<
337 2843 385 2920 μίν
396 2868 441 2906 ουν
462 2868 527 2926 φασι
540 2843 599 2913 τούς
618 2846 742 2927 φρουρούς
763 2853 810 2921 τῆς
832 2851 913 2933 ἄκρας

135 2932 235 3002 ἰδόντας
252 2933 369 3003 ἐξιοῦσαν
385 2935 415 2994 rs
425 2937 472 3005 τῆς
489 2932 598 3013 Ῥώμης
611 2933 660 3007 τὴν
673 2938 814 3018 στρατιάν·
832 2941 912 3002 εὐσύ-

134 3044 219 3082 νοπτα
233 3024 285 3101 γάρ
299 3023 369 3083 ίστιν
384 3026 415 3083 ἐκ
427 3025 559 3103 μετεώρου
568 3023 602 3083 τὰ
615 3022 712 3101 μεταξύ
723 3026 810 3106 χωρία
824 3029 911 3090 πάντα

82 3134 108 3174 αα
136 3109 241 3178 έκύντας
258 3110 385 3180 ίξελθεῖν·
404 3110 487 3193 ἕτεροι
501 3113 529 3172 δί
541 3114 791 3195 ἕκπολιοριιηθέντας
806 3118 857 3177 bed
867 3125 911 3179 τού

136 3197 244 3258 «baeton
258 3199 317 3259 καθ’
331 3202 473 3280 ὁμολογίαν
485 3202 651 3280 παραδοῦναι
663 3205 694 3263 τδ
708 3203 840 3286 φρούριον,
858 3216 912 3276 τοῖς

134 3284 256 3361 σώμασιν
272 3288 360 3354 αὐτοῖς
375 3286 464 3348 ἄδειαν
482 3288 674 3365 αἰτησαμένους
694 3290 741 3350 καί
756 3292 832 3372 ζογδν
845 3298 910 3355 bno·

134 3396 257 3442 σταντας.

174 3463 250 3525 XXI.
288 3463 411 3533 brodata<
434 3465 461 3524 δέ
484 3468 539 3532 τοῖς
563 3466 726 3534 Ἰὐσκλάνοις
755 3470 805 3540 τήν
821 3471 907 3543 πόλιν,

79 3573 106 3610 ss
135 3552 240 3620 ψάὐιος
262 3552 324 3634 περί
340 3554 428 3627 δείλην
450 3552 527 3635 ὀψίαν
553 3554 674 3625 ἀνίστησι
695 3554 744 3627 τὴν
772 3560 909 3636 στρατιάν.

134 3642 191 3704 Καί
218 3646 253 3710 ὡς
273 3634 328 3724 εἶχε
349 3643 446 3724 τάχους
465 3642 577 3714 ἤλαυνεν
606 3643 650 3701 ἐπί
671 3641 731 3710 τούς
758 3645 909 3722 πολεμίους,

134 3730 237 3792 ἀκούων
250 3733 311 3814 περί
325 3730 401 3791 πάλιν
413 3730 533 3808 Ἄλγιδον
546 3720 718 3809 ἀθρύαςείναι
733 3730 780 3798 τάς
796 3753 825 3790 τε
838 3736 910 3794 Οὐο-

131 3820 251 3881 λούσκων
271 3820 318 3879 καί
337 3819 385 3887 τάς
407 3822 529 3880 Αἰκανῶν
545 3817 679 3896 δυνάμεις.
725 3818 909 3899 Ποιησάμενος

133 3909 159 3969 δέ
176 3908 209 3969 δι’
230 3909 291 3981 ὅλης
304 3909 396 3974 νυκτὸς
409 3905 529 3967 σύντονον
546 3907 624 3979 ὁδὸν,
640 3905 686 3965 ὐπ’
708 3907 785 3969 αὐτδν
801 3907 846 3967 τδν
863 3910 911 3992 θρ-

75 4013 103 4049 ⁴¹¹
132 4004 191 4080 θρον
202 3997 367 4081 ἰπιφαίνεται
380 4004 435 4064 τοῖς
448 3996 584 4073 πολεμίοις
599 3998 864 4077 ίστρατοπεδευκύσιν
881 4003 907 4060 ίν

132 4087 226 4168 πεδίῳ,
237 4085 283 4146 καί
293 4083 353 4146 οὐτε
362 4085 460 4166 τάφρον
472 4083 705 4163 περιθιύλημένοις
714 4085 774 4147 οὐτε
789 4086 908 4167 χάρακα,

131 4180 167 4243 ὡς
181 4178 208 4235 ίν
224 4173 308 4257 οἰκείᾳ
321 4197 351 4233 τι
364 4179 398 4256 γῇ
413 4173 458 4233 καί
474 4172 669 4254 καταφρονήσει
687 4175 732 4232 rod
753 4173 908 4238 ἀντιπάλου.

131 4262 402 4346 Παρακελευσάμενος
427 4263 455 4323 δί
478 4266 531 4329 τοῖς
552 4262 621 4342 ἀμφ’
637 4261 716 4322 αὐτὸν
738 4263 844 4341 ἀγαθοῖς
859 4266 908 4322 ἀν-

131 4355 208 4434 δράσι
223 4356 356 4433 γίνεσθαι,
371 4355 473 4433 πρῶτος
488 4352 634 4411 εἰσελαύνει
656 4351 724 4429 μετδι
740 4355 792 4411 τῶν
805 4350 909 4412 ίππέων

72 4453 101 4489 ⁴²·
131 4446 167 4511 εἷς
180 4442 293 4515 τὴντῶν
307 4442 440 4518 πολεμίων
455 4440 645 4520 παρεμθολην,
661 4441 707 4500 καί
728 4444 753 4501 οἰ
771 4441 845 4511 πεζοί
861 4465 909 4502 συ·

129 4531 321 4601 ναλαλάξαντες
332 4528 445 4591 ιίποντο.
489 4533 552 4592 ’ἰῶν
562 4530 591 4590 δί
602 4533 626 4589 οἱ
636 4528 684 4608 μίν
697 4530 736 4589 ἔτι
748 4530 908 4610 κοιμώμενοι

129 4619 297 4700 ἐφονεύοντο,
313 4622 335 4679 cl
346 4620 370 4679 δ’
388 4619 484 4699 ἀρτίοις
499 4619 672 4691 ἀνεστηκότες
684 4621 730 4677 καὶ
743 4620 809 4699 πρὸς
823 4619 908 4691 ἀλκὴν

129 4711 322 4789 ίπιχειρούντις
347 4708 513 4791 τραπέσθαι,
547 4713 573 4770 ol
601 4709 629 4769 δί
656 4708 763 4775 πλείους
786 4707 906 4787 ἔφευγον.

128 4796 284 4864 Ἀλόντοςδί
304 4801 350 4857 τού
362 4797 541 4877 στρατοπίδου
555 4795 626 4857 κατά
641 4796 743 4867 πολλὴν
757 4795 904 4872 εὐπέτειαν,

68 4892 99 4930 ⁶⁰
127 4885 268 4966 ἰπιτρίψας
289 4894 344 4952 τοῖς
364 4884 540 4965 στρατιώταις
554 4885 588 4945 nd
605 4884 734 4965 χρήματα
749 4884 906 4961 ὠφελεῖσθαι

127 4974 218 5034 καὶτὰ
234 4972 347 5051 σώματα
369 4972 439 5046 πλὴν
460 4973 510 5033 ὅσα
526 4972 690 5033 Τυσκλάνων
714 4962 757 5043 ἦν,
780 4971 809 5028 οὐ
824 4970 905 5031 πολύν

126 5066 240 5123 ἰνταύθα
251 5063 391 5145 διατρίψας
400 5061 511 5142 Ιχρόνον,
525 5061 570 5119 ἐπὶ
580 5059 629 5131 τὴν
644 5059 814 5140 Ἔχετράνων
829 5059 904 5119 πάλιν

124 5140 175 5227 ἦγε
186 5147 235 5221 τὴν
249 5150 379 5228 δύναμιν,
394 5151 412 5222 ἣ
431 5150 491 5210 τότε
507 5142 540 5223 ἦν
559 5157 605 5208 τοῦ
624 5148 801 5208 Οὐολούσκων
817 5146 905 5218 ίθνους

125 5238 321 5318 ίπιφανεστάτη
343 5261 371 5298 τε
386 5238 432 5299 καί
448 5240 475 5298 ίν
488 5241 527 5319 τῷ
541 5237 675 5319 κρατίστῳ
694 5237 812 5314 μάλιστα
828 5237 901 5319 τόπῳ

1696 436 1753 500 eol

976 560 1076 623 cedant,
1093 564 1119 612 el
1130 562 1242 615 delectus
1259 564 1344 615 baberi
1361 579 1411 617 uon
1430 569 1597 634 pellebantur,
1609 576 1756 640 prinsquam

974 652 1092 717 snllragia
1112 654 1143 704 de
1168 648 1293 719 rogatione
1308 670 1357 707 sun
1389 657 1522 713 terrentur.
1555 666 1647 718 Senatu
1671 672 1756 720 autem

975 743 1001 795 id
1014 745 1098 809 iniquo
1123 747 1206 797 enimn
1227 749 1328 809 terente,
1353 745 1382 801 et'
1394 752 1507 803 exercitu
1529 757 1662 819 retardato,
1677 761 1719 811 elii
1741 776 1757 813 s

975 835 1068 886 Ietinis
1081 835 1152 888 missi
1169 842 1298 902 venerunt,
1313 839 1357 904 qui
1375 843 1524 896 nunciarunt
1542 848 1654 899 Anticles
1671 857 1756 916 operte

975 927 1111 988 defecisse,
1133 928 1165 980 dc
1182 931 1309 982 communi
1324 935 1446 986 sententia
1472 937 1637 1001 Volscorum,
1661 944 1757 1006 prisco-

974 1036 1032 1073 ruru
1044 1023 1112 1074 urbis
1126 1023 1283 1088 colonorum,
1299 1034 1325 1078 et
1342 1032 1509 1082 Romanorum
1522 1034 1555 1084 ad
1571 1048 1614 1086 eos
1627 1036 1758 1089 babitandi

975 1128 1063 1166 cnussa
1073 1115 1220 1180 missorum,
1234 1133 1371 1185 agrumque
1383 1122 1507 1175 divisisse.
1541 1129 1640 1181 Hernici
1656 1145 1757 1195 qnoque

975 1218 1062 1270 sedern
1077 1222 1188 1284 ternpore
1210 1235 1255 1285 per
1266 1225 1370 1276 nuncios
1379 1225 1559 1291 significabant,
1572 1232 1718 1284 Volscorurn
1731 1239 1757 1285 et

974 1314 1112 1376 AEquorum
1125 1313 1249 1376 ingentem
1258 1317 1395 1369 exercitum
1412 1333 1427 1371 e
1441 1319 1531 1371 tinibus
1547 1324 1600 1374 suis
1614 1339 1755 1390 egressum,

974 1407 1063 1470 etjam
1081 1405 1106 1455 in
1121 1421 1166 1458 sne
1181 1422 1241 1472 egro
1261 1422 1325 1461 esse.
1360 1413 1483 1476 Senatus,
1502 1417 1541 1465 tet
1568 1417 1664 1467 nunciis
1683 1418 1755 1470 simul

974 1500 1063 1561 cliniis,
1087 1499 1168 1550 nullos
1183 1514 1265 1553 morus
1279 1503 1387 1568 amplius
1412 1506 1547 1557 nectendas
1563 1511 1681 1560 censuit:
1711 1512 1754 1562 sed

974 1592 1033 1643 lotis
1047 1593 1142 1644 viribus
1160 1594 1228 1646 hosti
1244 1597 1427 1660 occurendum,
1450 1602 1476 1650 et
1490 1600 1604 1652 consules
1625 1604 1711 1655 umbos
1724 1607 1756 1657 ad

974 1687 1065 1738 bobum
1075 1689 1226 1740 mittendos:
1241 1692 1264 1740 si
1280 1692 1323 1756 qui
1340 1705 1413 1754 rem,
1435 1693 1476 1743 rel
1491 1693 1561 1745 eires
1583 1698 1701 1761 Romani,
1715 1702 1755 1752 ret

973 1788 1041 1850 socii,
1059 1803 1147 1840 nornen
1170 1789 1202 1840 ad
1213 1802 1270 1839 enm
1292 1788 1406 1840 militiam
1422 1789 1482 1839 dare
1494 1788 1687 1853 detrectassent,
1712 1809 1755 1847 eos

972 1892 1017 1944 pro
1027 1878 1143 1930 hostibus
1153 1877 1290 1930 habendes.
1325 1883 1410 1940 Quum
1427 1883 1513 1931 sutem
1527 1879 1575 1945 ipsi
1593 1896 1693 1948 quoque
1708 1888 1754 1937 tri·

972 1968 1031 2019 buni
1039 1958 1102 2033 ipsis¹
1114 1970 1261 2033 cessissent,
1276 1970 1396 2028 consules,
1409 1971 1557 2034 conscriptis
1570 1974 1697 2038 omnibus,
1710 1979 1756 2040 qni

973 2074 1016 2125 per
1037 2065 1138 2112 etatem
1156 2074 1225 2111 urnis
1240 2061 1304 2114 terre
1327 2065 1456 2126 poterant,
1475 2064 1611 2130 accitisque
1625 2068 1750 2120 sociorum

971 2156 1083 2218 auxiliis,
1098 2156 1244 2209 lerinense
1261 2158 1345 2223 copies
1363 2158 1518 2222 eduxerunt,
1535 2161 1622 2213 relicte
1641 2163 1710 2215 dorni
1722 2165 1754 2215 ad

971 2250 1111 2301 custodium
1131 2252 1203 2303 tertia
1238 2256 1308 2317 perte
1336 2253 1467 2305 domestici
1492 2256 1626 2307 exereitus.
1661 2259 1755 2311 Fabius

970 2338 1047 2404 igitur
1062 2344 1149 2391 contra
1173 2344 1279 2404 AEquns,
1301 2341 1391 2406 quiin
1420 2357 1479 2407 egro
1504 2345 1647 2396 Tusculano
1668 2356 1752 2416 crant,

970 2446 1029 2483 cunr
1045 2433 1122 2499 copiis
1140 2434 1255 2487 celeriter
1276 2436 1412 2488 contendit.
1457 2437 1506 2489 Sed
1529 2452 1616 2490 corum
1638 2442 1752 2509 plerique

970 2518 1068 2592 direpte
1084 2528 1146 2578 urbo
1167 2526 1220 2590 jem
1239 2528 1420 2593 discesserunt,
1442 2536 1469 2581 ut
1492 2533 1566 2596 pauci
1590 2534 1694 2597 quidam
1720 2539 1753 2588 nd
1854 2576 1855 2581 ,

970 2616 1034 2668 srris
1048 2618 1190 2681 presidium
1208 2624 1387 2672 remanserant.
1424 2624 1469 2672 Est
1485 2627 1569 2673 antem
1587 2625 1752 2678 munitissime

970 2713 996 2760 et
1007 2709 1096 2774 exigno
1111 2709 1227 2775 praesidio
1235 2710 1338 2776 indiget.
1371 2712 1478 2771 Quidum
1500 2716 1576 2779 igitur
1587 2716 1673 2778 aiunt,
1687 2720 1753 2769 arcis

971 2802 1135 2866 praesidiarios
1146 2802 1248 2866 milites,
1256 2817 1335 2867 quum
1342 2806 1478 2857 exercitum
1492 2810 1571 2859 Roma
1586 2809 1750 2873 egredientem

970 2895 1090 2948 vidissent
1102 2898 1124 2961 (e
1139 2898 1241 2950 sublimi
1253 2902 1320 2951 enim
1331 2900 1385 2952 locs
1399 2903 1483 2953 omnis
1495 2903 1669 2967 interjacentis
1679 2905 1753 2957 focile

970 2981 1080 3046 conspici
1098 2984 1221 3049 poterent)
1236 2985 1302 3035 ultro
1317 2985 1462 3037 discessisse
1481 3006 1487 3036 ε
1511 2987 1553 3037 alii
1568 3000 1628 3037 sero
1654 2987 1749 3047 dicunt,

968 3078 1121 3140 oppugnatos
1137 3089 1152 3124 a
1174 3075 1252 3127 Fnblo
1271 3089 1354 3127 urcem
1383 3077 1459 3128 cerlis
1480 3077 1663 3129 conditionibus
1678 3079 1749 3130 dedi-

968 3161 1034 3214 disse
1062 3167 1145 3228 ntque‚
1168 3163 1266 3228 publica
1289 3164 1339 3216 lide
1359 3179 1405 3230 pro
1430 3165 1579 3231 impunitate
1594 3167 1686 3231 petitu,
1702 3169 1752 3220 snb

965 3249 1051 3313 iugum
1063 3251 1153 3301 missos
1165 3250 1249 3302 luisse.

998 3501 1062 3551 xxl.
1075 3499 1165 3552 Fnbius
1182 3504 1276 3559 eutem.
1302 3500 1401 3553 reddito
1434 3502 1488 3553 suis
1507 3503 1604 3555 ciribns
1626 3506 1750 3570 Tusculo,

969 3602 1052 3651 castra
1063 3600 1113 3651 snb
1124 3600 1295 3665 vespertinum
1314 3603 1490 3665 crepusculum
1511 3605 1589 3655 morit
1608 3608 1642 3664 et,
1657 3609 1750 3668 quauta

969 3700 1078 3754 maxima
1093 3701 1218 3752 celeritate
1234 3703 1329 3766 potuit,
1345 3701 1378 3754 nd
1394 3703 1478 3754 hostes
1495 3705 1634 3768 contendit,
1646 3706 1750 3757 audiens

967 3813 1054 3852 omues
1065 3800 1213 3851 Volscorum
1228 3805 1255 3853 et
1267 3804 1404 3868 AEquorum
1415 3802 1499 3867 copies
1511 3803 1544 3853 nd
1556 3804 1672 3869 Algidum
1683 3819 1746 3857 esse.

971 3900 1062 3952 Itinere
1074 3904 1157 3953 eutem
1172 3914 1217 3966 per
1228 3904 1307 3954 totum
1322 3904 1420 3953 noctem
1438 3901 1597 3963 continuato,
1612 3904 1660 3954 snb
1668 3903 1749 3968 ipsum

969 4001 1107 4053 diluculum
1121 4002 1190 4053 uenit
1207 4002 1233 4053 in
1252 4007 1414 4069 conspectum
1436 4003 1555 4065 bostium,
1577 4005 1621 4068 qui
1631 4006 1747 4057 castrain

968 4093 1067 4159 plunitie
1081 4095 1214 4156 babebent,
1239 4094 1306 4145 nulla
1329 4094 1397 4145 lessa
1421 4095 1538 4160 nulloque
1553 4096 1619 4147 rullo
1635 4086 1745 4161 mnnita,

966 4193 1034 4259 quod
1047 4195 1073 4244 in
1086 4209 1133 4245 suo
1147 4210 1206 4262 egro
1215 4198 1306 4256 essent,
1324 4198 1350 4244 et
1364 4194 1462 4245 hostem
1477 4198 1671 4248 contemnerent.
1682 4202 1747 4266 Ergo

965 4304 1024 4340 suns
1035 4290 1068 4340 ad
1080 4304 1132 4340 rern
1147 4290 1243 4340 fortiter
1257 4288 1388 4354 gerendum
1405 4286 1560 4349 cohortatus,
1575 4289 1669 4354 primns
1688 4306 1747 4344 cum

966 4383 1092 4448 equitlbus
1110 4385 1135 4435 iu
1157 4384 1268 4435 bostium
1284 4386 1367 4435 cestre
1380 4382 1501 4447 impeturn
1517 4382 1590 4443 lucit,
1608 4385 1635 4434 et
1652 4383 1746 4445 pedites

964 4487 1061 4539 sublato
1083 4488 1190 4538 clnrnore
1219 4499 1276 4537 curn
1299 4484 1476 4551 sequebantur.
1511 4487 1603 4536 Eorum
1631 4500 1691 4537 roro
1705 4488 1746 4539 slii

963 4586 1045 4637 adhuc
1068 4586 1143 4651 εορίῑί
1159 4586 1345 4651 jngnlsbsntnr,
1366 4586 1408 4638 ulii
1431 4599 1517 4637 recens
1533 4587 1663 4650 surgentes
1673 4590 1699 4638 et
1718 4601 1745 4639 se

964 4682 994 4732 nd
1016 4680 1181 4734 resistendum
1207 4686 1341 4749 parantes;
1372 4684 1398 4731 nt
1423 4680 1533 4746 plerique
1558 4681 1615 4745 luga
1639 4662 1745 4746 dispcrsi

963 4779 1029 4827 suut.
1062 4776 1152 4829 cestris
1183 4782 1267 4828 nutem
1293 4775 1394 4827 minimo
1417 4774 1515 4840 negotio
1539 4775 1631 4838 captis,
1661 4775 1745 4839 prueds

961 4867 1082 4919 militibus
1091 4881 1207 4919 concessa
1222 4871 1249 4919 et
1258 4866 1380 4932 cuptiris,
1393 4866 1506 4931 exceptis
1521 4865 1677 4924 Tusculanis,
1694 4879 1743 4915 non

961 4967 1059 5033 lorrpnrn
1083 4971 1180 5034 tempus
1196 4968 1230 5020 ibi
1244 4971 1366 5030 moretur,
1378 4969 1463 5033 copies
1474 4968 1547 5020 duxit
1561 4968 1594 5018 nd
1615 4968 1742 5031 Ecetrnrn,

960 5074 1017 5125 qum
1038 5064 1099 5114 tuuc
1120 5068 1172 5114 eret
1198 5063 1259 5116 urbs
1286 5064 1366 5127 gentis
1388 5064 1537 5133 Volscorum
1557 5063 1740 5123 illustrissima,

961 5156 1036 5215 utque
1052 5152 1077 5202 in
1090 5152 1143 5204 loco
1157 5154 1263 5207 monime
1273 5157 1412 5220 opportuno
1426 5155 1483 5206 sita.
1515 5156 1656 5219 Posltlsque
1665 5168 1742 5220 pmpe

961 5243 1049 5317 urberp
1073 5246 1175 5309 cestris,
1199 5260 1244 5313 per
1270 5247 1364 5299 multos
1386 5248 1438 5300 dies
1454 5248 1489 5300 ibi
1516 5249 1620 5312 mansit,
1639 5261 1741 5313 sperans
