4070 5926
231 427 291 487 list

232 557 334 636 ἀνδρῶν
357 550 570 632 κατηγορήσειν,
586 545 690 627 ἡμέραν
712 554 856 625 προεῖπεν,
880 534 940 616 {a}
962 540 1011 613 τὴν

234 646 310 718 δίκην
325 642 434 720 ἔμελλεν
447 637 616 699 ἐπιτελέσειν.
660 639 724 702 Τοῖς
745 633 773 692 δὲ
794 630 961 713 πατρικίοις,
978 635 1013 697 ὡς

234 734 332 810 ἔμαθον
357 735 462 808 ταῦτα,
482 724 549 787 πολθ
575 727 631 793 δέος
651 723 800 802 εἰσέρχεται
822 722 868 781 καῖ
892 722 1011 801 φροντίς,

235 821 287 903 ότῳ
302 820 354 902 χρὴ
366 819 456 899 τρόπῳ
468 817 527 884 τούς
536 819 560 873 τ’
574 816 669 894 ἄνδρας
686 814 845 873 ἐκλύσασθαι
856 815 902 881 τῆς
917 808 1013 881 αἰτίας,

194 941 207 978 α
235 912 280 970 καί
296 914 342 967 τοῦ
357 908 520 985 δημαγωγοῦ
533 904 564 964 τδ
578 902 673 983 θράσος
688 901 817 980 ἐπισχεῖν.
841 898 895 959 Καὶ
912 896 944 968 δέ,
957 896 1014 955 ἐδέ-

236 1001 313 1059 δοκτο
329 998 432 1070 αὐτοῖς,
455 993 479 1052 εῖ
492 1016 519 1051 τι
540 991 686 1073 ψηφίσαιτο
708 990 778 1049 κατδι
796 993 844 1060 τ’ἧς
860 991 944 1068 ἀρχῆς
962 989 1013 1045 τῶν

238 1087 371 1148 ῧπάτωνθ
393 1087 492 1161 δῆμος,
510 1080 548 1153 μὴ
564 1079 714 1157 ἐπιτρέπειν
728 1079 801 1157 αύτῷ
815 1077 885 1136 κατά
899 1076 931 1135 τδ
945 1098 1015 1155 καρ-

236 1177 311 1258 τερὸν
327 1172 528 1250 ἐνισταμένους,
544 1169 591 1230 καλ
606 1171 628 1226 εἰ
641 1169 693 1229 δέοι
708 1167 753 1225 καί
768 1170 804 1232 εἰς
817 1165 886 1222 ὅπλα
898 1167 1015 1244 χωροῦν-

237 1290 294 1333 τας.
338 1266 378 1324 ot
392 1263 444 1341 μὴν
460 1258 552 1332 ἐδέησέ
567 1281 596 1336 γε
611 1262 663 1315 τῶν
680 1254 773 1335 βιαίων
788 1251 891 1319 οὖδενδς
910 1253 1013 1326 αὐτοῖς,

187 1384 211 1418 ιο
237 1361 348 1435 ταχεῖαν
364 1352 490 1416 λαθόντας
516 1352 561 1406 τοῦ
585 1346 705 1405 κινδύνου
727 1343 773 1403 καί
794 1339 942 1420 παράδοξον
967 1339 1015 1410 τὴν

237 1444 322 1503 λύσιν.
367 1444 439 1506 Med<
453 1439 505 1517 γάρ
522 1436 623 1514 ἡμέρας
638 1432 717 1503 οὔσης
730 1431 770 1490 ἔτι
782 1433 878 1500 λοιπῆς
894 1432 926 1506 τῇ
940 1426 1014 1505 δίκη,

238 1532 328 1612 νεκρὸς
344 1528 465 1593 Γενύκιος
487 1525 531 1584 ἐπί
548 1529 596 1595 τῆς
620 1527 710 1583 ἑαυτοῦ
731 1520 821 1591 κοίτης
842 1517 950 1600 εὑρέθη,
964 1537 1017 1587 ση-

240 1622 313 1698 μεῖον
327 1617 399 1679 οὐδέν
412 1615 481 1694 ἔχων
496 1612 555 1674 οὔτε
566 1616 669 1693 σφαγῆς
683 1609 737 1669 οὔτ’
752 1608 867 1687 ἀγχόνης
877 1607 935 1666 ούτε
951 1627 1018 1685 φαρ·

241 1711 327 1786 μάκου
340 1704 394 1767 οὔτ’
409 1705 488 1764 ἄλλου
504 1707 557 1763 τῶν
571 1701 598 1771 ἐξ
612 1699 755 1770 ἐπιάουλῆς
769 1696 888 1756 θανάτων
904 1693 1016 1759 οὐδενός.

188 1831 212 1869 15
242 1797 288 1865 Ὡς
301 1799 323 1855 δ’
338 1792 457 1873 ἐγνώσθη
471 1792 502 1851 τό
518 1793 600 1859 πάθος
617 1791 663 1849 καί
678 1786 829 1870 προηνέχθη
844 1785 873 1845 τδ
891 1782 969 1859 σῶμα
985 1783 1020 1848 εἰς

240 1887 286 1957 τὴν
303 1884 410 1965 ἀγοράν,
424 1881 558 1959 δαιμόνιόν
568 1903 594 1937 τι
609 1877 748 1943 κωλύσεως
760 1874 920 1954 συγκύρημα
935 1869 1018 1939 ἔδοξεν

242 1966 323 2046 εῖναι,
342 1974 388 2033 καί
403 1970 498 2031 αὐτίκα
512 1973 529 2041 ἡ
545 1968 605 2041 δίκη
621 1965 747 2025 διελύετο.
789 1967 852 2024 Τῶν
865 1961 917 2043 γάρ
932 1962 1018 2020 ἄλλοιν

242 2063 323 2129 οὐδεὶς
336 2061 434 2137 ἐτόλμα
447 2057 593 2137 δημάρχων
609 2057 750 2115 ἀνακαλεῖν
761 2053 810 2125 τὴν
822 2052 932 2123 στάσιν,
948 2047 1017 2107 ἀλλά

242 2151 287 2210 καί
300 2156 347 2209 τοῦ
361 2146 485 2210 Γενυκίου
498 2143 693 2223 κατεγίνωσκον
708 2138 810 2212 πολλὴν
826 2137 932 2217 μανίαν.
984 2134 1019 2195 Ei

189 2258 214 2294 te
243 2241 290 2322 μὲν
306 2229 350 2298 οάν
367 2236 449 2315 μηδὲν
464 2234 503 2293 ἔτι
519 2236 799 2313 πολυπραγμονοῦντες
811 2232 835 2288 ol
850 2227 946 2285 ῦπατοι
960 2225 1017 2283 διε-

242 2326 369 2399 τέλεσαν,
388 2326 448 2384 ἀλλ’
464 2326 591 2406 ἀφῆκαν,
613 2324 648 2390 ὡς
667 2324 681 2379 ό
706 2318 807 2395 δαίμων
833 2312 950 2391 έκοίμεσε
971 2310 1019 2383 τὴν

242 2417 351 2489 στάσιν,
371 2413 454 2481 οὐδεὶς
469 2411 501 2472 δν
517 2410 608 2479 αὐτοὺς
622 2409 662 2468 ἔτι
681 2405 813 2468 κατέλαόε
833 2403 957 2468 κίνδυνος·
975 2406 1020 2458 νῦν

243 2505 265 2565 δ’
290 2507 326 2572 εἰς
350 2503 490 2563 αὐθάδειαν
513 2500 558 2560 καί
587 2497 782 2579 καταφρόνησιν
806 2497 852 2552 τοῦ
877 2492 1020 2568 δημοτικοῦ

242 2595 422 2674 τραπόμενοι,
437 2589 484 2652 καί
499 2589 530 2649 τὸ
544 2593 591 2662 τῆς
602 2591 687 2668 ἀρχῆς
699 2584 794 2663 κράτος
805 2581 864 2640 doen
880 2576 950 2638 ἐστίν
966 2580 1023 2636 ἐπι-

189 2709 215 2747 ει
245 2683 327 2763 δεῖξαι
344 2680 508 2762 βουλόμενοι,
522 2678 594 2737 κακά
607 2674 790 2755 ἐξειργάσαντο
805 2667 920 2746 μεγάλα.
951 2668 1021 2745 Προ·

244 2773 329 2838 θέντες
344 2771 396 2851 γάρ
411 2767 616 2849 στρατολογίαν,
635 2763 681 2823 καί
703 2760 764 2829 τοῦς
775 2761 825 2838 οὐχ
842 2754 1024 2821 ὑπακούοντας

244 2870 302 2927 ταῖς
315 2859 338 2918 τ’
357 2860 450 2939 ἄλλαις
465 2855 573 2932 ζημίαις
591 2854 637 2913 καί
659 2854 776 2929 πληγαῖς
798 2845 903 2928 ῥάόδυιν
922 2865 1024 2924 προσα·

246 2948 435 3026 ναγκοίξοντες,
456 2949 492 3012 είς
516 2942 640 3002 ἀπόνοιαν
665 2941 792 3010 ἐποίησαν
810 2935 957 3014 τραπέσθαι
978 2937 1024 2990 τοῦ

247 3042 392 3114 δημοτικοῦ
402 3033 433 3095 τδ
447 3032 526 3092 πλέον
547 3031 599 3089 ἀπὸ
614 3027 735 3098 τοιαύτης
752 3025 870 3102 μάλιστα
887 3021 982 3089 αἰτίας,

191 3148 219 3187 ³0
287 3126 424 3188 XXXlX.
448 3121 528 3203 Ἀνήρ
542 3142 581 3186 τις
594 3120 685 3176 ἐκτῶν
700 3117 849 3192 δημοτικῶν
860 3112 893 3171 τά
907 3109 1025 3187 πολέμια

246 3214 384 3293 λαμπρός,
402 3210 524 3291 Βολέρων
540 3206 674 3277 Πόπλιος,
689 3200 833 3282 ἡγεμονίαν
847 3197 968 3281 ἐσχηκὼς
982 3198 1026 3258 λό-

246 3328 303 3385 χων
322 3307 349 3362 ἐν
364 3309 422 3369 ταῖς
436 3296 576 3379 προτέραις
591 3292 752 3375 στρατείαις,
766 3290 825 3351 τότε
837 3288 895 3349 ἀντί
906 3290 1024 3367 λοχαγοῦ

247 3389 412 3471 στρατιώτης
427 3387 491 3468 πρὸς
510 3387 597 3445 αὐτῶν
611 3380 804 3461 κατεγράφετο.
848 3376 897 3444 Ὧς
912 3375 934 3434 δ’
946 3379 1027 3448 ἠναν-

247 3485 336 3540 τιοῦτο
351 3477 396 3537 καί
413 3479 462 3537 οῦκ
480 3472 553 3547 ἠξίου
567 3471 659 3555 χώραν
674 3467 833 3546 ἀτιμοτέραν
854 3463 963 3536 λαθεῖν,
983 3465 1027 3522 οὒ-

192 3592 219 3632 ss
247 3566 289 3628 eb
306 3564 467 3646 ἡμαρτηκὼς
482 3568 508 3625 ἐν
521 3569 579 3630 ταῖς
598 3558 739 3642 προτέραις
760 3554 923 3636 στρατείαις,
946 3554 1027 3613 δυσα-

247 3661 433 3737 νααχετοῦντες
456 3655 480 3711 oi
505 3649 601 3707 ίίπατοι
629 3651 677 3719 τήν
699 3642 849 3723 παρρησίαν
875 3642 954 3698 αὐτοῦ
979 3648 1030 3707 τοῖς

249 3744 404 3825 ῥαάδούχοις
428 3740 567 3800 ἐκέλευσαν
593 3732 641 3806 τὴν
665 3732 762 3802 έσθῆτά
781 3752 809 3786 τε
836 3732 1033 3806 περικαταρρῆ.,

249 3837 291 3904 ξαι
310 3836 357 3896 καί
375 3837 433 3901 ταῖς
448 3830 553 3914 ράόδοις
572 3829 604 3890 τὸ
624 3831 704 3904 σῶμα
719 3823 826 3894 ξαίνειν.
874 3819 906 3881 Ὁ
922 3818 949 3878 δέ
963 3842 1026 3878 νεα-

249 3927 306 3993 νίας
321 3924 382 3991 τούς
396 3947 425 3982 τε
441 3922 595 4001 δημάρχους
613 3916 784 3983 ἀπεκαλεῖτο,
799 3909 845 3971 καί
865 3909 929 3968 εἴτι
943 3909 1029 3968 ἀδικεῖ

194 4035 221 4075 lo
250 4014 337 4094 κρίσιν
353 4013 396 4072 έπί
413 4014 466 4070 τῶν
490 4010 613 4085 δημοτῶν
630 4004 738 4083 ὑπέχειν
755 4000 838 4073 ἠξίου.
893 3996 944 4065 Ὡς
960 3996 982 4056 δ’
998 4000 1027 4056 οὗ

248 4107 390 4179 προσεῖχον
404 4100 475 4177 αὐτῷ
489 4095 532 4154 τδν
548 4100 607 4154 νοῦν
627 4094 652 4151 οἱ
672 4090 786 4159 ὕπατοι,
802 4084 871 4145 ἀλλὰ
894 4085 947 4151 τοῖς
962 4081 1028 4165 peb-

250 4189 355 4269 δούχοις
369 4188 440 4264 άγειν
455 4185 501 4245 καί
514 4183 621 4243 τύπτειν
636 4178 836 4248 ἐπεκελεύοντο,
851 4175 900 4234 οὐκ
915 4175 1029 4253 ἀνασχε-

248 4279 293 4339 τδν
314 4276 477 4355 ἡγησάμενος
492 4263 621 4342 εἶναιτὴν
638 4268 712 4348 θόριν
735 4264 813 4332 αθτδς
830 4266 916 4343 ἑαυτῷ
931 4262 1028 4338 ταμίας

249 4371 295 4437 τῆς
307 4366 381 4437 δίκης
392 4364 504 4440 γίνεται.
549 4359 603 4421 Τόν
614 4382 642 4417 τε
652 4356 704 4436 γδιρ
723 4358 829 4434 πρῶτον
847 4350 1028 4430 προσελθόντα

197 4491 223 4527 45
249 4460 301 4515 τῶν
322 4451 476 4535 ραῦδούχων
496 4449 582 4510 παίων
612 4452 649 4516 είς
663 4446 694 4505 τὸ
716 4443 857 4524 πρόσωπον
900 4441 1029 4506 έναντίαις

250 4547 368 4619 πυγμαῖς
382 4538 485 4606 νεανίας
504 4537 550 4597 καί
569 4534 716 4616 ἐρρωμένος
734 4531 801 4614 ἀνὴρ
814 4528 955 4610 ἀνατρέπει
983 4529 1028 4586 καί

251 4631 296 4692 τδν
316 4634 359 4690 ἐπὶ
378 4629 473 4712 τούτῳ.
517 4625 770 4706 ’,ἀγανακτησάντων
793 4620 820 4680 δὲ
835 4625 886 4680 τῶν
904 4618 1029 4692 ὑπάτων,

252 4722 297 4781 καί
312 4732 392 4780 πᾶσιν
410 4719 467 4797 epu
485 4719 538 4786 τοῖς
556 4713 700 4796 ὑπηρέταις
714 4712 866 4793 προσελθεῖν
888 4708 1029 4766 κελευσάν·

251 4836 323 4885 των,
339 4809 420 4870 δεινόν
436 4831 462 4869 τι
481 4810 534 4875 τοῖς
550 4811 666 4889 παροῦσι
680 4806 739 4865 ,τῶν
766 4801 914 4877 δημοτικῶν
939 4794 1028 4878 ἀφάνη

200 4930 226 4972 ti
252 4903 299 4963 καί
319 4902 415 4962 αὗτίκα
435 4897 629 4981 συστραφέντες
653 4895 741 4975 ἀθρόοι
765 4890 810 4951 καὶ
833 4885 1030 4958 ἀναθοήσαντες

252 5002 283 5054 τὸ
305 4989 506 5074 παρακλητικὸν
528 4990 577 5059 τῆς
597 4984 720 5056 ἀλλήλων
741 4983 836 5058 ἀργῆς,
851 4976 895 5036 τόν
914 5000 944 5035 τε
967 4997 1030 5036 νεα-

253 5082 339 5142 νίσκον
365 5080 518 5161 ἐξήρπασαν
542 5071 665 5139 καὶτοὺς
691 5071 854 5153 ραόδούχους
874 5064 1029 5138 ἀπέστησαν

252 5167 388 5236 παίοντες·
399 5168 446 5229 καὶ
460 5169 631 5231 τελευτῶντες
642 5160 686 5221 trel
696 5160 755 5226 τοὺς
767 5159 880 5225 ὑπάτους
890 5155 1030 5236 ὥρμησαι,

252 5255 336 5319 καλεῖ
354 5255 392 5332 μὴ
412 5253 605 5321 καταλιπόντες
621 5251 714 5311 indm
733 5248 781 5319 τὴν
804 5244 904 5326 ἀγορὰν
921 5243 1029 5321 ἔφυγον,

757 409 925 473 DlONYSll
947 404 1323 470 Hantcnebtssensis

1065 562 1117 612 qua
1128 547 1253 613 judicium
1266 550 1333 598 esset
1350 544 1525 612 peragendum.
1559 544 1682 596 Patricius
1689 558 1751 596 vero
1762 546 1811 596 hnc
1822 560 1851 595 rc

1067 645 1165 710 cognita
1196 645 1282 707 ingens
1304 643 1397 694 invasit
1418 642 1538 692 timeret
1561 641 1712 703 solicitudo,
1737 656 1849 706 quanam

1067 741 1163 791 ratione
1182 737 1340 803 rensjndicio
1360 740 1462 802 possent
1482 736 1577 801 eripere
1600 736 1781 802 audaciamque
1806 736 1852 786 tri·

1068 835 1127 886 bnni
1152 845 1316 898 compescere.
1349 834 1456 897 lemque
1476 830 1647 889 decreverant,
1660 831 1682 881 si
1702 829 1763 897 quid
1776 828 1850 895 plebs

1068 933 1154 980 eontra
1170 926 1300 977 consulare
1319 925 1453 991 imperium
1473 923 1598 984 scivisset,
1622 924 1670 974 boc
1683 924 1706 973 ei
1729 938 1777 974 non
1796 937 1854 987 per-

1069 1024 1169 1075 mittere
1182 1022 1208 1072 ri
1218 1020 1370 1081 resistentes,
1381 1022 1407 1071 et
1422 1018 1454 1070 ad
1463 1033 1532 1069 arma
1540 1018 1571 1084 (si
1580 1033 1621 1069 res
1633 1016 1743 1081 tulisset)
1755 1017 1850 1068 venire.

1070 1119 1248 1167 verumtamen
1270 1114 1339 1166 nullu
1357 1115 1383 1164 ri
1400 1114 1461 1179 ipsis
1473 1127 1537 1178 opus
1548 1111 1606 1172 suit,
1619 1113 1680 1178 quis
1692 1112 1809 1164 celeriter
1825 1115 1854 1162 et

1070 1216 1161 1278 prester
1175 1223 1274 1261 omnem
1288 1209 1429 1274 opinionem
1446 1208 1472 1258 id
1485 1208 1624 1273 periculum
1643 1208 1755 1259 evanuit
1789 1210 1853 1258 liam

1070 1324 1120 1360 nno
1136 1310 1194 1357 ente
1205 1304 1329 1372 judicium
1341 1305 1382 1355 die
1402 1305 1528 1355 Genucius
1546 1305 1572 1355 in
1593 1318 1639 1354 suo
1654 1304 1718 1353 lecto
1736 1307 1856 1353 mortuus

1071 1407 1110 1454 est
1119 1402 1243 1458 inventus,
1256 1413 1314 1449 cnm
1329 1399 1398 1449 nullo
1409 1401 1454 1449 aut
1463 1396 1540 1448 cedis
1550 1401 1595 1447 aut
1609 1396 1694 1462 laquei
1710 1400 1754 1447 ent
1764 1395 1857 1447 veneni

1072 1501 1116 1550 aut
1142 1497 1248 1562 alicujus
1278 1494 1404 1546 insidiose
1427 1494 1517 1544 mortis
1544 1492 1658 1558 vestigio.
1692 1495 1746 1543 Hoc
1767 1497 1857 1543 autem

1073 1607 1132 1644 casn
1151 1592 1249 1658 cognito
1266 1594 1291 1641 et
1305 1603 1408 1654 corpore
1418 1589 1444 1639 in
1464 1589 1547 1639 iorum
1559 1588 1672 1653 prolato,
1692 1588 1815 1638 divinitus
1827 1586 1858 1637 id

1073 1688 1278 1754 impedimentum
1301 1684 1421 1736 accidisse
1446 1683 1579 1736 videbatur
1601 1704 1608 1734 ε
1628 1695 1739 1748 moxque
1766 1681 1857 1733 statim

1075 1783 1176 1835 comitia
1185 1781 1342 1834 suntsoluta.
1375 1782 1440 1831 Nem
1447 1782 1586 1829 ceterorum
1598 1778 1768 1829 tribunorum
1779 1788 1859 1826 nemo

1074 1892 1152 1930 ausus
1166 1880 1207 1928 est
1225 1888 1345 1926 renovare
1366 1872 1512 1925 seditionem
1535 1891 1542 1921 :
1559 1871 1673 1937 quinimo
1693 1883 1781 1922 omues
1799 1884 1860 1919 ma-

1075 1988 1151 2040 gnum
1164 1973 1267 2024 Genucii
1281 1969 1390 2021 furorem
1404 1968 1563 2020 damnabant.
1598 1960 1627 2019 Si
1641 1967 1720 2031 igitur
1738 1964 1860 2017 consules

1075 2069 1266 2134 nibtlpreterea
1283 2069 1376 2116 temere
1401 2062 1599 2124 movissent,sed
1623 2062 1780 2119 seditionem,
1797 2063 1860 2111 uta

1075 2163 1122 2215 deo
1137 2162 1220 2213 fumet
1242 2160 1336 2225 sopita,
1360 2160 1487 2224 quiescere
1501 2158 1628 2216 sivissent,
1644 2157 1670 2205 in
1682 2156 1779 2205 nullum
1789 2155 1863 2219 peri-

1076 2256 1161 2307 eulum
1170 2253 1278 2318 emplius
1291 2252 1394 2303 adducti
1409 2250 1523 2301 inissent.
1539 2252 1610 2300 llnnc
1623 2263 1684 2299 vero
1695 2263 1773 2312 quum
1785 2261 1813 2297 se
1824 2248 1862 2300 ad

1077 2350 1176 2415 plebem
1186 2347 1292 2413 superbe
1302 2349 1329 2399 et
1341 2347 1521 2397 contumeliose
1534 2342 1691 2394 tractandam
1704 2343 1858 2405 vertissent,

1078 2455 1208 2511 quumque
1220 2444 1315 2505 quante
1333 2443 1397 2489 esset
1412 2438 1451 2489 sni
1469 2438 1631 2502 magistratus
1641 2439 1753 2501 potestas
1770 2439 1884 2494 ostem,

1077 2542 1131 2589 tere
1151 2536 1262 2594 vellent,
1289 2545 1436 2597 magnorum
1458 2531 1582 2581 malorum
1610 2532 1725 2579 anderes
1746 2525 1863 2577 inerunt.

1077 2639 1140 2687 llam
1160 2634 1254 2687 indicto
1265 2630 1374 2690 delectu,
1385 2632 1410 2679 et
1418 2631 1578 2678 contumaces
1596 2642 1654 2678 cum
1671 2627 1727 2676 aliis
1738 2624 1843 2676 mulctis
1855 2665 1862 2681 .

1077 2740 1133 2787 tum
1154 2735 1229 2785 etiam
1248 2732 1377 2796 virgarum
1397 2727 1545 2779 verberibus
1564 2729 1697 2791 cogentes,
1721 2724 1865 2776 effecerunt

1078 2838 1107 2884 nt
1119 2833 1198 2898 major
1211 2829 1292 2895 piebis
1302 2840 1360 2892 pars
1379 2824 1409 2875 ad
1425 2824 1623 2889 desperationem
1638 2836 1666 2873 se
1679 2826 1800 2882 verteret,
1814 2822 1865 2873 lies

1078 2930 1235 2996 potissimum
1245 2926 1277 2976 de
1289 2937 1386 2976 caussa.

1111 3152 1219 3203 xxxix.
1236 3148 1281 3197 Vir
1292 3144 1395 3211 quidam
1406 3143 1439 3195 dc
1447 3142 1535 3208 plebe,
1551 3142 1640 3193 bellice
1654 3142 1750 3193 uirtute
1766 3142 1861 3203 clarus,

1080 3253 1178 3305 nomine
1192 3253 1219 3301 P.
1240 3248 1340 3307 Volero,
1358 3246 1403 3312 qui
1427 3245 1453 3297 in
1476 3244 1647 3311 superioribus
1661 3243 1867 3308 expeditionibus

1080 3347 1178 3398 ordines
1192 3343 1311 3399 duxerat,
1326 3343 1394 3397 tunc,
1407 3353 1487 3404 quum
1502 3337 1615 3388 centurio
1629 3341 1695 3388 esset
1707 3338 1867 3390 constituen-

1080 3455 1143 3514 dus,
1156 3452 1181 3501 ln
1196 3446 1320 3513 gregarios
1329 3445 1421 3496 milites
1432 3443 1464 3494 nb
1477 3443 1527 3493 illis
1540 3440 1703 3493 referebatur.
1720 3442 1769 3492 Sed
1783 3456 1866 3507 quum

1081 3548 1123 3599 ille
1136 3545 1278 3601 resisteret,
1292 3553 1338 3591 nec
1353 3539 1436 3589 locum
1448 3536 1532 3587 minus
1544 3536 1694 3586 honoratum
1707 3550 1795 3601 capere
1807 3538 1865 3587 vel-

1081 3647 1132 3706 let,
1158 3642 1227 3708 quod
1243 3641 1269 3690 iu
1295 3634 1465 3702 superioribus
1486 3632 1686 3697 expeditionibus
1713 3634 1776 3684 nihil
1796 3634 1861 3684 deli·

1081 3739 1189 3805 quisset,
1201 3733 1315 3786 eonsules
1326 3733 1380 3797 ejus
1395 3727 1619 3780 dicendilibertate
1632 3726 1722 3778 offensi
1733 3727 1868 3779 lictoribus

1076 3829 1248 3896 imperarunt,
1261 3828 1290 3876 ut
1304 3828 1398 3875 vestem
1418 3822 1472 3885 eius
1481 3820 1619 3871 lacerarent
1634 3832 1774 3883 corpusque
1783 3817 1867 3881 virgis

1083 3925 1215 3978 crederent.
1250 3917 1430 3983 Tuncjuvenis
1441 3929 1515 3980 opem
1535 3914 1694 3964 tribunorum
1716 3911 1865 3977 implorabat

1082 4030 1116 4083 et,
1128 4024 1149 4074 si
1161 3999 1238 4087 quam
1248 4019 1363 4083 injuriam
1378 4014 1474 4071 fecerit,
1489 4014 1569 4079 plebis
1587 4014 1712 4079 judicium
1729 4013 1813 4065 snbirc
1822 4027 1868 4063 vo·

1082 4120 1158 4171 lebat.
1192 4114 1241 4167 Sed
1253 4127 1310 4164 eum
1324 4109 1438 4163 consules
1456 4108 1567 4159 animum
1586 4108 1658 4159 adid
1679 4121 1728 4158 non
1751 4107 1866 4157 adverte-

1082 4219 1146 4273 rent,
1160 4210 1204 4263 sed
1216 4222 1295 4274 quum
1306 4221 1321 4256 e
1332 4204 1462 4256 lictoribus
1472 4204 1529 4255 duci
1542 4204 1655 4270 medique
1665 4204 1791 4269 juberent,
1803 4216 1867 4252 eon·

1083 4308 1213 4362 tumeliam
1226 4318 1275 4355 non
1288 4300 1415 4352 ferendam
1426 4301 1509 4357 ratus,
1522 4297 1574 4364 ipse
1588 4297 1636 4348 sibi
1649 4296 1697 4362 ipsi
1709 4309 1782 4361 opem
1795 4294 1865 4345 tulit.

1083 4408 1147 4457 Nam
1162 4400 1273 4467 primum
1284 4395 1408 4450 lictorem,
1419 4392 1463 4459 qui
1481 4394 1626 4448 accesserat,
1642 4389 1756 4441 adversis
1772 4387 1866 4452 pugnis

1083 4501 1108 4552 in
1119 4500 1182 4552 facie
1194 4497 1308 4551 tundens.
1319 4492 1359 4542 vir
1373 4493 1447 4541 aetate
1460 4493 1487 4540 et
1501 4489 1597 4539 viribus
1610 4486 1689 4546 teror,
1707 4485 1843 4551 prostravit
1855 4507 1862 4545 ;

1083 4596 1220 4658 itidemque
1239 4604 1298 4640 mox
1317 4586 1432 4637 alterum.
1481 4582 1635 4634 consulibus
1652 4579 1678 4630 id
1700 4592 1765 4643 egre
1786 4579 1867 4629 teren-

1084 4691 1165 4747 tibus,
1183 4689 1209 4736 ct
1221 4683 1296 4735 simul
1312 4692 1399 4730 omnes
1410 4677 1510 4727 lictores
1528 4674 1562 4726 ad
1572 4688 1630 4726 eum
1644 4672 1763 4723 accedere
1772 4671 1868 4736 juben-

1084 4784 1164 4841 tibus,
1178 4776 1287 4844 plebeiis.
1312 4773 1357 4840 qui
1371 4770 1484 4825 ederant.
1502 4781 1541 4819 res
1559 4765 1659 4829 indigna
1681 4764 1735 4814 visa
1757 4766 1813 4823 est;
1837 4765 1865 4813 et

1084 4874 1215 4928 confestim
1229 4882 1316 4921 omnes
1328 4863 1468 4929 conglobati
1486 4860 1636 4923 sublstoque
1649 4856 1765 4913 clamore,
1776 4867 1828 4919 quo
1838 4866 1867 4906 se

1084 4965 1231 5021 invicemad
1244 4967 1307 5016 iram
1323 4957 1530 5014 adhortabantur,
1547 4957 1575 5004 et
1591 4953 1708 5017 juvenem
1718 4949 1866 5014 eripuerunt

1084 5067 1110 5113 et
1121 5064 1221 5114 lictores
1231 5058 1344 5125 pulsatos
1353 5052 1508 5119 repulerunt,
1522 5046 1674 5110 tandemque
1690 5043 1717 5094 in
1730 5043 1798 5108 ipsos
1806 5055 1865 5092 oon·

1084 5155 1153 5207 sules
1170 5147 1416 5217 impetumieeerunt
1430 5146 1516 5209 atque,
1531 5138 1580 5191 nisi
1598 5137 1660 5188 illie
1678 5133 1733 5186 iero
1743 5147 1772 5185 se
1782 5132 1868 5198 prori-

1084 5248 1204 5313 puissent,
1217 5243 1391 5313 gravissimum
1409 5237 1506 5289 lacinus
1516 5232 1708 5299 perpetrassent.
1741 5229 1796 5279 lloc
1818 5241 1869 5278 au·
