4034 5922
645 385 941 461 ANTIQUITATUM
962 389 1112 452 ROMAN.
1135 392 1207 453 LlB.
1232 394 1258 456 Ι.

135 531 235 599 equs,
255 509 276 595 ᾔ
295 514 414 592 τούνομα
436 518 523 577 ίθεντο
548 517 720 592 Λευκασίαν,
755 519 807 578 ἀπὸ
832 544 924 598 γυναι-

135 611 181 674 κὸς
196 607 309 686 ἀνεψιᾶς
318 607 425 665 Αἰνείου
445 605 506 685 περὶ
525 606 598 666 τόνδε
616 605 662 666 τόν
678 606 758 667 τόπον
777 609 925 669 ἀποθανού-

138 720 196 767 σης.
243 694 365 754 Ἐκεῖθεν
380 695 408 753 δὲ
423 696 582 774 κατάραντες
602 697 639 763 εἰς
660 696 756 773 λιμένα
774 695 855 777 βαθύν
877 698 925 758 καί

137 783 223 842 καλὸν
240 784 269 840 ἐν
286 779 427 858 Ὀπικοῖς,
442 784 648 856 τελευτήσαντος
668 785 713 844 καί
728 785 819 845 αάτόθι
834 789 926 859 Μιση-

880 873 888 895 Ι

2 924 14 959 χ
98 902 112 941 ς
136 875 182 929 νοῦ
212 873 267 928 τῶν
299 873 431 951 ἐπιφανῶν
462 895 545 944 τινος,
572 873 620 934 ἀπ’
639 874 738 933 ἐκείνου
762 873 806 932 τόν
826 875 922 952 λιμενα

137 961 299 1025 ὠνόμασαν.
342 960 428 1042 Νήσῳ
466 983 494 1020 τε
530 960 656 1041 Προχύτῃ
690 960 736 1021 καί
767 961 922 1041 ἀκρωτηρίῳ

140 1047 251 1126 Καιήτῃ
272 1048 342 1128 τύχη
357 1049 616 1130 προσορμισάμενοι,
629 1051 698 1108 κατά
710 1049 794 1109 ταθτδι
809 1048 923 1109 τίθενται

138 1136 189 1203 τάς
217 1136 372 1209 ἐπικλήσεις
394 1145 448 1205 τοῖς
470 1138 562 1205 τόποις
583 1142 715 1216 γυναικῶν
736 1141 923 1197 ἀποθανουσῶν

141 1225 302 1303 βουλόμενοι
329 1234 447 1302 μνημεῖα
467 1231 577 1297 ποιῆσαι
597 1227 630 1286 τδι
653 1228 758 1307 χοιρία·
784 1228 884 1287 τούτων
900 1228 923 1284 δ’

88 1334 112 1374 ιο
139 1317 156 1383 ἡ
174 1313 226 1388 μὲν
256 1313 384 1391 συγγενὴς
395 1312 498 1372 Αἰνείου
513 1316 618 1392 λέγεται
634 1314 767 1394 γενέσθαι,
788 1319 805 1385 ἡ
822 1314 850 1372 δὲ
863 1336 924 1394 τρο-

139 1402 197 1482 φός.
242 1403 427 1467 Τελευτῶντες
449 1402 471 1459 δ’
493 1406 661 1483 ἀφικνοῦνται
683 1408 731 1476 τῆς
751 1402 867 1469 Ἰταλίας
889 1403 925 1469 εἰς

139 1488 301 1567 Λωρεντόν,
332 1489 392 1548 ἔνθα
419 1493 467 1559 τῆς
500 1490 601 1563 πλάνης
627 1491 793 1567 παυσάμενοι
815 1491 924 1569 χάρακα

140 1579 245 1653 ἔθεντο,
265 1576 311 1636 καὶ
327 1578 357 1637 τὸ
372 1576 471 1658 χωρίον
497 1581 523 1637 ἐν
554 1570 576 1662 ᾧ
595 1579 922 1660 κατεστρατοπεδεύσαντο

140 1669 166 1734 ἕξ
191 1666 294 1728 ἐκείνου
304 1667 391 1745 Τροία
405 1670 539 1741 καλεῖται,
560 1669 657 1751 ἀπέχει
677 1670 704 1729 δὲ
723 1674 770 1741 τῆς
793 1668 923 1738 θαλάττης

89 1789 114 1829 η
140 1757 211 1835 ἀμφὶ
232 1757 294 1824 τοὺς
318 1758 446 1835 τέτταρας
462 1757 592 1826 σταδίους.
637 1756 764 1836 Ἔγραψα
789 1756 817 1815 δὲ
839 1762 922 1816 ταῦτα

139 1848 187 1905 καὶ
209 1845 259 1916 τὴν
276 1846 443 1924 παρίκόασιν
460 1846 628 1924 ἐποιησάμην
648 1853 692 1905 τοῦ
712 1843 856 1922 ἀναγκαίου
869 1846 923 1925 χά-

140 1958 197 2013 ριν,
217 1932 311 2002 ίπειδὴ
330 1937 382 1992 τῶν
397 1933 568 2014 συγγραφέων
592 1938 615 1994 ot
636 1935 683 2011 μὲν
700 1935 753 1994 οὐδ’
772 1936 854 1992 ἐλθεῖν
875 1936 922 1994 Αἰ-

139 2022 212 2080 νείαν
234 2024 272 2087 εἰς
296 2021 414 2080 Ἰταλίαν
432 2023 512 2101 φασίν
528 2023 585 2099 ἀμα
611 2022 732 2102 Τρωσὶν,
756 2025 781 2080 ol
797 2023 818 2080 δ’
834 2021 922 2103 ἕτερον

139 2109 260 2183 Αἰνείαν,
285 2110 316 2166 οὗ
331 2110 377 2166 τὀν
401 2108 429 2180 ἐξ
449 2109 603 2190 Ἀφροδίτης
627 2111 672 2173 καί
694 2110 818 2189 Ἀγχίσου
844 2111 921 2187 γενό-

90 2232 115 2269 ,J
140 2221 236 2276 μενον,
256 2199 280 2257 oi
305 2195 327 2255 δ’
348 2196 484 2257 Ἀσκάνιον
497 2198 543 2258 τὸν
554 2199 673 2272 Αἰνείου,
689 2203 713 2258 ot
729 2199 751 2256 δ’
767 2198 861 2264 ἀλλους
874 2222 922 2256 τι-

139 2289 196 2353 νάς.
243 2284 306 2346 Εἰσὶ
321 2285 346 2343 δ’
363 2285 388 2346 οἰ
406 2287 451 2344 τὸν
467 2286 494 2356 ἐξ
518 2287 670 2369 Ἀφροδίτης
691 2286 795 2348 Αἰνείαν
818 2287 923 2366 λέγουσι

138 2375 350 2446 καταστήσαντα
369 2372 414 2432 τόν
428 2373 508 2455 όχλον
523 2378 559 2442 είς
577 2376 693 2436 Ἰταλίαν
712 2378 922 2450 ἀνακομισθῆναι

138 2466 220 2525 πάλιν
233 2464 327 2524 οἴκαδε
342 2464 387 2521 καλ
404 2467 560 2541 βασιλεῦσαι
573 2468 619 2536 τῆς
629 2463 741 2544 Τροίας,
756 2466 921 2523 τελευτῶντα

137 2554 165 2614 bt
179 2555 343 2613 καταλιπεῖν
363 2552 495 2634 Ἀσκανίῳ
514 2558 551 2634 τῷ
580 2555 656 2612 παιδί
684 2552 731 2624 τὴν
761 2553 919 2634 βασιλείαν,

85 2674 111 2712 ες
136 2644 186 2703 καῖ
200 2644 233 2701 τὸ
246 2643 292 2700 ἀπ’
310 2640 411 2701 ἐκείνου
425 2642 498 2720 γε’νος
511 2641 554 2701 ἐπί
569 2645 693 2703 πλεῖστον
714 2650 860 2722 κατασχεῖν
871 2642 921 2715 τὴν

138 2734 248 2813 ἀρχήν·
272 2735 309 2798 ὡς
337 2729 385 2809 μίν
404 2729 457 2809 ἐγὼ
483 2732 580 2800 εἰκάζω
609 2736 664 2800 τοῖς
686 2731 810 2812 Ὀμήρου
832 2733 922 2793 ἔπεσιν

135 2824 186 2879 οὐκ
210 2822 295 2899 ὀρθῶς
322 2817 536 2898 λαμύανομόνοις
564 2819 817 2899 παρακρουσθέντες.
872 2844 920 2880 πε-

134 2908 250 2981 ποίηται
264 2908 316 2987 γάρ
331 2909 403 2986 αὐτῷ
421 2910 448 2967 ἀν
464 2907 558 2967 Ἰλιάδι
574 2909 709 2968 ίίιισειδῶν
723 2908 858 2989 προλόγων
873 2909 922 2981 τὴν

135 2997 293 3075 μέλλουσαν
309 2996 415 3056 ίσεσθαι
425 2994 487 3074 περί
502 2994 659 3055 τδνΑίνείοιν
673 2995 719 3056 καλ
735 2996 797 3064 τοὺς
810 2996 836 3065 ἐξ
847 2999 920 3058 ἐκεί-

82 3112 108 3149 ευ
133 3108 185 3145 νου
202 3084 393 3163 γενησομένους
409 3084 561 3164 ἐπιφάνειαν
584 3075 636 3144 ὧδέ
654 3107 725 3152 ποις·

199 3236 253 3287 Νῦν
264 3236 290 3285 δὲ
299 3236 328 3295 δὴ
341 3237 435 3287 Αίνείαο
449 3235 490 3298 βίη
504 3237 628 3299 Τρώεσσιν
639 3238 718 3294 ἀνάξει

197 3310 242 3357 καὶ
254 3310 339 3365 παῖδας
351 3309 456 3370 παίδων,
468 3308 505 3358 τοί
517 3325 558 3359 κεν
572 3310 698 3372 μετόπισθε
713 3311 835 3370 γένωνται.

134 3430 316 3498 ὑπολαόόντες
330 3423 374 3490 ούν
389 3431 433 3492 τόν
449 3431 571 3513 Ὅμηρον
590 3435 617 3490 ἐν
632 3432 741 3511 Φρυγία
752 3431 921 3493 δυναστεύον-

135 3544 183 3586 τας
197 3519 298 3579 εἰδέναι
311 3521 370 3587 τοὺς
385 3520 500 3601 ἄνδρας,
514 3524 550 3588 ὡς
560 3518 592 3593 δὴ
609 3523 638 3579 οὐ
655 3522 762 3580 δυνατὸν
777 3523 804 3579 ἐν
818 3521 920 3582 Ἰταλία

82 3647 109 3685 3
135 3610 274 3675 οἰκοῦντας
288 3608 435 3686 βασιλεύειν
446 3608 556 3689 Τρώων,
565 3607 613 3681 τὴν
628 3610 791 3685 ἀνακομιδὴν
805 3617 852 3669 τοῦ
866 3615 920 3673 Αί-

136 3696 209 3757 νείου
224 3698 389 3757 ἀνέπλασαν.
405 3693 510 3778 Ἀρχειν
523 3697 550 3756 δὲ
560 3696 618 3779 [δὴ]
630 3701 681 3757 τῶν
691 3697 793 3779 Τρώων
803 3698 847 3764 σθς
857 3701 922 3772 ἔπη-

136 3811 199 3863 γετα
208 3786 258 3845 καί
268 3787 359 3845 ἄλλοθι
370 3787 579 3864 πολιτευομένων
589 3788 637 3846 οὐκ
649 3786 776 3847 ἀδύνατον
784 3778 829 3859 ἦν.
840 3784 922 3868 Ἔχοι

137 3876 161 3933 δ’
176 3876 211 3933 ἄν
227 3898 269 3941 τις
281 3879 329 3944 τῆς
342 3874 445 3947 ἀπάτης
460 3874 507 3934 καί
520 3873 610 3954 ίτίρας
626 3875 712 3940 αἰτίας
727 3875 879 3938 ὑπολαόείν.

177 3965 256 4026 Lli'.
278 3964 313 4023 Εἰ
327 3964 355 4022 δί
373 3986 446 4033 τινας
466 3962 593 4043 ταράττει
615 3968 645 4022 τὸ
662 3965 785 4043 πολλαχῇ
802 3964 924 4041 λέγεσθαί

86 4076 112 4115 ιο
137 4077 169 4113 τε
183 4054 232 4112 καί
246 4052 396 4112 δείκνυσθαι
407 4054 505 4133 τάφους
516 4050 639 4125 Αἰνείου,
659 4051 800 4130 ἀμηχάνου
811 4052 882 4120 ὄντος
895 4057 922 4114 ἰν

137 4140 245 4203 πλείοσι
260 4140 304 4200 τόν
317 4141 395 4201 αὐτόν
406 4142 534 4220 τεθάφθαι
548 4141 671 4222 χωρίοις,
687 4140 873 4217 ἐνθυμηθέντες
883 4139 924 4201 ότι

137 4230 226 4290 κοινόν
241 4231 314 4288 ἐστιν
328 4229 372 4288 ἐπὶ
387 4230 492 4289 πολλῶν
504 4228 580 4289 τοῦτό
593 4252 624 4307 γε
634 4229 665 4288 τὸ
679 4228 793 4307 ἀπορον,
808 4228 854 4288 καὶ
870 4230 924 4307 μά-

137 4322 219 4379 λιστα
245 4320 298 4375 τῶν
314 4316 362 4394 μὲν
385 4318 521 4396 ἐπιφανεῖς
544 4316 590 4385 τάς
611 4316 712 4395 τύχας,
735 4319 871 4391 πλάνητας
895 4319 923 4379 al

137 4406 200 4472 τοὺς
215 4406 286 4484 βίους
301 4405 474 4485 ἐσχηκότων,
490 4404 648 4481 μαθίτωσαν
662 4405 703 4465 ὅτι
718 4406 816 4486 χωρίον
827 4410 878 4482 μὲν
894 4406 922 4465 ἓν

89 4534 113 4572 ,ς
137 4497 170 4557 τό
184 4496 326 4573 δεξάμενον
340 4496 374 4554 τά
386 4492 490 4571 σώματ’
505 4497 591 4554 αὐτῶν
607 4485 656 4567 ἦν,
672 4497 789 4572 μνημεῖα
805 4495 831 4553 δὲ
850 4494 928 4577 παρά

138 4586 249 4653 πολλοῖς
265 4581 462 4644 κατεσκεύαστο
485 4583 519 4641 δι’
535 4583 637 4645 εὔνοιαν
661 4585 713 4641 τῶν
735 4584 763 4639 ἐν
787 4582 923 4660 ὠφελείαις

138 4674 194 4734 τισὶ
208 4673 243 4732 δι’
257 4671 350 4738 αὐτοὺς
362 4670 530 4750 γενομένων,
549 4673 657 4746 μάλιστ’
672 4672 696 4729 εί
709 4675 754 4728 τοῦ
768 4671 857 4748 γένους
872 4669 924 4725 αὖ·

139 4766 194 4821 τῶν
210 4786 236 4821 τι
257 4761 387 4842 περιῆνῆ
409 4758 511 4827 πόλεώς
534 4781 602 4824 τινος
625 4757 765 4825 ἀπόκτισις
785 4759 801 4829 ἢ
824 4754 924 4835 χρόνιοί

139 4874 207 4919 τινες
222 4850 268 4908 καί
286 4849 470 4931 φιλάνθρωποι
492 4845 588 4923 μοναί,
601 4834 643 4904 οἶα
660 4844 692 4916 δὴ
714 4843 834 4925 καὶπερὶ
851 4844 924 4902 τόνδε

93 4964 116 4999 ιο
139 4942 184 5001 τάν
201 4938 278 5019 ἥρωα
300 4933 508 5015 μυθολογούμεν’
530 4934 620 5013 ἴσμεν.
663 4932 737 5011 Ἰλίῳ
759 4932 806 5010 μίν
825 4930 876 5012 γὰρ
894 4931 924 4991 τδ

139 5029 178 5108 μὴ
192 5027 308 5087 πανσυδί
323 5027 503 5104 διαφθαρῆναι
516 5022 586 5082 κατὰ
595 5022 643 5092 τλν
655 5021 755 5081 ἅλωσιν
764 5019 923 5101 παρασχὼν,

139 5120 215 5201 τῇδὲ
233 5114 391 5191 καλουμένη
407 5112 539 5195 Βιύρυκίφ
557 5112 588 5171 τό
610 5111 775 5190 ἰπικουρικδν
790 5112 924 5184 διασωθῆ-

140 5231 183 5268 ναι
197 5203 430 5289 παρασκευοίσας,
451 5204 478 5261 ἰν
492 5201 599 5283 Φρυγίῳ
613 5199 642 5259 δὲ
656 5198 701 5260 τόν
715 5199 772 5260 υίδν
787 5198 923 5260 Ἀσκάνιον

1719 386 1762 462 se

980 533 1073 597 cepisse
1082 533 1166 585 lertur.
1199 535 1293 584 Deinde
1306 535 1336 585 od
1352 536 1456 587 insulam
1470 537 1626 603 appulerunt,
1638 540 1679 591 cui
1700 542 1761 591 Lau·

978 629 1050 679 casira
1063 643 1155 681 nomen
1171 630 1340 696 imposuerunt
1351 671 1356 695 ,
1366 648 1380 683 a
1390 634 1495 698 quadarn
1510 637 1592 687 ὤπυιε
1604 638 1758 698 consobrina,

978 736 1034 788 quas
1050 726 1075 777 in
1097 728 1143 778 lroc
1161 728 1216 778 loco
1227 729 1330 780 obierat.
1364 730 1433 781 lllinc
1443 745 1502 782 vero
1517 731 1593 784 delati
1604 735 1629 784 in
1646 734 1759 799 pulcrum

978 836 1007 872 ac
1020 823 1167 888 protundum
1180 825 1204 875 in
1216 825 1299 890 opicis
1310 830 1416 890 portum,
1429 829 1601 894 exstinctoque
1612 829 1647 882 ibi
1662 832 1760 889 Miseno

979 921 1086 986 quodam
1105 922 1159 974 viro
1177 925 1267 985 nobili,
1283 926 1314 975 ab
1336 940 1364 976 eo
1381 929 1478 989 portum
1496 931 1629 980 Misenum
1647 930 1759 983 uomina-

978 1022 1043 1069 1unt.
1077 1021 1190 1084 Cumque
1208 1021 1240 1070 ad
1256 1022 1361 1073 insulam
1381 1022 1528 1089 Prochytam
1547 1025 1618 1077 etad
1641 1041 1759 1091 promou-

979 1116 1070 1167 torinm
1087 1117 1198 1168 Caietam
1220 1119 1282 1169 torte
1295 1119 1459 1183 appulissent,
1474 1121 1560 1172 eodem
1576 1122 1759 1177 modonominn

978 1212 1016 1265 iris
1029 1212 1089 1264 locis
1109 1214 1295 1277 imposuerunt,
1316 1217 1383 1280 quod
1403 1217 1534 1269 mulierum
1549 1216 1720 1273 detunctorum
1734 1221 1759 1270 in

978 1310 1018 1362 his
1040 1311 1101 1361 locis
1117 1314 1275 1362 monumenta
1292 1313 1385 1367 serrari
1408 1314 1505 1365 uellent.
1538 1317 1631 1365 Harum
1648 1328 1705 1371 vero
1723 1316 1762 1365 al··

978 1412 1056 1459 teram
1069 1411 1152 1461 AEneoe
1164 1414 1292 1475 cognatam
1313 1386 1389 1461 luisse
1405 1412 1500 1471 terunt,
1513 1413 1614 1465 alteram
1627 1392 1765 1485 nutricem]

978 1504 1087 1557 Tandem
1107 1507 1256 1556 Laurentum
1277 1508 1301 1557 in
1318 1509 1433 1560 ultimum
1458 1509 1537 1559 ltaliae
1557 1511 1638 1569 locum
1670 1523 1758 1575 peruc-

977 1605 1076 1663 nerunt,
1097 1603 1142 1653 ubi
1164 1605 1263 1654 invenio
1289 1618 1399 1657 errorum
1419 1605 1468 1657 ilne
1493 1610 1574 1657 castra
1599 1611 1758 1673 posuerunt.

948 1676 951 1749 ἰ
977 1702 1002 1749 et
1025 1701 1094 1750 locus
1114 1701 1140 1751 in
1169 1715 1218 1765 quo
1240 1705 1303 1754 lrrrrc
1324 1702 1491 1771 castrametati
1509 1709 1583 1766 sunt,
1599 1706 1631 1754 ab
1652 1719 1682 1755 oo
1699 1710 1760 1756 teru-

977 1811 1035 1862 pore
1052 1799 1124 1849 Troia
1148 1804 1259 1861 uocatur,
1286 1814 1301 1849 a
1324 1802 1384 1851 mari
1402 1802 1499 1853 circiter
1523 1802 1602 1853 stadia
1616 1817 1642 1853 ιν
1656 1804 1758 1861 distans.

948 1956 950 2019 ρ
977 1899 1038 1947 Haec
1055 1901 1138 1948 autem
1155 1899 1262 1962 scripsi,
1279 1902 1353 1963 atque
1373 1900 1420 1950 hac
1439 1899 1589 1964 digressione
1609 1915 1672 1951 usus
1686 1914 1743 1952 sum

948 2022 950 2120 ρ
976 1995 1122 2046 necessitate
1148 2000 1248 2047 coactus
1278 2014 1284 2046 :
1307 1997 1364 2060 quia
1372 2030 1381 2077 A<
1391 1998 1523 2062 scriptores
1543 2000 1633 2064 partini
1668 2004 1760 2064 negant

976 2093 1077 2141 Meam
1092 2103 1149 2141 cum
1167 2091 1278 2142 Troianis
1291 2091 1316 2141 in
1337 2092 1432 2142 ltaliam
1452 2093 1557 2145 venisse.
1574 2094 1663 2156 partim
1683 2091 1759 2144 etiarn

948 2168 950 2269 ἶ
976 2188 1051 2238 mium
1062 2190 1171 2246 AEneam,
1182 2201 1232 2238 non
1245 2193 1332 2241 autern
1350 2189 1464 2241 Andrisco
1482 2191 1635 2259 Venerisque
1658 2191 1759 2246 silium:
1818 2214 1822 2219 ·

948 2282 950 2325 l
976 2286 1078 2351 quidam
1093 2287 1169 2336 etiam
1185 2287 1316 2338 Ascanium
1338 2290 1422 2338 AEneaa
1443 2288 1529 2343 lilium.
1546 2289 1587 2340 alii
1607 2290 1668 2345 allos
1683 2305 1760 2359 qnos-

947 2330 950 2483 ί
977 2383 1033 2433 dam
1053 2383 1129 2433 tuisse
1146 2386 1240 2447 putant.
1270 2386 1332 2434 Sunt
1345 2384 1419 2435 etiarn
1432 2386 1475 2449 qui
1488 2388 1589 2441 AEneam
1614 2388 1717 2442 Veneris
1733 2388 1761 2437 n-

948 2500 950 2564 γ
977 2482 1049 2543 lium,
1064 2496 1136 2533 manu
1149 2495 1248 2533 suorum
1263 2483 1288 2532 in
1303 2485 1398 2534 ltaliam
1412 2484 1530 2547 deducta,
1544 2485 1646 2537 domum
1659 2488 1760 2540 rediisse

948 2570 950 2599 Ι

977 2580 1002 2630 el
1016 2581 1096 2631 Troiae
1111 2594 1224 2642 regnasse
1241 2582 1340 2632 trudant
1359 2596 1486 2646 :cumque
1496 2588 1640 2645 moreretur,
1654 2587 1760 2637 Ascanio

977 2678 1026 2727 illio
1039 2692 1139 2741 regnum
1154 2678 1290 2742 reliquisse,
1301 2679 1405 2743 eiusque
1423 2681 1562 2743 progeniem
1581 2694 1684 2745 regnum
1702 2681 1759 2732 diu·
1817 2662 1820 2667 Α

948 2836 950 2847 1
976 2774 1071 2825 tissime
1097 2774 1235 2826 retinuisse.
1269 2773 1338 2833 Quod
1353 2775 1509 2827 crediderunt
1529 2777 1572 2841 (ut
1590 2791 1635 2843 ego
1649 2779 1760 2844 conicio)

948 2852 950 2891 ²
976 2871 1069 2935 decepti
1081 2872 1181 2922 Homeri
1202 2870 1353 2923 carminibus
1373 2886 1422 2922 non
1439 2878 1507 2925 recte
1526 2875 1664 2928 intellectis.
1698 2880 1760 2929 Nam

948 3016 950 3031 ,
976 2968 1002 3020 in
1023 2969 1097 3020 lliade
1122 2973 1251 3033 Neptunus
1272 2969 1433 3034 splendorem,
1453 2985 1527 3034 quem
1549 2975 1636 3025 AEneas
1657 2975 1760 3041 eiusque

947 3116 950 3197 Ι
977 3068 1068 3131 posteri
1082 3071 1152 3118 erant
1167 3067 1292 3131 adepturi,
1313 3068 1351 3121 iris
1371 3068 1453 3119 uerbis
1466 3069 1602 3133 praelatura

947 3206 949 3233 ³
1030 3208 1099 3253 Nunc
1107 3209 1185 3264 spitui·
1193 3210 1230 3254 ur's
1242 3211 1322 3255 ὤπυιε
1334 3211 1447 3256 Troianis
1457 3211 1585 3268 imperabit
1595 3246 1601 3267 ,

947 3274 950 3361 Ξ
1030 3279 1061 3324 Et
1073 3279 1127 3324 noti
1139 3284 1265 3335 raetorum,
1277 3285 1300 3326 el
1311 3282 1353 3339 ριιί
1366 3287 1416 3338 post
1426 3294 1464 3327 eos
1474 3288 1610 3328 αοεσοιιιαν.

977 3412 1100 3468 Quoniam
1116 3411 1190 3475 igitur
1203 3412 1378 3463 existimarunt
1390 3414 1524 3463 Homemm
1537 3413 1638 3464 misisse
1652 3412 1700 3465 hos
1718 3415 1759 3464 νί·

976 3505 1017 3541 ros
1031 3491 1056 3541 iu
1077 3491 1183 3556 Phrygia
1209 3504 1338 3556 regnasse,
1353 3491 1425 3557 qnasi
1446 3492 1558 3542 Troianis
1572 3494 1693 3557 imperare
1708 3507 1756 3543 non

910 3590 915 3604 ·
976 3570 1115 3633 potuissent
1127 3571 1150 3621 si
1169 3571 1282 3623 initalia
1301 3573 1443 3632 manerent,
1464 3572 1531 3621 nunc
1551 3574 1633 3622 AEnem
1648 3568 1757 3623 reditum

948 3684 950 3701 ι
976 3648 1107 3697 commenti
1134 3652 1201 3698 sunt.
1234 3648 1282 3697 Sed
1308 3648 1406 3698 omnino
1430 3648 1484 3698 fieri
1504 3652 1600 3711 poterat
1615 3652 1643 3699 ut
1658 3652 1759 3701 AEneas

977 3724 1242 3789 irnperarotTroianIs,
1253 3737 1316 3788 quos
1330 3739 1414 3774 secum
1423 3726 1537 3785 duxerat,
1548 3726 1662 3787 quamvis
1675 3727 1701 3774 in
1710 3727 1758 3776 alia

947 3826 949 3837 =
976 3804 1074 3868 regione
1095 3803 1207 3852 viverent
1220 3808 1245 3854 cl
1258 3817 1348 3852 novam
1363 3802 1538 3867 rempublicam
1559 3803 1686 3852 baberent.
1710 3805 1759 3853 Sed

947 3890 949 3939 !
976 3884 1037 3934 alias
1049 3897 1149 3947 quoque
1161 3882 1237 3932 huius
1249 3882 1340 3932 enoris
1356 3897 1443 3933 causas
1464 3882 1553 3946 aliquis
1565 3883 1654 3931 atierre
1670 3883 1756 3944 possit.

1007 3966 1070 4013 LIV.
1080 3967 1166 4026 ,Atque
1175 3964 1196 4013 si
1211 3975 1275 4026 quos
1289 3962 1376 4012 turbat
1386 3962 1453 4025 quod
1469 3960 1554 4010 multis
1567 3961 1591 4010 in
1604 3960 1666 4009 locis
1675 3954 1758 4011 AEnem

977 4048 1088 4114 sepulcra
1111 4050 1241 4098 narrerrtnr
1262 4059 1291 4095 ac
1312 4047 1490 4103 monstrentur,
1512 4055 1570 4093 cum
1589 4046 1672 4094 tamen
1691 4044 1759 4095 nullo

977 4133 1050 4182 modo
1062 4132 1116 4182 lieri
1127 4132 1220 4197 possit,
1232 4132 1262 4180 ut
1272 4143 1336 4179 unus
1357 4128 1472 4190 idemque
1481 4127 1594 4191 pluribus
1606 4127 1632 4176 in
1643 4127 1705 4178 locis
1718 4143 1758 4179 se·

977 4215 1061 4280 pullus
1072 4215 1112 4276 sit,
1125 4216 1233 4279 cogitent
1242 4213 1306 4262 banc
1321 4209 1492 4262 difficultatem
1507 4210 1591 4261 multis
1601 4223 1758 4262 communem

977 4290 1632 4362 τινα,ριωοίριωνειοαίενίιίι,ηυίίοιίυιιωηυίιίσιιι
1641 4293 1759 4344 beneseto

947 4420 950 4463 l
977 4380 1086 4431 illustres
1102 4382 1215 4439 luerunt,
1234 4377 1277 4428 sed
1293 4377 1372 4426 uitam
1386 4388 1472 4438 ragam
1487 4380 1610 4439 egerunt:
1625 4379 1652 4425 et
1665 4376 1755 4435 sciant,

947 4466 950 4491 ¹
978 4459 1166 4523 unumquidem
1181 4457 1262 4509 solum
1284 4456 1359 4507 luisse
1372 4456 1454 4506 locum
1477 4456 1521 4520 qui
1539 4470 1628 4520 corpus
1649 4456 1758 4518 ipsorum

978 4542 1120 4606 exceperit,
1143 4542 1185 4592 sed
1204 4541 1270 4605 apud
1292 4540 1385 4590 multos
1398 4552 1486 4591 eorum
1499 4540 1659 4588 monumenta
1678 4541 1758 4587 crecta

978 4639 1042 4687 esse,
1056 4628 1156 4689 propter
1174 4623 1370 4675 benevolentiam
1382 4622 1498 4682 illorum,
1511 4620 1553 4685 qui
1567 4619 1699 4670 utilitatem
1711 4619 1756 4668 ali·

948 4732 950 4751 ι
978 4721 1054 4771 quam
1075 4707 1107 4756 ab
1134 4708 1169 4756 eis
1197 4708 1373 4769 perceperant3
1399 4702 1535 4768 praesertim
1562 4715 1639 4763 siquae
1664 4701 1758 4764 generis

978 4793 1086 4857 ipsorum
1103 4788 1212 4851 reliquias
1223 4792 1295 4837 inter
1308 4802 1350 4838 eos
1364 4786 1535 4850 superessent,
1546 4786 1590 4834 aut
1603 4783 1664 4833 urbs
1676 4784 1758 4847 aliqua

978 4872 1010 4923 ab
1022 4874 1081 4937 ipsis
1094 4872 1206 4931 condita,
1223 4875 1266 4920 aut
1278 4870 1358 4921 sicubi
1377 4869 1471 4920 diutius
1488 4867 1643 4919 habitassent
1656 4873 1681 4918 et
1700 4882 1758 4919 cunr

978 4956 1098 5019 indigenis
1111 4955 1213 5005 comiter
1236 4955 1327 5004 uersati
1342 4954 1447 5004 luissent
1463 4971 1469 5000 ι
1485 4951 1567 5015 qualia
1579 4954 1637 5001 sunt
1653 4965 1709 5014 quae
1727 4951 1759 5002 de

977 5044 1026 5095 hoc
1041 5044 1116 5112 etiarn
1130 5044 1205 5094 heroe
1225 5042 1314 5093 tabulis
1334 5040 1431 5105 prodito
1452 5039 1553 5089 scimus.
1587 5039 1674 5089 nlleeit
1693 5040 1757 5089 enim

980 5142 1012 5178 ne
1023 5127 1095 5179 llium
1105 5130 1206 5191 captum
1216 5125 1328 5175 funditus
1336 5123 1470 5182 deleretur,
1483 5128 1508 5172 et
1519 5127 1548 5172 ut
1557 5122 1680 5171 sociorum
1692 5119 1759 5169 acui·

981 5208 1013 5258 lia
1025 5208 1051 5257 in
1063 5207 1205 5270 bebryciam
1223 5203 1291 5254 salva
1303 5205 1501 5263 reverterentur,
1515 5203 1540 5252 in
1557 5200 1661 5264 Pluygio
1676 5200 1753 5249 tilium

947 4202 950 4223 l

948 4226 950 4241 ι
