<?xml version="1.0" encoding="UTF-8"?>
<!DOCTYPE html PUBLIC "-//W3C//DTD XHTML 1.0 Transitional//EN"
    "http://www.w3.org/TR/xhtml1/DTD/xhtml1-transitional.dtd">
<html xmlns="http://www.w3.org/1999/xhtml" xml:lang="en" lang="en">
 <head>
  <title>
</title>
<meta http-equiv="Content-Type" content="text/html;charset=utf-8" />
  <meta name='ocr-system' content='tesseract 3.04.00' />
  <meta name='ocr-capabilities' content='ocr_page ocr_carea ocr_par ocr_line ocrx_word'/>
</head>
<body>
  <div class='ocr_page' id='page_1' title='image "./dionysiihalicar01prougoog_0639.png"; bbox 0 0 3980 5936; ppageno 0'>
   <div class='ocr_carea' id='block_1_1' title="bbox 244 436 307 498">
    <p class='ocr_par' dir='ltr' id='par_1_1' title="bbox 244 436 307 498">
     <span class='ocr_line' id='line_1_1' title="bbox 244 436 307 498; baseline -0.079 0"><span class='ocrx_word' id='word_1_1' title='bbox 244 436 307 498; x_wconf 73' lang='lat' dir='ltr'>ott</span> 
     </span>
    </p>
   </div>
   <div class='ocr_carea' id='block_1_2' title="bbox 201 547 1051 5339">
    <p class='ocr_par' dir='ltr' id='par_1_2' title="bbox 247 547 1027 910">
     <span class='ocr_line' id='line_1_2' title="bbox 248 547 1024 635; baseline -0.036 -3"><span class='ocrx_word' id='word_1_2' title='bbox 248 568 372 631; x_wconf 77' lang='grc' dir='ltr'>Αἰκανῶν</span> <span class='ocrx_word' id='word_1_3' title='bbox 388 560 512 635; x_wconf 85' lang='grc' dir='ltr'>δυνάμεις</span> <span class='ocrx_word' id='word_1_4' title='bbox 526 557 625 635; x_wconf 88' lang='grc' dir='ltr'>θμόσι,</span> <span class='ocrx_word' id='word_1_5' title='bbox 636 555 681 615; x_wconf 81' lang='grc' dir='ltr'>καὶ</span> <span class='ocrx_word' id='word_1_6' title='bbox 697 559 867 613; x_wconf 77' lang='grc' dir='ltr'>καταστᾶσαι</span> <span class='ocrx_word' id='word_1_7' title='bbox 881 547 1024 628; x_wconf 80' lang='grc' dir='ltr'>ἰμάχοντο,</span> 
     </span>
     <span class='ocr_line' id='line_1_3' title="bbox 247 637 1027 731; baseline -0.032 -14"><span class='ocrx_word' id='word_1_8' title='bbox 247 655 342 727; x_wconf 80' lang='grc' dir='ltr'>πλῆθει</span> <span class='ocrx_word' id='word_1_9' title='bbox 359 677 387 712; x_wconf 90' lang='grc' dir='ltr'>τι</span> <span class='ocrx_word' id='word_1_10' title='bbox 402 648 562 731; x_wconf 70' lang='grc' dir='ltr'><strong>ἀγχώμαλοι</strong></span> <span class='ocrx_word' id='word_1_11' title='bbox 574 637 653 705; x_wconf 77' lang='grc' dir='ltr'>ούσαι</span> <span class='ocrx_word' id='word_1_12' title='bbox 670 640 716 704; x_wconf 86' lang='grc' dir='ltr'>καί</span> <span class='ocrx_word' id='word_1_13' title='bbox 733 641 874 716; x_wconf 78' lang='grc' dir='ltr'>ὁπλισμοῖς</span> <span class='ocrx_word' id='word_1_14' title='bbox 897 638 942 697; x_wconf 86' lang='grc' dir='ltr'>καί</span> <span class='ocrx_word' id='word_1_15' title='bbox 960 658 1027 715; x_wconf 86' lang='grc' dir='ltr'>προ·</span> 
     </span>
     <span class='ocr_line' id='line_1_4' title="bbox 249 722 1027 823; baseline -0.032 -17"><span class='ocrx_word' id='word_1_16' title='bbox 249 744 346 823; x_wconf 90' lang='grc' dir='ltr'>θυμίαν</span> <span class='ocrx_word' id='word_1_17' title='bbox 366 738 548 820; x_wconf 87' lang='grc' dir='ltr'>παρεχόμεναι</span> <span class='ocrx_word' id='word_1_18' title='bbox 564 735 613 806; x_wconf 73' lang='grc' dir='ltr'>τῆν</span> <span class='ocrx_word' id='word_1_19' title='bbox 629 730 730 803; x_wconf 74' lang='grc' dir='ltr'>αὑτήν·</span> <span class='ocrx_word' id='word_1_20' title='bbox 754 726 800 788; x_wconf 83' lang='grc' dir='ltr'>καί</span> <span class='ocrx_word' id='word_1_21' title='bbox 826 725 958 802; x_wconf 88' lang='grc' dir='ltr'>διίμιιναν</span> <span class='ocrx_word' id='word_1_22' title='bbox 983 722 1027 782; x_wconf 75' lang='grc' dir='ltr'>ἐπί</span> 
     </span>
     <span class='ocr_line' id='line_1_5' title="bbox 249 812 1027 910; baseline -0.033 -16"><span class='ocrx_word' id='word_1_23' title='bbox 249 833 332 893; x_wconf 88' lang='grc' dir='ltr'>πολὺν</span> <span class='ocrx_word' id='word_1_24' title='bbox 347 830 443 910; x_wconf 90' lang='grc' dir='ltr'>χρόνον</span> <span class='ocrx_word' id='word_1_25' title='bbox 463 826 613 906; x_wconf 77' lang='grc' dir='ltr'>ἰσόρροποι,</span> <span class='ocrx_word' id='word_1_26' title='bbox 639 819 699 881; x_wconf 73' lang='lat' dir='ltr'><strong>eorl</strong></span> <span class='ocrx_word' id='word_1_27' title='bbox 713 816 760 893; x_wconf 75' lang='lat' dir='ltr'><strong>pta</strong></span> <span class='ocrx_word' id='word_1_28' title='bbox 782 814 962 881; x_wconf 64' lang='lat' dir='ltr'><strong>inebriemus</strong></span> <span class='ocrx_word' id='word_1_29' title='bbox 979 812 1027 869; x_wconf 89' lang='grc' dir='ltr'>άλ-</span> 
     </span>
    </p>

    <p class='ocr_par' dir='ltr' id='par_1_3' title="bbox 210 899 1032 1352">
     <span class='ocr_line' id='line_1_6' title="bbox 210 899 1030 994; baseline -0.033 -11"><span class='ocrx_word' id='word_1_30' title='bbox 210 959 223 994; x_wconf 69' lang='lat'><strong>,</strong></span> <span class='ocrx_word' id='word_1_31' title='bbox 250 922 353 993; x_wconf 81' lang='grc' dir='ltr'>λῆλοις,</span> <span class='ocrx_word' id='word_1_32' title='bbox 368 916 427 978; x_wconf 74' lang='lat' dir='ltr'><strong>eost</strong></span> <span class='ocrx_word' id='word_1_33' title='bbox 444 916 470 975; x_wconf 81' lang='lat' dir='ltr'>tl</span> <span class='ocrx_word' id='word_1_34' title='bbox 487 916 700 991; x_wconf 74' lang='grc' dir='ltr'>ὑποχωροῦντος,</span> <span class='ocrx_word' id='word_1_35' title='bbox 713 904 804 972; x_wconf 78' lang='grc' dir='ltr'>ἱππεῖς</span> <span class='ocrx_word' id='word_1_36' title='bbox 818 925 848 962; x_wconf 90' lang='grc' dir='ltr'>τε</span> <span class='ocrx_word' id='word_1_37' title='bbox 862 903 972 961; x_wconf 76' lang='grc' dir='ltr'>ἱππεῦσι</span> <span class='ocrx_word' id='word_1_38' title='bbox 984 899 1030 960; x_wconf 84' lang='grc' dir='ltr'>καί</span> 
     </span>
     <span class='ocr_line' id='line_1_7' title="bbox 251 991 1032 1079; baseline -0.033 -8"><span class='ocrx_word' id='word_1_39' title='bbox 251 1010 323 1079; x_wconf 86' lang='grc' dir='ltr'>πεζοί</span> <span class='ocrx_word' id='word_1_40' title='bbox 336 1009 442 1077; x_wconf 89' lang='grc' dir='ltr'>πεζοῖς,</span> <span class='ocrx_word' id='word_1_41' title='bbox 459 1001 506 1063; x_wconf 80' lang='grc' dir='ltr'>καὶ</span> <span class='ocrx_word' id='word_1_42' title='bbox 521 1000 614 1060; x_wconf 81' lang='grc' dir='ltr'>ἔπεσον</span> <span class='ocrx_word' id='word_1_43' title='bbox 634 997 661 1065; x_wconf 74' lang='grc' dir='ltr'>ἐξ</span> <span class='ocrx_word' id='word_1_44' title='bbox 673 995 806 1072; x_wconf 75' lang='grc' dir='ltr'>ἑκατέρων</span> <span class='ocrx_word' id='word_1_45' title='bbox 822 992 913 1070; x_wconf 81' lang='grc' dir='ltr'>ἄνδρες</span> <span class='ocrx_word' id='word_1_46' title='bbox 936 991 1032 1069; x_wconf 87' lang='grc' dir='ltr'>ἰπιφα-</span> 
     </span>
     <span class='ocr_line' id='line_1_8' title="bbox 250 1080 1029 1170; baseline -0.028 -10"><span class='ocrx_word' id='word_1_47' title='bbox 250 1109 313 1167; x_wconf 88' lang='grc' dir='ltr'>νεῖς.</span> <span class='ocrx_word' id='word_1_48' title='bbox 355 1093 471 1156; x_wconf 83' lang='grc' dir='ltr'>Ἐπιιτα</span> <span class='ocrx_word' id='word_1_49' title='bbox 496 1090 581 1170; x_wconf 79' lang='grc' dir='ltr'>κρίσιν</span> <span class='ocrx_word' id='word_1_50' title='bbox 600 1080 888 1164; x_wconf 82' lang='grc' dir='ltr'>λαμύάνιιότεολεμος</span> <span class='ocrx_word' id='word_1_51' title='bbox 908 1080 1029 1147; x_wconf 71' lang='grc' dir='ltr'>ἐπιτελῆ.</span> 
     </span>
     <span class='ocr_line' id='line_1_9' title="bbox 252 1167 1031 1269; baseline -0.035 -18"><span class='ocrx_word' id='word_1_52' title='bbox 252 1188 287 1250; x_wconf 76' lang='lat'>‘0</span> <span class='ocrx_word' id='word_1_53' title='bbox 300 1187 352 1269; x_wconf 76' lang='grc' dir='ltr'>γάρ</span> <span class='ocrx_word' id='word_1_54' title='bbox 367 1184 476 1251; x_wconf 77' lang='grc' dir='ltr'>Σίκκιος</span> <span class='ocrx_word' id='word_1_55' title='bbox 486 1181 532 1241; x_wconf 84' lang='grc' dir='ltr'>καί</span> <span class='ocrx_word' id='word_1_56' title='bbox 546 1181 570 1238; x_wconf 82' lang='grc' dir='ltr'>οἱ</span> <span class='ocrx_word' id='word_1_57' title='bbox 581 1179 629 1238; x_wconf 85' lang='grc' dir='ltr'>οὑν</span> <span class='ocrx_word' id='word_1_58' title='bbox 645 1178 733 1255; x_wconf 79' lang='grc' dir='ltr'>αὑτῷ,</span> <span class='ocrx_word' id='word_1_59' title='bbox 749 1170 840 1243; x_wconf 81' lang='grc' dir='ltr'>ἰπειδὴ</span> <span class='ocrx_word' id='word_1_60' title='bbox 850 1168 963 1242; x_wconf 83' lang='grc' dir='ltr'>πλησίον</span> <span class='ocrx_word' id='word_1_61' title='bbox 975 1167 1031 1243; x_wconf 80' lang='grc' dir='ltr'>ἐγί-</span> 
     </span>
     <span class='ocr_line' id='line_1_10' title="bbox 251 1258 1031 1352; baseline -0.029 -15"><span class='ocrx_word' id='word_1_62' title='bbox 251 1300 329 1337; x_wconf 92' lang='grc' dir='ltr'>νοντο</span> <span class='ocrx_word' id='word_1_63' title='bbox 345 1279 390 1346; x_wconf 84' lang='grc' dir='ltr'>τῆς</span> <span class='ocrx_word' id='word_1_64' title='bbox 410 1269 584 1352; x_wconf 82' lang='grc' dir='ltr'>παρεμόολῆς</span> <span class='ocrx_word' id='word_1_65' title='bbox 596 1268 649 1325; x_wconf 88' lang='grc' dir='ltr'>τῶν</span> <span class='ocrx_word' id='word_1_66' title='bbox 665 1266 805 1333; x_wconf 80' lang='grc' dir='ltr'>Αἰκανῶν,</span> <span class='ocrx_word' id='word_1_67' title='bbox 824 1258 977 1339; x_wconf 74' lang='grc' dir='ltr'>ἀφύλακτον</span> <span class='ocrx_word' id='word_1_68' title='bbox 990 1260 1031 1314; x_wconf 87' lang='grc' dir='ltr'>εὑ·</span> 
     </span>
    </p>

    <p class='ocr_par' dir='ltr' id='par_1_4' title="bbox 201 1345 1033 1809">
     <span class='ocr_line' id='line_1_11' title="bbox 201 1345 1031 1447; baseline -0.031 -18"><span class='ocrx_word' id='word_1_69' title='bbox 201 1398 227 1435; x_wconf 72' lang='grc' dir='ltr'>ιο</span> <span class='ocrx_word' id='word_1_70' title='bbox 254 1366 338 1447; x_wconf 90' lang='grc' dir='ltr'>ρόντες</span> <span class='ocrx_word' id='word_1_71' title='bbox 353 1366 437 1424; x_wconf 76' lang='grc' dir='ltr'>ἐκεῖνο</span> <span class='ocrx_word' id='word_1_72' title='bbox 449 1361 480 1419; x_wconf 82' lang='grc' dir='ltr'>τό</span> <span class='ocrx_word' id='word_1_73' title='bbox 499 1364 578 1438; x_wconf 85' lang='grc' dir='ltr'>μίρος</span> <span class='ocrx_word' id='word_1_74' title='bbox 593 1360 639 1415; x_wconf 82' lang='grc' dir='ltr'>τοὺ</span> <span class='ocrx_word' id='word_1_75' title='bbox 651 1353 785 1435; x_wconf 80' lang='grc' dir='ltr'>χάρακος·</span> <span class='ocrx_word' id='word_1_76' title='bbox 803 1349 847 1409; x_wconf 67' lang='lat' dir='ltr'>tet</span> <span class='ocrx_word' id='word_1_77' title='bbox 860 1347 912 1428; x_wconf 79' lang='grc' dir='ltr'>γάρ</span> <span class='ocrx_word' id='word_1_78' title='bbox 933 1345 1031 1424; x_wconf 89' lang='grc' dir='ltr'>θάτερα</span> 
     </span>
     <span class='ocr_line' id='line_1_12' title="bbox 253 1439 1030 1534; baseline -0.031 -18"><span class='ocrx_word' id='word_1_79' title='bbox 253 1455 287 1516; x_wconf 73' lang='grc' dir='ltr'>τά</span> <span class='ocrx_word' id='word_1_80' title='bbox 301 1456 362 1534; x_wconf 79' lang='grc' dir='ltr'>πρὸς</span> <span class='ocrx_word' id='word_1_81' title='bbox 382 1452 443 1519; x_wconf 86' lang='grc' dir='ltr'>τοὺς</span> <span class='ocrx_word' id='word_1_82' title='bbox 458 1449 626 1528; x_wconf 86' lang='grc' dir='ltr'>μαχομίνους</span> <span class='ocrx_word' id='word_1_83' title='bbox 648 1440 817 1522; x_wconf 73' lang='grc' dir='ltr'>τετραμμένα</span> <span class='ocrx_word' id='word_1_84' title='bbox 835 1440 914 1521; x_wconf 57' lang='grc' dir='ltr'>μίρηἱ</span> <span class='ocrx_word' id='word_1_85' title='bbox 925 1439 1030 1507; x_wconf 72' lang='grc' dir='ltr'>πᾶσαὴ</span> 
     </span>
     <span class='ocr_line' id='line_1_13' title="bbox 254 1522 1031 1627; baseline -0.036 -20"><span class='ocrx_word' id='word_1_86' title='bbox 254 1545 421 1627; x_wconf 80' lang='grc' dir='ltr'>φυλάττουσα</span> <span class='ocrx_word' id='word_1_87' title='bbox 438 1539 516 1598; x_wconf 82' lang='grc' dir='ltr'>αὑτὸν</span> <span class='ocrx_word' id='word_1_88' title='bbox 533 1536 643 1614; x_wconf 88' lang='grc' dir='ltr'>δύναμις</span> <span class='ocrx_word' id='word_1_89' title='bbox 668 1529 796 1611; x_wconf 86' lang='grc' dir='ltr'>ἰτράπετο</span> <span class='ocrx_word' id='word_1_90' title='bbox 817 1524 887 1586; x_wconf 80' lang='grc' dir='ltr'>κατά</span> <span class='ocrx_word' id='word_1_91' title='bbox 906 1522 967 1581; x_wconf 81' lang='grc' dir='ltr'>θίαν</span> <span class='ocrx_word' id='word_1_92' title='bbox 984 1525 1031 1581; x_wconf 85' lang='grc' dir='ltr'>τοῶ</span> 
     </span>
     <span class='ocr_line' id='line_1_14' title="bbox 253 1610 1033 1717; baseline -0.037 -20"><span class='ocrx_word' id='word_1_93' title='bbox 253 1639 368 1717; x_wconf 85' lang='grc' dir='ltr'>οἰγῶνος·</span> <span class='ocrx_word' id='word_1_94' title='bbox 381 1627 579 1694; x_wconf 84' lang='grc' dir='ltr'>ἰπιισπισόντες</span> <span class='ocrx_word' id='word_1_95' title='bbox 599 1623 668 1684; x_wconf 80' lang='grc' dir='ltr'>κατά</span> <span class='ocrx_word' id='word_1_96' title='bbox 690 1620 791 1689; x_wconf 83' lang='grc' dir='ltr'>πολλὴν</span> <span class='ocrx_word' id='word_1_97' title='bbox 810 1614 947 1676; x_wconf 74' lang='grc' dir='ltr'>εὐπέτειαν</span> <span class='ocrx_word' id='word_1_98' title='bbox 963 1610 1033 1671; x_wconf 80' lang='grc' dir='ltr'>κατδ</span> 
     </span>
     <span class='ocr_line' id='line_1_15' title="bbox 254 1699 1031 1809; baseline -0.039 -21"><span class='ocrx_word' id='word_1_99' title='bbox 254 1730 368 1809; x_wconf 85' lang='grc' dir='ltr'>κορυφῆς</span> <span class='ocrx_word' id='word_1_100' title='bbox 388 1720 502 1801; x_wconf 87' lang='grc' dir='ltr'>γίνονται</span> <span class='ocrx_word' id='word_1_101' title='bbox 517 1719 569 1775; x_wconf 89' lang='grc' dir='ltr'>τῶν</span> <span class='ocrx_word' id='word_1_102' title='bbox 591 1711 726 1794; x_wconf 89' lang='grc' dir='ltr'>φυλάκων·</span> <span class='ocrx_word' id='word_1_103' title='bbox 741 1706 833 1767; x_wconf 74' lang='grc' dir='ltr'>ἔπειτα</span> <span class='ocrx_word' id='word_1_104' title='bbox 850 1699 1031 1770; x_wconf 75' lang='grc' dir='ltr'>ἀλαλάξαντες</span> 
     </span>
    </p>

    <p class='ocr_par' dir='ltr' id='par_1_5' title="bbox 204 1793 1035 2238">
     <span class='ocr_line' id='line_1_16' title="bbox 204 1793 1032 1878; baseline -0.035 0"><span class='ocrx_word' id='word_1_105' title='bbox 204 1841 227 1878; x_wconf 83' lang='lat' dir='ltr'><strong>rs</strong></span> <span class='ocrx_word' id='word_1_106' title='bbox 254 1815 324 1874; x_wconf 86' lang='grc' dir='ltr'>ἔθεον</span> <span class='ocrx_word' id='word_1_107' title='bbox 342 1810 383 1871; x_wconf 82' lang='grc' dir='ltr'>ίπ’</span> <span class='ocrx_word' id='word_1_108' title='bbox 402 1803 504 1874; x_wconf 83' lang='grc' dir='ltr'>αὐτούς.</span> <span class='ocrx_word' id='word_1_109' title='bbox 526 1804 562 1864; x_wconf 83' lang='grc' dir='ltr'>Οἱ</span> <span class='ocrx_word' id='word_1_110' title='bbox 577 1801 604 1860; x_wconf 77' lang='grc' dir='ltr'>δὲ</span> <span class='ocrx_word' id='word_1_111' title='bbox 618 1800 670 1861; x_wconf 80' lang='grc' dir='ltr'>ὑπό</span> <span class='ocrx_word' id='word_1_112' title='bbox 682 1803 730 1857; x_wconf 81' lang='grc' dir='ltr'>τοῦ</span> <span class='ocrx_word' id='word_1_113' title='bbox 744 1798 809 1875; x_wconf 90' lang='grc' dir='ltr'>παρ’</span> <span class='ocrx_word' id='word_1_114' title='bbox 824 1793 918 1855; x_wconf 74' lang='grc' dir='ltr'>ἐλπίδα</span> <span class='ocrx_word' id='word_1_115' title='bbox 949 1795 1032 1853; x_wconf 82' lang='grc' dir='ltr'>δεινοῦ</span> 
     </span>
     <span class='ocr_line' id='line_1_17' title="bbox 255 1876 1035 1980; baseline -0.031 -17"><span class='ocrx_word' id='word_1_116' title='bbox 255 1897 458 1980; x_wconf 70' lang='grc' dir='ltr'>ἐκταραχθέντες</span> <span class='ocrx_word' id='word_1_117' title='bbox 469 1892 515 1954; x_wconf 83' lang='grc' dir='ltr'>καί</span> <span class='ocrx_word' id='word_1_118' title='bbox 529 1893 558 1951; x_wconf 87' lang='grc' dir='ltr'>ού</span> <span class='ocrx_word' id='word_1_119' title='bbox 575 1888 714 1957; x_wconf 81' lang='grc' dir='ltr'>τοσούτους</span> <span class='ocrx_word' id='word_1_120' title='bbox 725 1876 791 1946; x_wconf 82' lang='grc' dir='ltr'>εἶναι</span> <span class='ocrx_word' id='word_1_121' title='bbox 804 1882 937 1955; x_wconf 76' lang='grc' dir='ltr'>δόξαντες,</span> <span class='ocrx_word' id='word_1_122' title='bbox 964 1878 1035 1940; x_wconf 77' lang='grc' dir='ltr'>ἀλλά</span> 
     </span>
     <span class='ocr_line' id='line_1_18' title="bbox 255 1971 1032 2068; baseline -0.027 -20"><span class='ocrx_word' id='word_1_123' title='bbox 255 1990 300 2048; x_wconf 82' lang='grc' dir='ltr'>τόν</span> <span class='ocrx_word' id='word_1_124' title='bbox 312 1987 400 2068; x_wconf 80' lang='grc' dir='ltr'>ίτερον</span> <span class='ocrx_word' id='word_1_125' title='bbox 410 1984 484 2057; x_wconf 79' lang='grc' dir='ltr'>ἥκειν</span> <span class='ocrx_word' id='word_1_126' title='bbox 501 1981 613 2056; x_wconf 82' lang='grc' dir='ltr'>ὑπατον,</span> <span class='ocrx_word' id='word_1_127' title='bbox 629 1977 727 2054; x_wconf 87' lang='grc' dir='ltr'>άγοντα</span> <span class='ocrx_word' id='word_1_128' title='bbox 740 1976 788 2045; x_wconf 78' lang='grc' dir='ltr'>τῆν</span> <span class='ocrx_word' id='word_1_129' title='bbox 805 1972 853 2032; x_wconf 88' lang='grc' dir='ltr'>σὺν</span> <span class='ocrx_word' id='word_1_130' title='bbox 868 1974 941 2054; x_wconf 80' lang='grc' dir='ltr'>αύτῷ</span> <span class='ocrx_word' id='word_1_131' title='bbox 956 1971 1032 2031; x_wconf 89' lang='grc' dir='ltr'>δύνα-</span> 
     </span>
     <span class='ocr_line' id='line_1_19' title="bbox 257 2055 1032 2157; baseline -0.028 -19"><span class='ocrx_word' id='word_1_132' title='bbox 257 2101 317 2153; x_wconf 53' lang='grc' dir='ltr'>μιν,</span> <span class='ocrx_word' id='word_1_133' title='bbox 342 2073 479 2157; x_wconf 86' lang='grc' dir='ltr'>ίρρίπτουν</span> <span class='ocrx_word' id='word_1_134' title='bbox 496 2068 545 2138; x_wconf 73' lang='grc' dir='ltr'>ἵζω</span> <span class='ocrx_word' id='word_1_135' title='bbox 565 2073 611 2126; x_wconf 84' lang='grc' dir='ltr'>τοῦ</span> <span class='ocrx_word' id='word_1_136' title='bbox 634 2064 751 2146; x_wconf 78' lang='grc' dir='ltr'>χάρακος</span> <span class='ocrx_word' id='word_1_137' title='bbox 774 2058 898 2135; x_wconf 76' lang='grc' dir='ltr'>ὑαυτοὺς,</span> <span class='ocrx_word' id='word_1_138' title='bbox 925 2055 1032 2118; x_wconf 77' lang='grc' dir='ltr'>οὐδίτά</span> 
     </span>
     <span class='ocr_line' id='line_1_20' title="bbox 256 2147 1031 2238; baseline -0.022 -14"><span class='ocrx_word' id='word_1_139' title='bbox 256 2168 326 2225; x_wconf 85' lang='grc' dir='ltr'>ὅπλα</span> <span class='ocrx_word' id='word_1_140' title='bbox 340 2167 365 2223; x_wconf 81' lang='lat' dir='ltr'>ot</span> <span class='ocrx_word' id='word_1_141' title='bbox 376 2160 470 2222; x_wconf 81' lang='grc' dir='ltr'>πολλοὶ</span> <span class='ocrx_word' id='word_1_142' title='bbox 481 2154 652 2238; x_wconf 79' lang='grc' dir='ltr'>φυλάξαντες.</span> <span class='ocrx_word' id='word_1_143' title='bbox 695 2153 731 2212; x_wconf 86' lang='lat' dir='ltr'>ot</span> <span class='ocrx_word' id='word_1_144' title='bbox 747 2149 775 2209; x_wconf 75' lang='grc' dir='ltr'>δὲ</span> <span class='ocrx_word' id='word_1_145' title='bbox 789 2149 849 2227; x_wconf 80' lang='grc' dir='ltr'>περὶ</span> <span class='ocrx_word' id='word_1_146' title='bbox 862 2147 907 2206; x_wconf 80' lang='grc' dir='ltr'>τὸν</span> <span class='ocrx_word' id='word_1_147' title='bbox 923 2147 1031 2208; x_wconf 81' lang='grc' dir='ltr'>Σίκκιον</span> 
     </span>
    </p>

    <p class='ocr_par' dir='ltr' id='par_1_6' title="bbox 202 2235 1034 2423">
     <span class='ocr_line' id='line_1_21' title="bbox 202 2235 1034 2326; baseline -0.028 -10"><span class='ocrx_word' id='word_1_148' title='bbox 202 2278 230 2316; x_wconf 82' lang='grc' dir='ltr'>ευ</span> <span class='ocrx_word' id='word_1_149' title='bbox 256 2252 315 2321; x_wconf 78' lang='grc' dir='ltr'>τούς</span> <span class='ocrx_word' id='word_1_150' title='bbox 332 2243 620 2326; x_wconf 82' lang='grc' dir='ltr'>καταλαμόανομίνονς</span> <span class='ocrx_word' id='word_1_151' title='bbox 641 2242 727 2302; x_wconf 83' lang='grc' dir='ltr'>αὑτῶν</span> <span class='ocrx_word' id='word_1_152' title='bbox 740 2236 904 2319; x_wconf 79' lang='grc' dir='ltr'>φονεύοντες,</span> <span class='ocrx_word' id='word_1_153' title='bbox 923 2235 969 2294; x_wconf 78' lang='grc' dir='ltr'>καί</span> <span class='ocrx_word' id='word_1_154' title='bbox 988 2238 1034 2294; x_wconf 82' lang='grc' dir='ltr'>τοὺ</span> 
     </span>
     <span class='ocr_line' id='line_1_22' title="bbox 256 2322 1030 2423; baseline -0.03 -19"><span class='ocrx_word' id='word_1_155' title='bbox 256 2343 372 2423; x_wconf 81' lang='grc' dir='ltr'>χάρακος</span> <span class='ocrx_word' id='word_1_156' title='bbox 381 2337 575 2420; x_wconf 80' lang='grc' dir='ltr'>κρατήσαντες,</span> <span class='ocrx_word' id='word_1_157' title='bbox 594 2330 711 2413; x_wconf 83' lang='grc' dir='ltr'>ἰχώρουν</span> <span class='ocrx_word' id='word_1_158' title='bbox 722 2328 766 2388; x_wconf 63' lang='lat' dir='ltr'>tel</span> <span class='ocrx_word' id='word_1_159' title='bbox 775 2327 834 2393; x_wconf 76' lang='grc' dir='ltr'>τοδς</span> <span class='ocrx_word' id='word_1_160' title='bbox 848 2329 876 2386; x_wconf 76' lang='grc' dir='ltr'>ἐν</span> <span class='ocrx_word' id='word_1_161' title='bbox 889 2327 928 2404; x_wconf 82' lang='grc' dir='ltr'>τῷ</span> <span class='ocrx_word' id='word_1_162' title='bbox 937 2322 1030 2404; x_wconf 83' lang='grc' dir='ltr'>πεδίῳ.</span> 
     </span>
    </p>

    <p class='ocr_par' dir='ltr' id='par_1_7' title="bbox 257 2413 1034 2684">
     <span class='ocr_line' id='line_1_23' title="bbox 257 2413 1033 2502; baseline -0.027 -10"><span class='ocrx_word' id='word_1_163' title='bbox 257 2434 292 2492; x_wconf 81' lang='grc' dir='ltr'>Οἱ</span> <span class='ocrx_word' id='word_1_164' title='bbox 306 2432 335 2491; x_wconf 84' lang='grc' dir='ltr'>δί</span> <span class='ocrx_word' id='word_1_165' title='bbox 360 2426 471 2491; x_wconf 84' lang='grc' dir='ltr'>Αἰκανοί</span> <span class='ocrx_word' id='word_1_166' title='bbox 497 2429 544 2484; x_wconf 82' lang='grc' dir='ltr'>τοὺ</span> <span class='ocrx_word' id='word_1_167' title='bbox 565 2423 683 2502; x_wconf 87' lang='grc' dir='ltr'>χάρακος</span> <span class='ocrx_word' id='word_1_168' title='bbox 697 2416 745 2491; x_wconf 83' lang='grc' dir='ltr'>τὴν</span> <span class='ocrx_word' id='word_1_169' title='bbox 764 2415 863 2476; x_wconf 82' lang='grc' dir='ltr'>άλωπιν</span> <span class='ocrx_word' id='word_1_170' title='bbox 878 2413 930 2474; x_wconf 81' lang='grc' dir='ltr'>αἰπύ</span> <span class='ocrx_word' id='word_1_171' title='bbox 943 2435 973 2474; x_wconf 84' lang='grc' dir='ltr'>τε</span> <span class='ocrx_word' id='word_1_172' title='bbox 985 2416 1033 2485; x_wconf 88' lang='grc' dir='ltr'>τῆς</span> 
     </span>
     <span class='ocr_line' id='line_1_24' title="bbox 257 2501 1031 2601; baseline -0.025 -22"><span class='ocrx_word' id='word_1_173' title='bbox 257 2524 342 2601; x_wconf 80' lang='grc' dir='ltr'>φυγῆς</span> <span class='ocrx_word' id='word_1_174' title='bbox 362 2515 408 2579; x_wconf 83' lang='grc' dir='ltr'>καλ</span> <span class='ocrx_word' id='word_1_175' title='bbox 422 2518 469 2587; x_wconf 85' lang='grc' dir='ltr'>τῆς</span> <span class='ocrx_word' id='word_1_176' title='bbox 490 2516 606 2594; x_wconf 76' lang='grc' dir='ltr'>κραυγῆς</span> <span class='ocrx_word' id='word_1_177' title='bbox 627 2512 680 2568; x_wconf 89' lang='grc' dir='ltr'>τῶν</span> <span class='ocrx_word' id='word_1_178' title='bbox 705 2504 836 2590; x_wconf 84' lang='grc' dir='ltr'>οφετίρων</span> <span class='ocrx_word' id='word_1_179' title='bbox 866 2501 1031 2578; x_wconf 83' lang='grc' dir='ltr'>αἰσθόμενοι,</span> 
     </span>
     <span class='ocr_line' id='line_1_25' title="bbox 258 2590 1034 2684; baseline -0.027 -14"><span class='ocrx_word' id='word_1_180' title='bbox 258 2610 304 2671; x_wconf 84' lang='grc' dir='ltr'>καὶ</span> <span class='ocrx_word' id='word_1_181' title='bbox 319 2610 377 2684; x_wconf 91' lang='grc' dir='ltr'>μιτ’</span> <span class='ocrx_word' id='word_1_182' title='bbox 393 2609 423 2667; x_wconf 89' lang='grc' dir='ltr'>ού</span> <span class='ocrx_word' id='word_1_183' title='bbox 446 2604 513 2664; x_wconf 81' lang='grc' dir='ltr'>πολὺ</span> <span class='ocrx_word' id='word_1_184' title='bbox 537 2600 606 2662; x_wconf 81' lang='grc' dir='ltr'>κατά</span> <span class='ocrx_word' id='word_1_185' title='bbox 627 2599 710 2658; x_wconf 82' lang='grc' dir='ltr'>νώτου</span> <span class='ocrx_word' id='word_1_186' title='bbox 722 2597 796 2678; x_wconf 87' lang='grc' dir='ltr'>σφίσι</span> <span class='ocrx_word' id='word_1_187' title='bbox 819 2590 880 2661; x_wconf 85' lang='grc' dir='ltr'>τοὺς</span> <span class='ocrx_word' id='word_1_188' title='bbox 894 2590 1034 2670; x_wconf 90' lang='grc' dir='ltr'>πολεμίους</span> 
     </span>
    </p>

    <p class='ocr_par' dir='ltr' id='par_1_8' title="bbox 205 2677 1039 3114">
     <span class='ocr_line' id='line_1_26' title="bbox 205 2677 1033 2772; baseline -0.024 -15"><span class='ocrx_word' id='word_1_189' title='bbox 205 2718 231 2757; x_wconf 79' lang='grc' dir='ltr'>ει</span> <span class='ocrx_word' id='word_1_190' title='bbox 258 2701 379 2763; x_wconf 81' lang='grc' dir='ltr'>ἐπιόντας</span> <span class='ocrx_word' id='word_1_191' title='bbox 389 2698 516 2772; x_wconf 81' lang='grc' dir='ltr'>δρῶντες,</span> <span class='ocrx_word' id='word_1_192' title='bbox 534 2688 621 2751; x_wconf 85' lang='grc' dir='ltr'>ούκίτι</span> <span class='ocrx_word' id='word_1_193' title='bbox 634 2693 752 2766; x_wconf 86' lang='grc' dir='ltr'>γενναῖον</span> <span class='ocrx_word' id='word_1_194' title='bbox 764 2681 839 2744; x_wconf 67' lang='lat' dir='ltr'><strong>uidit</strong></span> <span class='ocrx_word' id='word_1_195' title='bbox 851 2677 1033 2755; x_wconf 78' lang='grc' dir='ltr'>ἀπεδείξαντο,</span> 
     </span>
     <span class='ocr_line' id='line_1_27' title="bbox 260 2767 1036 2848; baseline -0.03 -1"><span class='ocrx_word' id='word_1_196' title='bbox 260 2786 330 2848; x_wconf 78' lang='grc' dir='ltr'>ἀλλὰ</span> <span class='ocrx_word' id='word_1_197' title='bbox 347 2781 541 2844; x_wconf 87' lang='grc' dir='ltr'>διασπάσαντες</span> <span class='ocrx_word' id='word_1_198' title='bbox 553 2777 603 2846; x_wconf 81' lang='grc' dir='ltr'>τάς</span> <span class='ocrx_word' id='word_1_199' title='bbox 616 2774 701 2844; x_wconf 76' lang='grc' dir='ltr'>τάξεις</span> <span class='ocrx_word' id='word_1_200' title='bbox 716 2771 813 2841; x_wconf 75' lang='grc' dir='ltr'>ἔσωζον</span> <span class='ocrx_word' id='word_1_201' title='bbox 834 2767 942 2833; x_wconf 75' lang='grc' dir='ltr'>ὑαυτοὺς</span> <span class='ocrx_word' id='word_1_202' title='bbox 960 2767 1036 2827; x_wconf 82' lang='grc' dir='ltr'>ἄλλοι</span> 
     </span>
     <span class='ocr_line' id='line_1_28' title="bbox 259 2855 1036 2940; baseline -0.031 -3"><span class='ocrx_word' id='word_1_203' title='bbox 259 2878 318 2937; x_wconf 89' lang='grc' dir='ltr'>κατ’</span> <span class='ocrx_word' id='word_1_204' title='bbox 345 2873 427 2940; x_wconf 87' lang='grc' dir='ltr'>άλλας</span> <span class='ocrx_word' id='word_1_205' title='bbox 450 2870 535 2935; x_wconf 88' lang='grc' dir='ltr'>ὑδούς·</span> <span class='ocrx_word' id='word_1_206' title='bbox 555 2866 616 2928; x_wconf 87' lang='grc' dir='ltr'>ίνθα</span> <span class='ocrx_word' id='word_1_207' title='bbox 638 2867 653 2924; x_wconf 87' lang='grc' dir='ltr'>θ</span> <span class='ocrx_word' id='word_1_208' title='bbox 678 2863 799 2926; x_wconf 83' lang='grc' dir='ltr'>πλεῖστος</span> <span class='ocrx_word' id='word_1_209' title='bbox 822 2860 908 2916; x_wconf 87' lang='grc' dir='ltr'>αὐτῶν</span> <span class='ocrx_word' id='word_1_210' title='bbox 937 2855 1036 2935; x_wconf 86' lang='grc' dir='ltr'>ἰγίνετο</span> 
     </span>
     <span class='ocr_line' id='line_1_29' title="bbox 260 2942 1039 3045; baseline -0.028 -22"><span class='ocrx_word' id='word_1_211' title='bbox 260 2964 344 3045; x_wconf 80' lang='grc' dir='ltr'>φόνος.</span> <span class='ocrx_word' id='word_1_212' title='bbox 359 2962 400 3021; x_wconf 79' lang='lat' dir='ltr'>od</span> <span class='ocrx_word' id='word_1_213' title='bbox 412 2960 464 3038; x_wconf 90' lang='grc' dir='ltr'>γδιρ</span> <span class='ocrx_word' id='word_1_214' title='bbox 479 2956 585 3016; x_wconf 85' lang='grc' dir='ltr'>ἀνίεσαν</span> <span class='ocrx_word' id='word_1_215' title='bbox 598 2954 622 3014; x_wconf 84' lang='lat' dir='ltr'>al</span> <span class='ocrx_word' id='word_1_216' title='bbox 635 2951 768 3026; x_wconf 85' lang='grc' dir='ltr'>Ῥωμαῖοι</span> <span class='ocrx_word' id='word_1_217' title='bbox 779 2945 860 3026; x_wconf 86' lang='grc' dir='ltr'>μίχρι</span> <span class='ocrx_word' id='word_1_218' title='bbox 874 2942 964 3010; x_wconf 83' lang='grc' dir='ltr'>νυκτὸς</span> <span class='ocrx_word' id='word_1_219' title='bbox 977 2943 1039 3003; x_wconf 86' lang='grc' dir='ltr'>διώ·</span> 
     </span>
     <span class='ocr_line' id='line_1_30' title="bbox 260 3029 1039 3114; baseline -0.032 -4"><span class='ocrx_word' id='word_1_220' title='bbox 260 3048 349 3114; x_wconf 78' lang='grc' dir='ltr'>κοντός</span> <span class='ocrx_word' id='word_1_221' title='bbox 362 3071 391 3107; x_wconf 93' lang='grc' dir='ltr'>τε</span> <span class='ocrx_word' id='word_1_222' title='bbox 405 3045 452 3105; x_wconf 87' lang='grc' dir='ltr'>καί</span> <span class='ocrx_word' id='word_1_223' title='bbox 472 3042 618 3108; x_wconf 85' lang='grc' dir='ltr'>κτείνοντες</span> <span class='ocrx_word' id='word_1_224' title='bbox 638 3035 699 3105; x_wconf 85' lang='grc' dir='ltr'>τοὺς</span> <span class='ocrx_word' id='word_1_225' title='bbox 713 3032 910 3109; x_wconf 80' lang='grc' dir='ltr'>θλισκομίνους.</span> <span class='ocrx_word' id='word_1_226' title='bbox 959 3029 994 3092; x_wconf 83' lang='lat'>‘0</span> <span class='ocrx_word' id='word_1_227' title='bbox 1010 3031 1039 3092; x_wconf 72' lang='lat' dir='ltr'><strong>dt</strong></span> 
     </span>
    </p>

    <p class='ocr_par' dir='ltr' id='par_1_9' title="bbox 205 3118 1041 3572">
     <span class='ocr_line' id='line_1_31' title="bbox 205 3118 1039 3219; baseline -0.026 -20"><span class='ocrx_word' id='word_1_228' title='bbox 205 3167 233 3219; x_wconf 69' lang='grc' dir='ltr'>ρο</span> <span class='ocrx_word' id='word_1_229' title='bbox 261 3139 399 3213; x_wconf 83' lang='grc' dir='ltr'>πλείστους</span> <span class='ocrx_word' id='word_1_230' title='bbox 411 3133 536 3194; x_wconf 85' lang='grc' dir='ltr'>τεαύτῶν</span> <span class='ocrx_word' id='word_1_231' title='bbox 549 3127 710 3208; x_wconf 87' lang='grc' dir='ltr'>διαφθείρας,</span> <span class='ocrx_word' id='word_1_232' title='bbox 726 3122 772 3183; x_wconf 79' lang='grc' dir='ltr'>καὶ</span> <span class='ocrx_word' id='word_1_233' title='bbox 782 3118 958 3199; x_wconf 82' lang='grc' dir='ltr'>λαμπρότατα</span> <span class='ocrx_word' id='word_1_234' title='bbox 974 3118 1039 3200; x_wconf 74' lang='grc' dir='ltr'>ἔργα</span> 
     </span>
     <span class='ocr_line' id='line_1_32' title="bbox 261 3208 1040 3307; baseline -0.024 -20"><span class='ocrx_word' id='word_1_235' title='bbox 261 3224 462 3307; x_wconf 77' lang='grc' dir='ltr'>ἀποδειξάμενος</span> <span class='ocrx_word' id='word_1_236' title='bbox 479 3220 586 3285; x_wconf 86' lang='grc' dir='ltr'>Σίκκιος</span> <span class='ocrx_word' id='word_1_237' title='bbox 607 3208 656 3292; x_wconf 74' lang='grc' dir='ltr'>ἧν,</span> <span class='ocrx_word' id='word_1_238' title='bbox 673 3212 805 3281; x_wconf 82' lang='grc' dir='ltr'>δςίπιιδὴ</span> <span class='ocrx_word' id='word_1_239' title='bbox 823 3210 896 3275; x_wconf 81' lang='grc' dir='ltr'>τελος</span> <span class='ocrx_word' id='word_1_240' title='bbox 911 3208 981 3290; x_wconf 80' lang='grc' dir='ltr'>ίώρα</span> <span class='ocrx_word' id='word_1_241' title='bbox 1006 3210 1040 3269; x_wconf 79' lang='grc' dir='ltr'>τὰ</span> 
     </span>
     <span class='ocr_line' id='line_1_33' title="bbox 260 3298 1041 3390; baseline -0.022 -16"><span class='ocrx_word' id='word_1_242' title='bbox 260 3320 313 3375; x_wconf 89' lang='grc' dir='ltr'>τῶν</span> <span class='ocrx_word' id='word_1_243' title='bbox 327 3309 462 3390; x_wconf 85' lang='grc' dir='ltr'>πολεμίοιν</span> <span class='ocrx_word' id='word_1_244' title='bbox 481 3307 593 3388; x_wconf 77' lang='grc' dir='ltr'>ἔχοντα,</span> <span class='ocrx_word' id='word_1_245' title='bbox 609 3304 717 3369; x_wconf 84' lang='grc' dir='ltr'>σκότους</span> <span class='ocrx_word' id='word_1_246' title='bbox 729 3301 803 3367; x_wconf 85' lang='grc' dir='ltr'>όντος</span> <span class='ocrx_word' id='word_1_247' title='bbox 817 3298 886 3372; x_wconf 72' lang='grc' dir='ltr'>ἤδη,</span> <span class='ocrx_word' id='word_1_248' title='bbox 900 3298 947 3372; x_wconf 60' lang='lat' dir='ltr'><strong>riu</strong></span> <span class='ocrx_word' id='word_1_249' title='bbox 962 3306 1041 3358; x_wconf 90' lang='grc' dir='ltr'>σπεῖ·</span> 
     </span>
     <span class='ocr_line' id='line_1_34' title="bbox 264 3385 1041 3483; baseline -0.023 -19"><span class='ocrx_word' id='word_1_250' title='bbox 264 3428 309 3483; x_wconf 84' lang='grc' dir='ltr'>ραν</span> <span class='ocrx_word' id='word_1_251' title='bbox 323 3402 394 3481; x_wconf 89' lang='grc' dir='ltr'>ιίγων</span> <span class='ocrx_word' id='word_1_252' title='bbox 407 3398 452 3458; x_wconf 68' lang='lat' dir='ltr'>tet</span> <span class='ocrx_word' id='word_1_253' title='bbox 462 3396 507 3457; x_wconf 84' lang='grc' dir='ltr'>τὸν</span> <span class='ocrx_word' id='word_1_254' title='bbox 519 3392 684 3476; x_wconf 88' lang='grc' dir='ltr'>κρατηθίντα</span> <span class='ocrx_word' id='word_1_255' title='bbox 694 3390 746 3451; x_wconf 78' lang='lat' dir='ltr'>bnt</span> <span class='ocrx_word' id='word_1_256' title='bbox 757 3392 829 3471; x_wconf 83' lang='grc' dir='ltr'>σφῶν</span> <span class='ocrx_word' id='word_1_257' title='bbox 841 3387 949 3469; x_wconf 91' lang='grc' dir='ltr'>χάρακα</span> <span class='ocrx_word' id='word_1_258' title='bbox 961 3385 1041 3446; x_wconf 87' lang='grc' dir='ltr'>άνίσ-</span> 
     </span>
     <span class='ocr_line' id='line_1_35' title="bbox 261 3473 1040 3572; baseline -0.027 -21"><span class='ocrx_word' id='word_1_259' title='bbox 261 3514 340 3572; x_wconf 89' lang='grc' dir='ltr'>τρεφι</span> <span class='ocrx_word' id='word_1_260' title='bbox 350 3538 358 3562; x_wconf 89' lang='grc'>,</span> <span class='ocrx_word' id='word_1_261' title='bbox 369 3486 486 3567; x_wconf 80' lang='grc' dir='ltr'>μεγάλης</span> <span class='ocrx_word' id='word_1_262' title='bbox 497 3492 583 3565; x_wconf 76' lang='grc' dir='ltr'>χαρθς</span> <span class='ocrx_word' id='word_1_263' title='bbox 593 3482 640 3542; x_wconf 90' lang='grc' dir='ltr'>καί</span> <span class='ocrx_word' id='word_1_264' title='bbox 649 3483 748 3543; x_wconf 76' lang='grc' dir='ltr'>πολλοῦ</span> <span class='ocrx_word' id='word_1_265' title='bbox 761 3476 855 3556; x_wconf 77' lang='grc' dir='ltr'>μεστός</span> <span class='ocrx_word' id='word_1_266' title='bbox 864 3476 901 3533; x_wconf 86' lang='grc' dir='ltr'>ὢν</span> <span class='ocrx_word' id='word_1_267' title='bbox 914 3473 1040 3556; x_wconf 78' lang='grc' dir='ltr'>αὑχήμα·</span> 
     </span>
    </p>

    <p class='ocr_par' dir='ltr' id='par_1_10' title="bbox 208 3562 1043 4010">
     <span class='ocr_line' id='line_1_36' title="bbox 208 3562 1042 3653; baseline -0.02 -15"><span class='ocrx_word' id='word_1_268' title='bbox 208 3606 236 3645; x_wconf 75' lang='grc' dir='ltr'>ης</span> <span class='ocrx_word' id='word_1_269' title='bbox 262 3602 315 3649; x_wconf 86' lang='grc' dir='ltr'>τος.</span> <span class='ocrx_word' id='word_1_270' title='bbox 342 3575 421 3640; x_wconf 69' lang='lat' dir='ltr'>otu</span> <span class='ocrx_word' id='word_1_271' title='bbox 433 3574 494 3653; x_wconf 80' lang='grc' dir='ltr'>περὶ</span> <span class='ocrx_word' id='word_1_272' title='bbox 518 3571 595 3631; x_wconf 81' lang='grc' dir='ltr'>αύτδν</span> <span class='ocrx_word' id='word_1_273' title='bbox 611 3572 692 3630; x_wconf 86' lang='grc' dir='ltr'>οἰθῶοι</span> <span class='ocrx_word' id='word_1_274' title='bbox 710 3566 755 3627; x_wconf 80' lang='grc' dir='ltr'>καί</span> <span class='ocrx_word' id='word_1_275' title='bbox 771 3563 896 3630; x_wconf 81' lang='grc' dir='ltr'>άόλαύεῖς</span> <span class='ocrx_word' id='word_1_276' title='bbox 919 3562 1042 3634; x_wconf 76' lang='grc' dir='ltr'>ἅπαντας,</span> 
     </span>
     <span class='ocr_line' id='line_1_37' title="bbox 262 3650 1042 3746; baseline -0.021 -18"><span class='ocrx_word' id='word_1_277' title='bbox 262 3670 292 3728; x_wconf 86' lang='grc' dir='ltr'>οὐ</span> <span class='ocrx_word' id='word_1_278' title='bbox 309 3666 386 3746; x_wconf 92' lang='grc' dir='ltr'>μόνον</span> <span class='ocrx_word' id='word_1_279' title='bbox 401 3661 473 3723; x_wconf 71' lang='lat' dir='ltr'><strong>aditu</strong></span> <span class='ocrx_word' id='word_1_280' title='bbox 489 3661 614 3728; x_wconf 90' lang='grc' dir='ltr'>παθόντες</span> <span class='ocrx_word' id='word_1_281' title='bbox 625 3650 664 3718; x_wconf 82' lang='grc' dir='ltr'>ών</span> <span class='ocrx_word' id='word_1_282' title='bbox 678 3654 889 3734; x_wconf 86' lang='grc' dir='ltr'>προσεδόκησαν,</span> <span class='ocrx_word' id='word_1_283' title='bbox 908 3653 976 3712; x_wconf 74' lang='lat' dir='ltr'><strong>alit</strong></span> <span class='ocrx_word' id='word_1_284' title='bbox 996 3653 1042 3713; x_wconf 84' lang='grc' dir='ltr'>καί</span> 
     </span>
     <span class='ocr_line' id='line_1_38' title="bbox 264 3742 1040 3833; baseline -0.023 -16"><span class='ocrx_word' id='word_1_285' title='bbox 264 3756 339 3826; x_wconf 77' lang='grc' dir='ltr'>δόξαν</span> <span class='ocrx_word' id='word_1_286' title='bbox 353 3750 563 3833; x_wconf 75' lang='grc' dir='ltr'>ἐπιφανεστάτην</span> <span class='ocrx_word' id='word_1_287' title='bbox 580 3746 793 3830; x_wconf 75' lang='grc' dir='ltr'>ἐξενεγκάμενοι,</span> <span class='ocrx_word' id='word_1_288' title='bbox 810 3742 913 3824; x_wconf 87' lang='grc' dir='ltr'>πατίρα</span> <span class='ocrx_word' id='word_1_289' title='bbox 927 3742 972 3801; x_wconf 82' lang='grc' dir='ltr'>καί</span> <span class='ocrx_word' id='word_1_290' title='bbox 986 3765 1040 3801; x_wconf 87' lang='grc' dir='ltr'>σω-</span> 
     </span>
     <span class='ocr_line' id='line_1_39' title="bbox 261 3830 1041 3924; baseline -0.022 -19"><span class='ocrx_word' id='word_1_291' title='bbox 261 3852 331 3924; x_wconf 84' lang='grc' dir='ltr'>τῆρα</span> <span class='ocrx_word' id='word_1_292' title='bbox 349 3843 393 3902; x_wconf 85' lang='grc' dir='ltr'>καί</span> <span class='ocrx_word' id='word_1_293' title='bbox 407 3842 463 3903; x_wconf 79' lang='grc' dir='ltr'>θεὸν</span> <span class='ocrx_word' id='word_1_294' title='bbox 475 3838 522 3899; x_wconf 83' lang='grc' dir='ltr'>καλ</span> <span class='ocrx_word' id='word_1_295' title='bbox 537 3836 625 3897; x_wconf 88' lang='grc' dir='ltr'>πάντα</span> <span class='ocrx_word' id='word_1_296' title='bbox 641 3835 676 3895; x_wconf 78' lang='grc' dir='ltr'>τά</span> <span class='ocrx_word' id='word_1_297' title='bbox 685 3833 833 3912; x_wconf 90' lang='grc' dir='ltr'>τιμιώτατα</span> <span class='ocrx_word' id='word_1_298' title='bbox 853 3830 1041 3908; x_wconf 80' lang='grc' dir='ltr'>ὀνομάζοντες,</span> 
     </span>
     <span class='ocr_line' id='line_1_40' title="bbox 264 3918 1043 4010; baseline -0.024 -17"><span class='ocrx_word' id='word_1_299' title='bbox 264 3933 406 4006; x_wconf 79' lang='grc' dir='ltr'>ἀπλήστως</span> <span class='ocrx_word' id='word_1_300' title='bbox 420 3920 492 4010; x_wconf 80' lang='grc' dir='ltr'>εἰχον</span> <span class='ocrx_word' id='word_1_301' title='bbox 506 3927 656 4002; x_wconf 78' lang='grc' dir='ltr'>ἀσπασμῶν</span> <span class='ocrx_word' id='word_1_302' title='bbox 668 3945 702 3999; x_wconf 25' lang='grc' dir='ltr'>,τε</span> <span class='ocrx_word' id='word_1_303' title='bbox 715 3927 762 3981; x_wconf 82' lang='grc' dir='ltr'>τοὺ</span> <span class='ocrx_word' id='word_1_304' title='bbox 777 3918 868 3999; x_wconf 75' lang='grc' dir='ltr'>ἀνδρὸς</span> <span class='ocrx_word' id='word_1_305' title='bbox 882 3918 927 3977; x_wconf 79' lang='grc' dir='ltr'>καὶ</span> <span class='ocrx_word' id='word_1_306' title='bbox 952 3921 1000 3989; x_wconf 88' lang='grc' dir='ltr'>τῆς</span> <span class='ocrx_word' id='word_1_307' title='bbox 1013 3918 1043 3977; x_wconf 64' lang='lat' dir='ltr'>ts</span> 
     </span>
    </p>

    <p class='ocr_par' dir='ltr' id='par_1_11' title="bbox 210 4007 1045 4457">
     <span class='ocr_line' id='line_1_41' title="bbox 210 4007 1044 4099; baseline -0.024 -16"><span class='ocrx_word' id='word_1_308' title='bbox 210 4045 239 4082; x_wconf 83' lang='grc' dir='ltr'>ευ</span> <span class='ocrx_word' id='word_1_309' title='bbox 264 4028 317 4082; x_wconf 86' lang='grc' dir='ltr'>τῶν</span> <span class='ocrx_word' id='word_1_310' title='bbox 335 4021 423 4081; x_wconf 84' lang='grc' dir='ltr'>άλλων</span> <span class='ocrx_word' id='word_1_311' title='bbox 445 4014 657 4099; x_wconf 68' lang='grc' dir='ltr'>φιλοφρονήσεων</span> <span class='ocrx_word' id='word_1_312' title='bbox 680 4013 785 4083; x_wconf 79' lang='grc' dir='ltr'>ἡδονῆς.</span> <span class='ocrx_word' id='word_1_313' title='bbox 837 4008 885 4068; x_wconf 87' lang='grc' dir='ltr'>Ἐν</span> <span class='ocrx_word' id='word_1_314' title='bbox 908 4007 937 4066; x_wconf 81' lang='grc' dir='ltr'>δὲ</span> <span class='ocrx_word' id='word_1_315' title='bbox 960 4007 1044 4088; x_wconf 80' lang='grc' dir='ltr'>τούτῳ</span> 
     </span>
     <span class='ocr_line' id='line_1_42' title="bbox 265 4095 1043 4181; baseline -0.022 -10"><span class='ocrx_word' id='word_1_316' title='bbox 265 4112 311 4171; x_wconf 83' lang='grc' dir='ltr'>καί</span> <span class='ocrx_word' id='word_1_317' title='bbox 326 4114 343 4180; x_wconf 72' lang='grc' dir='ltr'><strong>ἡ</strong></span> <span class='ocrx_word' id='word_1_318' title='bbox 357 4109 425 4177; x_wconf 84' lang='grc' dir='ltr'>άλλη</span> <span class='ocrx_word' id='word_1_319' title='bbox 436 4111 488 4166; x_wconf 86' lang='grc' dir='ltr'>τῶν</span> <span class='ocrx_word' id='word_1_320' title='bbox 503 4103 646 4178; x_wconf 85' lang='grc' dir='ltr'>Ῥωμαίων</span> <span class='ocrx_word' id='word_1_321' title='bbox 665 4098 769 4181; x_wconf 80' lang='grc' dir='ltr'>φάλαγξ</span> <span class='ocrx_word' id='word_1_322' title='bbox 789 4096 847 4175; x_wconf 83' lang='grc' dir='ltr'>άμα</span> <span class='ocrx_word' id='word_1_323' title='bbox 860 4102 913 4162; x_wconf 87' lang='grc' dir='ltr'>τοῖς</span> <span class='ocrx_word' id='word_1_324' title='bbox 936 4095 1043 4164; x_wconf 88' lang='grc' dir='ltr'>ὑπάτοις</span> 
     </span>
     <span class='ocr_line' id='line_1_43' title="bbox 266 4184 1041 4270; baseline -0.014 -13"><span class='ocrx_word' id='word_1_325' title='bbox 266 4198 320 4258; x_wconf 83' lang='grc' dir='ltr'>άπὸ</span> <span class='ocrx_word' id='word_1_326' title='bbox 328 4200 376 4268; x_wconf 85' lang='grc' dir='ltr'>τῆς</span> <span class='ocrx_word' id='word_1_327' title='bbox 387 4193 498 4263; x_wconf 80' lang='grc' dir='ltr'>διώξεως</span> <span class='ocrx_word' id='word_1_328' title='bbox 514 4191 669 4270; x_wconf 88' lang='grc' dir='ltr'>οἰνίστρεφεν</span> <span class='ocrx_word' id='word_1_329' title='bbox 684 4188 727 4248; x_wconf 80' lang='grc' dir='ltr'>ἐπὶ</span> <span class='ocrx_word' id='word_1_330' title='bbox 747 4189 790 4247; x_wconf 82' lang='grc' dir='ltr'>τὸν</span> <span class='ocrx_word' id='word_1_331' title='bbox 817 4188 911 4257; x_wconf 79' lang='grc' dir='ltr'>ἑαυτῆς</span> <span class='ocrx_word' id='word_1_332' title='bbox 922 4184 1041 4265; x_wconf 87' lang='grc' dir='ltr'>χάρακα.</span> 
     </span>
     <span class='ocr_line' id='line_1_44' title="bbox 306 4268 1045 4352; baseline -0.02 -4"><span class='ocrx_word' id='word_1_333' title='bbox 306 4286 425 4348; x_wconf 81' lang='lat' dir='ltr'><strong>XLVII.</strong></span> <span class='ocrx_word' id='word_1_334' title='bbox 448 4282 538 4344; x_wconf 84' lang='lat' dir='ltr'><strong>Mr&#39;aau</strong></span> <span class='ocrx_word' id='word_1_335' title='bbox 548 4282 572 4341; x_wconf 87' lang='grc' dir='ltr'>τ’</span> <span class='ocrx_word' id='word_1_336' title='bbox 583 4281 635 4352; x_wconf 80' lang='grc' dir='ltr'>ἤδη</span> <span class='ocrx_word' id='word_1_337' title='bbox 646 4278 737 4344; x_wconf 84' lang='grc' dir='ltr'>νύκτες</span> <span class='ocrx_word' id='word_1_338' title='bbox 750 4268 835 4350; x_wconf 69' lang='grc' dir='ltr'>ἦσαν,</span> <span class='ocrx_word' id='word_1_339' title='bbox 852 4274 898 4334; x_wconf 83' lang='grc' dir='ltr'>καί</span> <span class='ocrx_word' id='word_1_340' title='bbox 910 4278 924 4333; x_wconf 87' lang='grc' dir='ltr'>ὑ</span> <span class='ocrx_word' id='word_1_341' title='bbox 938 4273 1045 4343; x_wconf 86' lang='grc' dir='ltr'>Σίκκιος</span> 
     </span>
     <span class='ocr_line' id='line_1_45' title="bbox 267 4362 1038 4457; baseline -0.017 -21"><span class='ocrx_word' id='word_1_342' title='bbox 267 4377 438 4457; x_wconf 87' lang='grc' dir='ltr'>μνησικακῶν</span> <span class='ocrx_word' id='word_1_343' title='bbox 454 4372 508 4439; x_wconf 84' lang='grc' dir='ltr'>τοῖς</span> <span class='ocrx_word' id='word_1_344' title='bbox 523 4371 631 4437; x_wconf 78' lang='grc' dir='ltr'>ὑπάτοις</span> <span class='ocrx_word' id='word_1_345' title='bbox 647 4371 694 4438; x_wconf 87' lang='grc' dir='ltr'>τῆς</span> <span class='ocrx_word' id='word_1_346' title='bbox 709 4365 754 4425; x_wconf 75' lang='grc' dir='ltr'>ἐπὶ</span> <span class='ocrx_word' id='word_1_347' title='bbox 775 4364 819 4424; x_wconf 89' lang='grc' dir='ltr'>τδν</span> <span class='ocrx_word' id='word_1_348' title='bbox 845 4362 957 4425; x_wconf 87' lang='grc' dir='ltr'>θάνατον</span> <span class='ocrx_word' id='word_1_349' title='bbox 970 4368 1038 4423; x_wconf 72' lang='lat' dir='ltr'><strong>dno·</strong></span> 
     </span>
    </p>

    <p class='ocr_par' dir='ltr' id='par_1_12' title="bbox 226 4453 1046 4897">
     <span class='ocr_line' id='line_1_46' title="bbox 226 4453 1041 4537; baseline -0.02 -10"><span class='ocrx_word' id='word_1_350' title='bbox 226 4499 238 4533; x_wconf 71' lang='grc' dir='ltr'>ς,</span> <span class='ocrx_word' id='word_1_351' title='bbox 267 4467 377 4537; x_wconf 88' lang='grc' dir='ltr'>στολῆς,</span> <span class='ocrx_word' id='word_1_352' title='bbox 398 4464 434 4529; x_wconf 86' lang='grc' dir='ltr'>εἰς</span> <span class='ocrx_word' id='word_1_353' title='bbox 448 4465 508 4521; x_wconf 78' lang='grc' dir='ltr'>νοῶν</span> <span class='ocrx_word' id='word_1_354' title='bbox 525 4459 653 4536; x_wconf 88' lang='grc' dir='ltr'>βάλλεται</span> <span class='ocrx_word' id='word_1_355' title='bbox 670 4456 718 4527; x_wconf 79' lang='grc' dir='ltr'>τὴν</span> <span class='ocrx_word' id='word_1_356' title='bbox 741 4453 816 4524; x_wconf 70' lang='grc' dir='ltr'>δοζαν</span> <span class='ocrx_word' id='word_1_357' title='bbox 833 4454 976 4530; x_wconf 83' lang='grc' dir='ltr'>άφελίσθαι</span> <span class='ocrx_word' id='word_1_358' title='bbox 996 4457 1041 4512; x_wconf 78' lang='grc' dir='ltr'>τοῦ</span> 
     </span>
     <span class='ocr_line' id='line_1_47' title="bbox 267 4540 1043 4631; baseline -0.019 -17"><span class='ocrx_word' id='word_1_359' title='bbox 267 4550 482 4631; x_wconf 80' lang='grc' dir='ltr'>κατορθώματος.</span> <span class='ocrx_word' id='word_1_360' title='bbox 538 4544 738 4620; x_wconf 85' lang='grc' dir='ltr'>Ιίοινωσάμινος</span> <span class='ocrx_word' id='word_1_361' title='bbox 759 4544 788 4603; x_wconf 82' lang='grc' dir='ltr'>δί</span> <span class='ocrx_word' id='word_1_362' title='bbox 805 4547 859 4611; x_wconf 85' lang='grc' dir='ltr'>τοῖς</span> <span class='ocrx_word' id='word_1_363' title='bbox 875 4542 943 4624; x_wconf 84' lang='grc' dir='ltr'>οἰμφλ</span> <span class='ocrx_word' id='word_1_364' title='bbox 965 4540 1043 4600; x_wconf 83' lang='grc' dir='ltr'>αὑτὸν</span> 
     </span>
     <span class='ocr_line' id='line_1_48' title="bbox 266 4630 1041 4723; baseline -0.021 -21"><span class='ocrx_word' id='word_1_365' title='bbox 266 4645 299 4717; x_wconf 64' lang='grc' dir='ltr'>’ἢν</span> <span class='ocrx_word' id='word_1_366' title='bbox 322 4633 378 4723; x_wconf 73' lang='grc' dir='ltr'>εἶχε</span> <span class='ocrx_word' id='word_1_367' title='bbox 395 4639 525 4710; x_wconf 88' lang='grc' dir='ltr'>διάνοιαν,</span> <span class='ocrx_word' id='word_1_368' title='bbox 548 4634 638 4702; x_wconf 78' lang='grc' dir='ltr'>ίπειδῆ</span> <span class='ocrx_word' id='word_1_369' title='bbox 659 4642 739 4693; x_wconf 77' lang='grc' dir='ltr'>πᾶσιν</span> <span class='ocrx_word' id='word_1_370' title='bbox 766 4635 880 4713; x_wconf 78' lang='grc' dir='ltr'>[ὀρθῶς]</span> <span class='ocrx_word' id='word_1_371' title='bbox 906 4630 1041 4713; x_wconf 74' lang='grc' dir='ltr'>ἐφαίνετο,</span> 
     </span>
     <span class='ocr_line' id='line_1_49' title="bbox 267 4717 1044 4802; baseline -0.022 -10"><span class='ocrx_word' id='word_1_372' title='bbox 267 4732 312 4792; x_wconf 88' lang='grc' dir='ltr'>καί</span> <span class='ocrx_word' id='word_1_373' title='bbox 329 4730 413 4797; x_wconf 81' lang='grc' dir='ltr'>οὐδεὶς</span> <span class='ocrx_word' id='word_1_374' title='bbox 434 4720 467 4802; x_wconf 70' lang='grc' dir='ltr'>ἦν</span> <span class='ocrx_word' id='word_1_375' title='bbox 480 4725 507 4792; x_wconf 72' lang='lat' dir='ltr'>te</span> <span class='ocrx_word' id='word_1_376' title='bbox 522 4728 569 4786; x_wconf 85' lang='grc' dir='ltr'>οὑκ</span> <span class='ocrx_word' id='word_1_377' title='bbox 584 4724 715 4800; x_wconf 73' lang='grc' dir='ltr'>ἐθαύμαζε</span> <span class='ocrx_word' id='word_1_378' title='bbox 728 4726 776 4796; x_wconf 83' lang='grc' dir='ltr'>τῆς</span> <span class='ocrx_word' id='word_1_379' title='bbox 788 4745 817 4782; x_wconf 86' lang='grc' dir='ltr'>τε</span> <span class='ocrx_word' id='word_1_380' title='bbox 833 4719 983 4802; x_wconf 81' lang='grc' dir='ltr'>φρονήσεως</span> <span class='ocrx_word' id='word_1_381' title='bbox 999 4717 1044 4777; x_wconf 88' lang='grc' dir='ltr'>καὶ</span> 
     </span>
     <span class='ocr_line' id='line_1_50' title="bbox 266 4805 1046 4897; baseline -0.022 -16"><span class='ocrx_word' id='word_1_382' title='bbox 266 4827 314 4895; x_wconf 83' lang='grc' dir='ltr'>τῆς</span> <span class='ocrx_word' id='word_1_383' title='bbox 327 4817 428 4897; x_wconf 86' lang='grc' dir='ltr'>τόλμης</span> <span class='ocrx_word' id='word_1_384' title='bbox 440 4819 483 4876; x_wconf 81' lang='grc' dir='ltr'>τὸν</span> <span class='ocrx_word' id='word_1_385' title='bbox 501 4815 600 4894; x_wconf 86' lang='grc' dir='ltr'>άνδρα,</span> <span class='ocrx_word' id='word_1_386' title='bbox 615 4811 706 4873; x_wconf 82' lang='grc' dir='ltr'>λαύών</span> <span class='ocrx_word' id='word_1_387' title='bbox 722 4810 756 4871; x_wconf 82' lang='grc' dir='ltr'>τά</span> <span class='ocrx_word' id='word_1_388' title='bbox 773 4812 844 4870; x_wconf 81' lang='grc' dir='ltr'>ὅπλα</span> <span class='ocrx_word' id='word_1_389' title='bbox 860 4805 979 4873; x_wconf 74' lang='grc' dir='ltr'>καὶτοὺς</span> <span class='ocrx_word' id='word_1_390' title='bbox 993 4806 1046 4865; x_wconf 89' lang='grc' dir='ltr'>άλ-</span> 
     </span>
    </p>

    <p class='ocr_par' dir='ltr' id='par_1_13' title="bbox 211 4895 1051 5339">
     <span class='ocr_line' id='line_1_51' title="bbox 211 4895 1046 4984; baseline -0.026 -8"><span class='ocrx_word' id='word_1_391' title='bbox 211 4936 241 4976; x_wconf 86' lang='lat' dir='ltr'><strong>au</strong></span> <span class='ocrx_word' id='word_1_392' title='bbox 266 4916 327 4978; x_wconf 89' lang='grc' dir='ltr'>λους</span> <span class='ocrx_word' id='word_1_393' title='bbox 349 4905 475 4975; x_wconf 80' lang='grc' dir='ltr'>κελεύσας</span> <span class='ocrx_word' id='word_1_394' title='bbox 501 4903 661 4975; x_wconf 79' lang='grc' dir='ltr'>άναλαόεῖν,</span> <span class='ocrx_word' id='word_1_395' title='bbox 686 4906 791 4984; x_wconf 89' lang='grc' dir='ltr'>πρῶτον</span> <span class='ocrx_word' id='word_1_396' title='bbox 817 4901 865 4978; x_wconf 79' lang='grc' dir='ltr'>μίν</span> <span class='ocrx_word' id='word_1_397' title='bbox 892 4895 1046 4978; x_wconf 85' lang='grc' dir='ltr'>ἀνθρώπους</span> 
     </span>
     <span class='ocr_line' id='line_1_52' title="bbox 267 4983 1046 5076; baseline -0.019 -19"><span class='ocrx_word' id='word_1_398' title='bbox 267 4999 342 5065; x_wconf 85' lang='grc' dir='ltr'>όοους</span> <span class='ocrx_word' id='word_1_399' title='bbox 364 5000 390 5056; x_wconf 78' lang='grc' dir='ltr'>ἐν</span> <span class='ocrx_word' id='word_1_400' title='bbox 408 5000 447 5076; x_wconf 81' lang='grc' dir='ltr'>τῷ</span> <span class='ocrx_word' id='word_1_401' title='bbox 467 5000 568 5076; x_wconf 92' lang='grc' dir='ltr'>χάρακι</span> <span class='ocrx_word' id='word_1_402' title='bbox 592 4990 726 5053; x_wconf 84' lang='grc' dir='ltr'>κατίλαόε</span> <span class='ocrx_word' id='word_1_403' title='bbox 752 4996 804 5052; x_wconf 86' lang='grc' dir='ltr'>τῶν</span> <span class='ocrx_word' id='word_1_404' title='bbox 831 4990 975 5058; x_wconf 82' lang='grc' dir='ltr'>Αἰκανῶν,</span> <span class='ocrx_word' id='word_1_405' title='bbox 1001 4983 1046 5043; x_wconf 81' lang='grc' dir='ltr'>καί</span> 
     </span>
     <span class='ocr_line' id='line_1_53' title="bbox 267 5076 1047 5161; baseline -0.019 -14"><span class='ocrx_word' id='word_1_406' title='bbox 267 5087 363 5151; x_wconf 76' lang='grc' dir='ltr'>ἵππους</span> <span class='ocrx_word' id='word_1_407' title='bbox 375 5086 420 5145; x_wconf 83' lang='grc' dir='ltr'>καί</span> <span class='ocrx_word' id='word_1_408' title='bbox 432 5084 518 5145; x_wconf 80' lang='grc' dir='ltr'>τᾶλλα</span> <span class='ocrx_word' id='word_1_409' title='bbox 534 5083 662 5160; x_wconf 88' lang='grc' dir='ltr'>ὑποζύγια</span> <span class='ocrx_word' id='word_1_410' title='bbox 675 5079 837 5161; x_wconf 75' lang='grc' dir='ltr'>κατέκοψεν·</span> <span class='ocrx_word' id='word_1_411' title='bbox 853 5076 946 5137; x_wconf 85' lang='grc' dir='ltr'>ἔπειτα</span> <span class='ocrx_word' id='word_1_412' title='bbox 960 5076 1047 5157; x_wconf 80' lang='grc' dir='ltr'>ὑφῆψε</span> 
     </span>
     <span class='ocr_line' id='line_1_54' title="bbox 268 5162 1046 5244; baseline -0.021 -10"><span class='ocrx_word' id='word_1_413' title='bbox 268 5178 316 5241; x_wconf 78' lang='grc' dir='ltr'>τάς</span> <span class='ocrx_word' id='word_1_414' title='bbox 329 5174 428 5244; x_wconf 70' lang='grc' dir='ltr'>σκηνάς</span> <span class='ocrx_word' id='word_1_415' title='bbox 451 5174 539 5231; x_wconf 84' lang='grc' dir='ltr'>ὅπλων</span> <span class='ocrx_word' id='word_1_416' title='bbox 557 5194 585 5229; x_wconf 86' lang='grc' dir='ltr'>τι</span> <span class='ocrx_word' id='word_1_417' title='bbox 600 5170 645 5228; x_wconf 80' lang='grc' dir='ltr'>καί</span> <span class='ocrx_word' id='word_1_418' title='bbox 662 5169 736 5227; x_wconf 81' lang='grc' dir='ltr'>σίτου</span> <span class='ocrx_word' id='word_1_419' title='bbox 750 5168 797 5228; x_wconf 84' lang='grc' dir='ltr'>καί</span> <span class='ocrx_word' id='word_1_420' title='bbox 812 5169 919 5238; x_wconf 73' lang='grc' dir='ltr'>ἐσθῆτος</span> <span class='ocrx_word' id='word_1_421' title='bbox 935 5162 981 5221; x_wconf 84' lang='grc' dir='ltr'>καί</span> <span class='ocrx_word' id='word_1_422' title='bbox 993 5165 1046 5220; x_wconf 90' lang='grc' dir='ltr'>τῶν</span> 
     </span>
     <span class='ocr_line' id='line_1_55' title="bbox 267 5250 1051 5339; baseline -0.024 -16"><span class='ocrx_word' id='word_1_423' title='bbox 267 5266 306 5331; x_wconf 85' lang='grc' dir='ltr'>εἰς</span> <span class='ocrx_word' id='word_1_424' title='bbox 320 5262 364 5322; x_wconf 81' lang='grc' dir='ltr'>τὸν</span> <span class='ocrx_word' id='word_1_425' title='bbox 377 5262 493 5339; x_wconf 90' lang='grc' dir='ltr'>πόλεμον</span> <span class='ocrx_word' id='word_1_426' title='bbox 509 5258 665 5329; x_wconf 68' lang='grc' dir='ltr'>ἐπιτηδείων</span> <span class='ocrx_word' id='word_1_427' title='bbox 680 5256 830 5337; x_wconf 82' lang='grc' dir='ltr'>γεμούσας,</span> <span class='ocrx_word' id='word_1_428' title='bbox 852 5259 904 5313; x_wconf 89' lang='grc' dir='ltr'>τῶν</span> <span class='ocrx_word' id='word_1_429' title='bbox 919 5276 948 5312; x_wconf 89' lang='grc' dir='ltr'>τε</span> <span class='ocrx_word' id='word_1_430' title='bbox 964 5250 1051 5309; x_wconf 80' lang='grc' dir='ltr'>ἄλλοιν</span> 
     </span>
    </p>
   </div>
   <div class='ocr_carea' id='block_1_3' title="bbox 766 405 1339 477">
    <p class='ocr_par' dir='ltr' id='par_1_14' title="bbox 766 405 1339 477">
     <span class='ocr_line' id='line_1_56' title="bbox 766 405 1339 477; baseline -0.017 0"><span class='ocrx_word' id='word_1_431' title='bbox 766 413 933 477; x_wconf 73' lang='lat' dir='ltr'><strong>prodisti</strong></span> <span class='ocrx_word' id='word_1_432' title='bbox 960 405 1339 473; x_wconf 72' lang='lat' dir='ltr'><strong>HALIGARNASSENSIS</strong></span> 
     </span>
    </p>
   </div>
   <div class='ocr_carea' id='block_1_4' title="bbox 1081 535 1970 2773">
    <p class='ocr_par' dir='ltr' id='par_1_15' title="bbox 1081 535 1970 2773">
     <span class='ocr_line' id='line_1_57' title="bbox 1081 535 1874 614; baseline -0.02 -12"><span class='ocrx_word' id='word_1_433' title='bbox 1081 551 1219 614; x_wconf 75' lang='lat' dir='ltr'>animisque</span> <span class='ocrx_word' id='word_1_434' title='bbox 1246 560 1330 613; x_wconf 73' lang='lat' dir='ltr'><strong>pares:</strong></span> <span class='ocrx_word' id='word_1_435' title='bbox 1362 544 1455 608; x_wconf 87' lang='lat' dir='ltr'><strong>diuque</strong></span> <span class='ocrx_word' id='word_1_436' title='bbox 1478 544 1615 608; x_wconf 75' lang='lat' dir='ltr'><strong>pugnatum</strong></span> <span class='ocrx_word' id='word_1_437' title='bbox 1637 542 1689 598; x_wconf 80' lang='lat' dir='ltr'><strong>est,</strong></span> <span class='ocrx_word' id='word_1_438' title='bbox 1708 537 1819 589; x_wconf 65' lang='lat' dir='ltr'><strong>sutoria</strong></span> <span class='ocrx_word' id='word_1_439' title='bbox 1845 535 1874 586; x_wconf 89' lang='lat' dir='ltr'><strong>in</strong></span> 
     </span>
     <span class='ocr_line' id='line_1_58' title="bbox 1081 628 1875 710; baseline -0.02 -11"><span class='ocrx_word' id='word_1_440' title='bbox 1081 650 1195 699; x_wconf 86' lang='lat' dir='ltr'><strong>neutram</strong></span> <span class='ocrx_word' id='word_1_441' title='bbox 1218 648 1315 710; x_wconf 88' lang='lat' dir='ltr'><strong>partem</strong></span> <span class='ocrx_word' id='word_1_442' title='bbox 1339 628 1487 703; x_wconf 82' lang='lat' dir='ltr'><strong>inclinante,</strong></span> <span class='ocrx_word' id='word_1_443' title='bbox 1515 638 1626 690; x_wconf 78' lang='lat' dir='ltr'><strong>vicissim</strong></span> <span class='ocrx_word' id='word_1_444' title='bbox 1649 650 1715 687; x_wconf 92' lang='lat' dir='ltr'><strong>nunc</strong></span> <span class='ocrx_word' id='word_1_445' title='bbox 1734 634 1875 701; x_wconf 84' lang='lat' dir='ltr'><strong>equitibus</strong></span> 
     </span>
     <span class='ocr_line' id='line_1_59' title="bbox 1081 727 1874 810; baseline -0.02 -12"><span class='ocrx_word' id='word_1_446' title='bbox 1081 727 1186 810; x_wconf 62' lang='lat' dir='ltr'><strong>quse,</strong></span> <span class='ocrx_word' id='word_1_447' title='bbox 1207 746 1234 795; x_wconf 77' lang='lat' dir='ltr'>et</span> <span class='ocrx_word' id='word_1_448' title='bbox 1254 742 1378 808; x_wconf 59' lang='lat' dir='ltr'><strong>nunnus</strong></span> <span class='ocrx_word' id='word_1_449' title='bbox 1398 739 1494 806; x_wconf 59' lang='lat' dir='ltr'><strong>panes</strong></span> <span class='ocrx_word' id='word_1_450' title='bbox 1518 733 1711 796; x_wconf 66' lang='lat' dir='ltr'><strong>invadentibus,</strong></span> <span class='ocrx_word' id='word_1_451' title='bbox 1733 747 1804 785; x_wconf 72' lang='lat' dir='ltr'><strong>nune</strong></span> <span class='ocrx_word' id='word_1_452' title='bbox 1820 732 1874 784; x_wconf 74' lang='lat' dir='ltr'><strong>nur</strong></span> 
     </span>
     <span class='ocr_line' id='line_1_60' title="bbox 1082 828 1872 898; baseline -0.02 -5"><span class='ocrx_word' id='word_1_453' title='bbox 1082 843 1189 893; x_wconf 83' lang='lat' dir='ltr'><strong>invicem</strong></span> <span class='ocrx_word' id='word_1_454' title='bbox 1201 837 1345 892; x_wconf 68' lang='lat' dir='ltr'>vadentibus</span> <span class='ocrx_word' id='word_1_455' title='bbox 1361 858 1368 888; x_wconf 77' lang='grc' dir='ltr'>ι</span> <span class='ocrx_word' id='word_1_456' title='bbox 1382 839 1409 887; x_wconf 91' lang='lat' dir='ltr'>et</span> <span class='ocrx_word' id='word_1_457' title='bbox 1420 835 1536 898; x_wconf 88' lang='lat' dir='ltr'><strong>utrinque</strong></span> <span class='ocrx_word' id='word_1_458' title='bbox 1556 831 1606 884; x_wconf 83' lang='lat' dir='ltr'><strong>riri</strong></span> <span class='ocrx_word' id='word_1_459' title='bbox 1620 828 1728 882; x_wconf 84' lang='lat' dir='ltr'><strong>illustres</strong></span> <span class='ocrx_word' id='word_1_460' title='bbox 1743 829 1872 881; x_wconf 79' lang='lat' dir='ltr'>cecidere.</span> 
     </span>
     <span class='ocr_line' id='line_1_61' title="bbox 1083 929 1874 1005; baseline -0.016 -12"><span class='ocrx_word' id='word_1_461' title='bbox 1083 940 1192 992; x_wconf 84' lang='lat' dir='ltr'><strong>Tandem</strong></span> <span class='ocrx_word' id='word_1_462' title='bbox 1207 953 1295 1005; x_wconf 69' lang='lat' dir='ltr'><strong>pugnus</strong></span> <span class='ocrx_word' id='word_1_463' title='bbox 1306 940 1389 987; x_wconf 73' lang='lat' dir='ltr'><strong>oenus</strong></span> <span class='ocrx_word' id='word_1_464' title='bbox 1400 934 1455 985; x_wconf 86' lang='lat' dir='ltr'><strong>duis</strong></span> <span class='ocrx_word' id='word_1_465' title='bbox 1468 935 1508 983; x_wconf 86' lang='lat' dir='ltr'>est</span> <span class='ocrx_word' id='word_1_466' title='bbox 1524 931 1664 996; x_wconf 90' lang='lat' dir='ltr'><strong>impositus.</strong></span> <span class='ocrx_word' id='word_1_467' title='bbox 1696 929 1874 981; x_wconf 72' lang='lat' dir='ltr'><strong>samsucius</strong></span> 
     </span>
     <span class='ocr_line' id='line_1_62' title="bbox 1084 1026 1873 1103; baseline -0.02 -12"><span class='ocrx_word' id='word_1_468' title='bbox 1084 1039 1185 1103; x_wconf 70' lang='lat' dir='ltr'><strong>eiumue</strong></span> <span class='ocrx_word' id='word_1_469' title='bbox 1197 1036 1296 1097; x_wconf 83' lang='lat' dir='ltr'><strong>milites,</strong></span> <span class='ocrx_word' id='word_1_470' title='bbox 1307 1048 1385 1098; x_wconf 90' lang='lat' dir='ltr'><strong>quum</strong></span> <span class='ocrx_word' id='word_1_471' title='bbox 1401 1031 1435 1082; x_wconf 85' lang='lat' dir='ltr'><strong>nd</strong></span> <span class='ocrx_word' id='word_1_472' title='bbox 1450 1032 1533 1081; x_wconf 77' lang='lat' dir='ltr'><strong>cestro</strong></span> <span class='ocrx_word' id='word_1_473' title='bbox 1546 1032 1683 1092; x_wconf 78' lang='lat' dir='ltr'><strong>AEqnorum</strong></span> <span class='ocrx_word' id='word_1_474' title='bbox 1692 1026 1873 1085; x_wconf 75' lang='lat' dir='ltr'><strong>moosstssent,</strong></span> 
     </span>
     <span class='ocr_line' id='line_1_63' title="bbox 1084 1124 1874 1200; baseline -0.02 -10"><span class='ocrx_word' id='word_1_475' title='bbox 1084 1128 1215 1191; x_wconf 85' lang='lat' dir='ltr'><strong>eamralli</strong></span> <span class='ocrx_word' id='word_1_476' title='bbox 1227 1138 1322 1200; x_wconf 88' lang='lat' dir='ltr'><strong>partem</strong></span> <span class='ocrx_word' id='word_1_477' title='bbox 1335 1130 1515 1182; x_wconf 84' lang='lat' dir='ltr'><strong>incustoditum</strong></span> <span class='ocrx_word' id='word_1_478' title='bbox 1529 1127 1683 1180; x_wconf 79' lang='lat' dir='ltr'><strong>attendentes</strong></span> <span class='ocrx_word' id='word_1_479' title='bbox 1694 1128 1793 1188; x_wconf 85' lang='lat' dir='ltr'><strong>(toturn</strong></span> <span class='ocrx_word' id='word_1_480' title='bbox 1803 1124 1874 1175; x_wconf 74' lang='lat' dir='ltr'><strong>urire</strong></span> 
     </span>
     <span class='ocr_line' id='line_1_64' title="bbox 1085 1225 1875 1302; baseline -0.023 -13"><span class='ocrx_word' id='word_1_481' title='bbox 1085 1251 1173 1289; x_wconf 87' lang='lat' dir='ltr'><strong>eornm</strong></span> <span class='ocrx_word' id='word_1_482' title='bbox 1183 1232 1335 1302; x_wconf 79' lang='lat' dir='ltr'><strong>presidium,</strong></span> <span class='ocrx_word' id='word_1_483' title='bbox 1346 1232 1375 1281; x_wconf 90' lang='lat' dir='ltr'>nt</span> <span class='ocrx_word' id='word_1_484' title='bbox 1386 1232 1513 1281; x_wconf 70' lang='lat' dir='ltr'><strong>neminen</strong></span> <span class='ocrx_word' id='word_1_485' title='bbox 1539 1228 1678 1293; x_wconf 82' lang='lat' dir='ltr'><strong>spectaret,</strong></span> <span class='ocrx_word' id='word_1_486' title='bbox 1700 1236 1756 1274; x_wconf 77' lang='grc' dir='ltr'>εαιυ</span> <span class='ocrx_word' id='word_1_487' title='bbox 1773 1225 1875 1289; x_wconf 67' lang='lat' dir='ltr'>qam</span> 
     </span>
     <span class='ocr_line' id='line_1_65' title="bbox 1086 1321 1876 1403; baseline -0.025 -14"><span class='ocrx_word' id='word_1_488' title='bbox 1086 1338 1201 1403; x_wconf 86' lang='lat' dir='ltr'><strong>petierat,</strong></span> <span class='ocrx_word' id='word_1_489' title='bbox 1215 1346 1272 1398; x_wconf 77' lang='lat' dir='ltr'>qun</span> <span class='ocrx_word' id='word_1_490' title='bbox 1279 1331 1312 1383; x_wconf 89' lang='lat' dir='ltr'>ad</span> <span class='ocrx_word' id='word_1_491' title='bbox 1321 1330 1458 1395; x_wconf 75' lang='lat' dir='ltr'><strong>pugnantes</strong></span> <span class='ocrx_word' id='word_1_492' title='bbox 1471 1325 1609 1389; x_wconf 83' lang='lat' dir='ltr'><strong>conversa)</strong></span> <span class='ocrx_word' id='word_1_493' title='bbox 1628 1321 1768 1387; x_wconf 77' lang='lat' dir='ltr'>irruptione</span> <span class='ocrx_word' id='word_1_494' title='bbox 1780 1321 1876 1373; x_wconf 67' lang='lat' dir='ltr'><strong>meilli-</strong></span> 
     </span>
     <span class='ocr_line' id='line_1_66' title="bbox 1087 1410 1970 1496; baseline -0.02 -10"><span class='ocrx_word' id='word_1_495' title='bbox 1087 1450 1127 1486; x_wconf 86' lang='lat' dir='ltr'><strong>me</strong></span> <span class='ocrx_word' id='word_1_496' title='bbox 1151 1434 1224 1496; x_wconf 77' lang='lat' dir='ltr'><strong>tacta,</strong></span> <span class='ocrx_word' id='word_1_497' title='bbox 1242 1432 1267 1483; x_wconf 91' lang='lat' dir='ltr'><strong>iu</strong></span> <span class='ocrx_word' id='word_1_498' title='bbox 1280 1427 1414 1481; x_wconf 86' lang='lat' dir='ltr'><strong>custodum</strong></span> <span class='ocrx_word' id='word_1_499' title='bbox 1441 1425 1561 1477; x_wconf 80' lang='lat' dir='ltr'><strong>verticem</strong></span> <span class='ocrx_word' id='word_1_500' title='bbox 1578 1422 1712 1475; x_wconf 78' lang='lat' dir='ltr'><strong>emerunt</strong></span> <span class='ocrx_word' id='word_1_501' title='bbox 1736 1436 1743 1468; x_wconf 76' lang='grc' dir='ltr'>ι</span> <span class='ocrx_word' id='word_1_502' title='bbox 1803 1420 1876 1480; x_wconf 63' lang='lat' dir='ltr'><strong>&#39;nde</strong></span> <span class='ocrx_word' id='word_1_503' title='bbox 1969 1410 1970 1481; x_wconf 61' lang='grc' dir='ltr'>ί</span> 
     </span>
     <span class='ocr_line' id='line_1_67' title="bbox 1088 1406 1850 1609; baseline -0.025 -24"><span class='ocrx_word' id='word_1_504' title='bbox 1088 1534 1186 1585; x_wconf 86' lang='lat' dir='ltr'><strong>subluto</strong></span> <span class='ocrx_word' id='word_1_505' title='bbox 1208 1531 1329 1589; x_wconf 81' lang='lat' dir='ltr'><strong>cloruore,</strong></span> <span class='ocrx_word' id='word_1_506' title='bbox 1349 1527 1375 1579; x_wconf 90' lang='lat' dir='ltr'>tn</span> <span class='ocrx_word' id='word_1_507' title='bbox 1401 1539 1446 1579; x_wconf 86' lang='lat' dir='ltr'>eos</span> <span class='ocrx_word' id='word_1_508' title='bbox 1473 1523 1645 1576; x_wconf 81' lang='lat' dir='ltr'><strong>decurrerunt</strong></span> <span class='ocrx_word' id='word_1_509' title='bbox 1679 1520 1718 1571; x_wconf 92' lang='lat' dir='ltr'><strong>llli</strong></span> <span class='ocrx_word' id='word_1_510' title='bbox 1745 1406 1850 1609; x_wconf 38' lang='lat' dir='ltr'><strong>iuxtra</strong></span> 
     </span>
     <span class='ocr_line' id='line_1_68' title="bbox 1088 1614 1970 1699; baseline -0.025 -15"><span class='ocrx_word' id='word_1_511' title='bbox 1088 1633 1153 1684; x_wconf 83' lang='lat' dir='ltr'><strong>nula</strong></span> <span class='ocrx_word' id='word_1_512' title='bbox 1166 1626 1332 1685; x_wconf 80' lang='lat' dir='ltr'><strong>consternati,</strong></span> <span class='ocrx_word' id='word_1_513' title='bbox 1349 1637 1395 1675; x_wconf 86' lang='lat' dir='ltr'>nec</span> <span class='ocrx_word' id='word_1_514' title='bbox 1408 1628 1459 1674; x_wconf 88' lang='lat' dir='ltr'>tam</span> <span class='ocrx_word' id='word_1_515' title='bbox 1469 1634 1564 1687; x_wconf 82' lang='lat' dir='ltr'><strong>punem</strong></span> <span class='ocrx_word' id='word_1_516' title='bbox 1580 1618 1692 1686; x_wconf 86' lang='lat' dir='ltr'><strong>opinati,</strong></span> <span class='ocrx_word' id='word_1_517' title='bbox 1710 1615 1755 1666; x_wconf 90' lang='lat' dir='ltr'><strong>sod</strong></span> <span class='ocrx_word' id='word_1_518' title='bbox 1768 1614 1880 1691; x_wconf 60' lang='lat' dir='ltr'><strong>ulter-nm</strong></span> <span class='ocrx_word' id='word_1_519' title='bbox 1969 1658 1970 1699; x_wconf 46' lang='grc' dir='ltr'>γ</span> 
     </span>
     <span class='ocr_line' id='line_1_69' title="bbox 1088 1716 1970 1784; baseline -0.019 0"><span class='ocrx_word' id='word_1_520' title='bbox 1088 1730 1214 1784; x_wconf 87' lang='lat' dir='ltr'><strong>consulam</strong></span> <span class='ocrx_word' id='word_1_521' title='bbox 1226 1741 1286 1779; x_wconf 87' lang='lat' dir='ltr'><strong>cum</strong></span> <span class='ocrx_word' id='word_1_522' title='bbox 1300 1723 1412 1777; x_wconf 78' lang='lat' dir='ltr'><strong>exercitu</strong></span> <span class='ocrx_word' id='word_1_523' title='bbox 1428 1735 1475 1773; x_wconf 86' lang='lat' dir='ltr'>suo</span> <span class='ocrx_word' id='word_1_524' title='bbox 1487 1720 1575 1771; x_wconf 86' lang='lat' dir='ltr'><strong>adesse</strong></span> <span class='ocrx_word' id='word_1_525' title='bbox 1590 1716 1778 1776; x_wconf 72' lang='lat' dir='ltr'><strong>existimantes,</strong></span> <span class='ocrx_word' id='word_1_526' title='bbox 1791 1728 1834 1777; x_wconf 68' lang='grc' dir='ltr'>,σε</span> <span class='ocrx_word' id='word_1_527' title='bbox 1846 1730 1880 1768; x_wconf 82' lang='grc' dir='ltr'>οι</span> <span class='ocrx_word' id='word_1_528' title='bbox 1969 1726 1970 1729; x_wconf 72' lang='grc'>’</span> 
     </span>
     <span class='ocr_line' id='line_1_70' title="bbox 1090 1796 1970 1893; baseline -0.018 -13"><span class='ocrx_word' id='word_1_529' title='bbox 1090 1822 1342 1893; x_wconf 67' lang='lat' dir='ltr'><strong>suspenderemus,</strong></span> <span class='ocrx_word' id='word_1_530' title='bbox 1354 1821 1468 1887; x_wconf 68' lang='lat' dir='ltr'><strong>norme</strong></span> <span class='ocrx_word' id='word_1_531' title='bbox 1490 1832 1522 1870; x_wconf 80' lang='lat' dir='ltr'>ne</span> <span class='ocrx_word' id='word_1_532' title='bbox 1542 1817 1618 1870; x_wconf 74' lang='lat' dir='ltr'><strong>nnis</strong></span> <span class='ocrx_word' id='word_1_533' title='bbox 1640 1815 1742 1880; x_wconf 83' lang='lat' dir='ltr'><strong>quiden</strong></span> <span class='ocrx_word' id='word_1_534' title='bbox 1757 1815 1879 1867; x_wconf 61' lang='lat' dir='ltr'><strong>mure</strong></span> <span class='ocrx_word' id='word_1_535' title='bbox 1969 1796 1970 1805; x_wconf 76' lang='grc'>’</span> 
     </span>
     <span class='ocr_line' id='line_1_71' title="bbox 1090 1900 1970 1983; baseline -0.019 -5"><span class='ocrx_word' id='word_1_536' title='bbox 1090 1924 1195 1979; x_wconf 85' lang='lat' dir='ltr'><strong>sicciani</strong></span> <span class='ocrx_word' id='word_1_537' title='bbox 1206 1936 1266 1974; x_wconf 84' lang='lat' dir='ltr'><strong>vero</strong></span> <span class='ocrx_word' id='word_1_538' title='bbox 1274 1920 1407 1979; x_wconf 76' lang='lat' dir='ltr'><strong>cadentes,</strong></span> <span class='ocrx_word' id='word_1_539' title='bbox 1420 1918 1544 1983; x_wconf 79' lang='lat' dir='ltr'><strong>quotquot</strong></span> <span class='ocrx_word' id='word_1_540' title='bbox 1563 1929 1592 1967; x_wconf 86' lang='lat' dir='ltr'><strong>ex</strong></span> <span class='ocrx_word' id='word_1_541' title='bbox 1606 1900 1881 1980; x_wconf 76' lang='lat' dir='ltr'><strong>iltismsequebst&#39;utur,</strong></span> <span class='ocrx_word' id='word_1_542' title='bbox 1969 1908 1970 1915; x_wconf 76' lang='grc'>’</span> 
     </span>
     <span class='ocr_line' id='line_1_72' title="bbox 1091 2012 1882 2090; baseline -0.02 -10"><span class='ocrx_word' id='word_1_543' title='bbox 1091 2026 1229 2090; x_wconf 76' lang='lat' dir='ltr'><strong>manisque</strong></span> <span class='ocrx_word' id='word_1_544' title='bbox 1255 2020 1349 2087; x_wconf 87' lang='lat' dir='ltr'><strong>captts,</strong></span> <span class='ocrx_word' id='word_1_545' title='bbox 1375 2017 1508 2069; x_wconf 79' lang='lat' dir='ltr'><strong>tendebant</strong></span> <span class='ocrx_word' id='word_1_546' title='bbox 1528 2015 1560 2065; x_wconf 87' lang='lat' dir='ltr'>ad</span> <span class='ocrx_word' id='word_1_547' title='bbox 1581 2026 1642 2073; x_wconf 81' lang='lat' dir='ltr'><strong>ans,</strong></span> <span class='ocrx_word' id='word_1_548' title='bbox 1663 2013 1751 2078; x_wconf 89' lang='lat' dir='ltr'><strong>quiin</strong></span> <span class='ocrx_word' id='word_1_549' title='bbox 1773 2012 1882 2077; x_wconf 74' lang='lat' dir='ltr'><strong>plonib’e</strong></span> 
     </span>
     <span class='ocr_line' id='line_1_73' title="bbox 1092 2096 1970 2182; baseline -0.019 -9"><span class='ocrx_word' id='word_1_550' title='bbox 1092 2124 1169 2177; x_wconf 87' lang='lat' dir='ltr'><strong>eraut.</strong></span> <span class='ocrx_word' id='word_1_551' title='bbox 1203 2117 1276 2182; x_wconf 77' lang='lat' dir='ltr'><strong>AEqui</strong></span> <span class='ocrx_word' id='word_1_552' title='bbox 1300 2129 1375 2175; x_wconf 84' lang='lat' dir='ltr'><strong>roro,</strong></span> <span class='ocrx_word' id='word_1_553' title='bbox 1396 2111 1440 2164; x_wconf 90' lang='lat' dir='ltr'><strong>nbi</strong></span> <span class='ocrx_word' id='word_1_554' title='bbox 1459 2125 1491 2162; x_wconf 79' lang='lat' dir='ltr'><strong>ex</strong></span> <span class='ocrx_word' id='word_1_555' title='bbox 1512 2108 1615 2161; x_wconf 81' lang='lat' dir='ltr'><strong>snorum</strong></span> <span class='ocrx_word' id='word_1_556' title='bbox 1644 2107 1702 2171; x_wconf 76' lang='lat' dir='ltr'><strong>luga</strong></span> <span class='ocrx_word' id='word_1_557' title='bbox 1728 2111 1756 2159; x_wconf 89' lang='lat' dir='ltr'>et</span> <span class='ocrx_word' id='word_1_558' title='bbox 1769 2096 1881 2159; x_wconf 62' lang='lat' dir='ltr'><strong>darem</strong></span> <span class='ocrx_word' id='word_1_559' title='bbox 1969 2126 1970 2131; x_wconf 45' lang='lat'>¹</span> 
     </span>
     <span class='ocr_line' id='line_1_74' title="bbox 1093 2176 1970 2288; baseline -0.033 -12"><span class='ocrx_word' id='word_1_560' title='bbox 1093 2226 1165 2288; x_wconf 83' lang='lat' dir='ltr'><strong>capto</strong></span> <span class='ocrx_word' id='word_1_561' title='bbox 1176 2231 1232 2271; x_wconf 88' lang='lat' dir='ltr'><strong>ease</strong></span> <span class='ocrx_word' id='word_1_562' title='bbox 1260 2217 1342 2265; x_wconf 80' lang='lat' dir='ltr'><strong>eastra</strong></span> <span class='ocrx_word' id='word_1_563' title='bbox 1362 2213 1503 2273; x_wconf 86' lang='lat' dir='ltr'><strong>senserunt,</strong></span> <span class='ocrx_word' id='word_1_564' title='bbox 1525 2224 1570 2261; x_wconf 90' lang='lat' dir='ltr'>nec</span> <span class='ocrx_word' id='word_1_565' title='bbox 1591 2192 1740 2276; x_wconf 80' lang='lat' dir='ltr'><strong>multopo‘et</strong></span> <span class='ocrx_word' id='word_1_566' title='bbox 1758 2199 1849 2262; x_wconf 59' lang='lat' dir='ltr'><strong>nomes</strong></span> <span class='ocrx_word' id='word_1_567' title='bbox 1865 2223 1882 2260; x_wconf 57' lang='grc' dir='ltr'>ι</span> <span class='ocrx_word' id='word_1_568' title='bbox 1900 2210 1924 2221; x_wconf 71' lang='grc'>”·</span> <span class='ocrx_word' id='word_1_569' title='bbox 1969 2176 1970 2247; x_wconf 53' lang='grc' dir='ltr'>ζ</span> 
     </span>
     <span class='ocr_line' id='line_1_75' title="bbox 1094 2279 1970 2383; baseline -0.015 -16"><span class='ocrx_word' id='word_1_570' title='bbox 1094 2325 1164 2383; x_wconf 76' lang='lat' dir='ltr'><strong>tergo</strong></span> <span class='ocrx_word' id='word_1_571' title='bbox 1190 2310 1333 2365; x_wconf 82' lang='lat' dir='ltr'><strong>invadentes</strong></span> <span class='ocrx_word' id='word_1_572' title='bbox 1351 2307 1484 2367; x_wconf 85' lang='lat' dir='ltr'><strong>viderunt,</strong></span> <span class='ocrx_word' id='word_1_573' title='bbox 1500 2305 1596 2357; x_wconf 87' lang='lat' dir='ltr'><strong>nullum</strong></span> <span class='ocrx_word' id='word_1_574' title='bbox 1615 2306 1679 2358; x_wconf 81' lang='lat' dir='ltr'><strong>torte</strong></span> <span class='ocrx_word' id='word_1_575' title='bbox 1707 2279 1803 2357; x_wconf 66' lang='lat' dir='ltr'><strong>dusinus</strong></span> <span class='ocrx_word' id='word_1_576' title='bbox 1825 2319 1883 2355; x_wconf 84' lang='lat' dir='ltr'>am-</span> <span class='ocrx_word' id='word_1_577' title='bbox 1969 2280 1970 2299; x_wconf 25' lang='grc' dir='ltr'>ί</span> 
     </span>
     <span class='ocr_line' id='line_1_76' title="bbox 1097 2400 1883 2481; baseline -0.017 -15"><span class='ocrx_word' id='word_1_578' title='bbox 1097 2414 1161 2481; x_wconf 90' lang='lat' dir='ltr'><strong>plius</strong></span> <span class='ocrx_word' id='word_1_579' title='bbox 1176 2407 1322 2466; x_wconf 72' lang='lat' dir='ltr'><strong>ediderunt,</strong></span> <span class='ocrx_word' id='word_1_580' title='bbox 1338 2402 1392 2461; x_wconf 86' lang='lat' dir='ltr'><strong>sed,</strong></span> <span class='ocrx_word' id='word_1_581' title='bbox 1413 2401 1520 2467; x_wconf 83' lang='lat' dir='ltr'><strong>diruptis</strong></span> <span class='ocrx_word' id='word_1_582' title='bbox 1538 2400 1679 2461; x_wconf 81' lang='lat' dir='ltr'><strong>ordinibus,</strong></span> <span class='ocrx_word' id='word_1_583' title='bbox 1694 2403 1739 2453; x_wconf 77' lang='lat' dir='ltr'><strong>olii</strong></span> <span class='ocrx_word' id='word_1_584' title='bbox 1757 2416 1798 2466; x_wconf 87' lang='lat' dir='ltr'><strong>per</strong></span> <span class='ocrx_word' id='word_1_585' title='bbox 1813 2402 1883 2454; x_wconf 68' lang='lat' dir='ltr'><strong>elius</strong></span> 
     </span>
     <span class='ocr_line' id='line_1_77' title="bbox 1094 2506 1885 2571; baseline -0.019 0"><span class='ocrx_word' id='word_1_586' title='bbox 1094 2520 1149 2571; x_wconf 84' lang='lat' dir='ltr'><strong>rias</strong></span> <span class='ocrx_word' id='word_1_587' title='bbox 1168 2513 1244 2566; x_wconf 91' lang='lat' dir='ltr'><strong>saluti</strong></span> <span class='ocrx_word' id='word_1_588' title='bbox 1264 2524 1315 2561; x_wconf 79' lang='lat' dir='ltr'>suu</span> <span class='ocrx_word' id='word_1_589' title='bbox 1332 2506 1493 2559; x_wconf 81' lang='lat' dir='ltr'><strong>consulebant</strong></span> <span class='ocrx_word' id='word_1_590' title='bbox 1519 2525 1526 2555; x_wconf 83' lang='grc' dir='ltr'>ι</span> <span class='ocrx_word' id='word_1_591' title='bbox 1548 2520 1578 2558; x_wconf 90' lang='lat' dir='ltr'>ac</span> <span class='ocrx_word' id='word_1_592' title='bbox 1597 2512 1652 2558; x_wconf 90' lang='lat' dir='ltr'>tum</span> <span class='ocrx_word' id='word_1_593' title='bbox 1666 2508 1779 2558; x_wconf 75' lang='lat' dir='ltr'><strong>maxima</strong></span> <span class='ocrx_word' id='word_1_594' title='bbox 1791 2522 1885 2561; x_wconf 68' lang='lat' dir='ltr'><strong>mrum</strong></span> 
     </span>
     <span class='ocr_line' id='line_1_78' title="bbox 1095 2604 1970 2672; baseline -0.021 -5"><span class='ocrx_word' id='word_1_595' title='bbox 1095 2615 1177 2670; x_wconf 80' lang='lat' dir='ltr'><strong>cades</strong></span> <span class='ocrx_word' id='word_1_596' title='bbox 1196 2614 1260 2664; x_wconf 76' lang='lat' dir='ltr'><strong>tactu</strong></span> <span class='ocrx_word' id='word_1_597' title='bbox 1275 2610 1323 2661; x_wconf 87' lang='lat' dir='ltr'><strong>cst.</strong></span> <span class='ocrx_word' id='word_1_598' title='bbox 1355 2607 1417 2656; x_wconf 82' lang='lat' dir='ltr'><strong>liam</strong></span> <span class='ocrx_word' id='word_1_599' title='bbox 1439 2605 1542 2655; x_wconf 82' lang='lat' dir='ltr'><strong>Romani</strong></span> <span class='ocrx_word' id='word_1_600' title='bbox 1567 2604 1725 2658; x_wconf 81' lang='lat' dir='ltr'><strong>continenter</strong></span> <span class='ocrx_word' id='word_1_601' title='bbox 1748 2622 1836 2672; x_wconf 67' lang='lat' dir='ltr'><strong>nsque</strong></span> <span class='ocrx_word' id='word_1_602' title='bbox 1852 2611 1886 2661; x_wconf 59' lang='lat' dir='ltr'><strong>an</strong></span> <span class='ocrx_word' id='word_1_603' title='bbox 1969 2636 1970 2661; x_wconf 70' lang='grc'>,</span> 
     </span>
     <span class='ocr_line' id='line_1_79' title="bbox 1095 2674 1970 2773; baseline -0.018 -4"><span class='ocrx_word' id='word_1_604' title='bbox 1095 2718 1193 2768; x_wconf 84' lang='lat' dir='ltr'><strong>noctem</strong></span> <span class='ocrx_word' id='word_1_605' title='bbox 1202 2715 1274 2773; x_wconf 79' lang='lat' dir='ltr'><strong>tanqu</strong></span> <span class='ocrx_word' id='word_1_606' title='bbox 1288 2719 1375 2759; x_wconf 88' lang='lat' dir='ltr'><strong>eorum</strong></span> <span class='ocrx_word' id='word_1_607' title='bbox 1389 2702 1521 2764; x_wconf 77' lang='lat' dir='ltr'><strong>inurentes,</strong></span> <span class='ocrx_word' id='word_1_608' title='bbox 1544 2704 1691 2756; x_wconf 77' lang='lat' dir='ltr'><strong>occidebant</strong></span> <span class='ocrx_word' id='word_1_609' title='bbox 1713 2719 1780 2769; x_wconf 90' lang='lat' dir='ltr'><strong>quos</strong></span> <span class='ocrx_word' id='word_1_610' title='bbox 1795 2707 1884 2771; x_wconf 80' lang='lat' dir='ltr'><strong>cepte·</strong></span> <span class='ocrx_word' id='word_1_611' title='bbox 1969 2674 1970 2695; x_wconf 41' lang='grc' dir='ltr'>ί</span> 
     </span>
    </p>
   </div>
   <div class='ocr_carea' id='block_1_5' title="bbox 1095 2800 1970 2867">
    <p class='ocr_par' dir='ltr' id='par_1_16' title="bbox 1095 2800 1970 2867">
     <span class='ocr_line' id='line_1_80' title="bbox 1095 2800 1970 2867; baseline -0.058 -1"><span class='ocrx_word' id='word_1_612' title='bbox 1095 2814 1167 2864; x_wconf 77' lang='lat' dir='ltr'><strong>luant.</strong></span> <span class='ocrx_word' id='word_1_613' title='bbox 1201 2806 1250 2866; x_wconf 85' lang='lat' dir='ltr'><strong>Qui</strong></span> <span class='ocrx_word' id='word_1_614' title='bbox 1261 2818 1321 2855; x_wconf 81' lang='lat' dir='ltr'><strong>vero</strong></span> <span class='ocrx_word' id='word_1_615' title='bbox 1337 2800 1471 2852; x_wconf 72' lang='lat' dir='ltr'><strong>maximam</strong></span> <span class='ocrx_word' id='word_1_616' title='bbox 1484 2812 1571 2853; x_wconf 82' lang='lat' dir='ltr'><strong>comm</strong></span> <span class='ocrx_word' id='word_1_617' title='bbox 1585 2804 1692 2865; x_wconf 50' lang='lat' dir='ltr'><strong>stragem</strong></span> <span class='ocrx_word' id='word_1_618' title='bbox 1713 2801 1786 2863; x_wconf 48' lang='lat' dir='ltr'>feeit,</span> <span class='ocrx_word' id='word_1_619' title='bbox 1800 2808 1832 2854; x_wconf 52' lang='grc' dir='ltr'>οἱ</span> <span class='ocrx_word' id='word_1_620' title='bbox 1842 2805 1888 2867; x_wconf 55' lang='lat' dir='ltr'>qui</span> <span class='ocrx_word' id='word_1_621' title='bbox 1969 2820 1970 2837; x_wconf 34' lang='grc' dir='ltr'>γ</span> 
     </span>
    </p>
   </div>
   <div class='ocr_carea' id='block_1_6' title="bbox 1095 2896 1894 3552">
    <p class='ocr_par' dir='ltr' id='par_1_17' title="bbox 1095 2896 1894 3552">
     <span class='ocr_line' id='line_1_81' title="bbox 1096 2896 1886 2965; baseline -0.013 -3"><span class='ocrx_word' id='word_1_622' title='bbox 1096 2908 1205 2961; x_wconf 81' lang='lat' dir='ltr'><strong>facinora</strong></span> <span class='ocrx_word' id='word_1_623' title='bbox 1221 2903 1329 2954; x_wconf 78' lang='lat' dir='ltr'><strong>maxime</strong></span> <span class='ocrx_word' id='word_1_624' title='bbox 1348 2896 1592 2957; x_wconf 62' lang='lat' dir='ltr'><strong>diminuendos</strong></span> <span class='ocrx_word' id='word_1_625' title='bbox 1614 2897 1663 2949; x_wconf 90' lang='lat' dir='ltr'><strong>tuit</strong></span> <span class='ocrx_word' id='word_1_626' title='bbox 1685 2897 1810 2950; x_wconf 72' lang='lat' dir='ltr'><strong>Sindus:</strong></span> <span class='ocrx_word' id='word_1_627' title='bbox 1829 2901 1886 2965; x_wconf 84' lang='lat' dir='ltr'><strong>qni,</strong></span> 
     </span>
     <span class='ocr_line' id='line_1_82' title="bbox 1095 2996 1891 3060; baseline -0.013 -1"><span class='ocrx_word' id='word_1_628' title='bbox 1095 3006 1139 3060; x_wconf 91' lang='lat' dir='ltr'><strong>ubl</strong></span> <span class='ocrx_word' id='word_1_629' title='bbox 1155 3003 1282 3056; x_wconf 75' lang='lat' dir='ltr'><strong>demotum</strong></span> <span class='ocrx_word' id='word_1_630' title='bbox 1298 2999 1395 3049; x_wconf 88' lang='lat' dir='ltr'><strong>bostem</strong></span> <span class='ocrx_word' id='word_1_631' title='bbox 1407 2996 1486 3058; x_wconf 82' lang='lat' dir='ltr'><strong>vidit,</strong></span> <span class='ocrx_word' id='word_1_632' title='bbox 1502 3009 1581 3060; x_wconf 89' lang='lat' dir='ltr'><strong>quum</strong></span> <span class='ocrx_word' id='word_1_633' title='bbox 1597 2996 1650 3060; x_wconf 82' lang='lat' dir='ltr'>jam</span> <span class='ocrx_word' id='word_1_634' title='bbox 1663 2998 1732 3047; x_wconf 87' lang='lat' dir='ltr'><strong>esset</strong></span> <span class='ocrx_word' id='word_1_635' title='bbox 1752 3010 1817 3060; x_wconf 77' lang='lat' dir='ltr'><strong>nux,</strong></span> <span class='ocrx_word' id='word_1_636' title='bbox 1830 3012 1891 3049; x_wconf 81' lang='lat' dir='ltr'><strong>enni</strong></span> 
     </span>
     <span class='ocr_line' id='line_1_83' title="bbox 1096 3093 1894 3159; baseline -0.011 -3"><span class='ocrx_word' id='word_1_637' title='bbox 1096 3104 1199 3157; x_wconf 81' lang='lat' dir='ltr'><strong>cohorte</strong></span> <span class='ocrx_word' id='word_1_638' title='bbox 1211 3112 1256 3149; x_wconf 88' lang='lat' dir='ltr'>sna</span> <span class='ocrx_word' id='word_1_639' title='bbox 1267 3097 1293 3148; x_wconf 92' lang='lat' dir='ltr'><strong>in</strong></span> <span class='ocrx_word' id='word_1_640' title='bbox 1308 3100 1419 3147; x_wconf 79' lang='lat' dir='ltr'><strong>castras</strong></span> <span class='ocrx_word' id='word_1_641' title='bbox 1437 3108 1464 3145; x_wconf 89' lang='lat' dir='ltr'><strong>ae</strong></span> <span class='ocrx_word' id='word_1_642' title='bbox 1478 3097 1550 3159; x_wconf 76' lang='lat' dir='ltr'><strong>capto</strong></span> <span class='ocrx_word' id='word_1_643' title='bbox 1564 3093 1647 3152; x_wconf 85' lang='lat' dir='ltr'><strong>rediit,</strong></span> <span class='ocrx_word' id='word_1_644' title='bbox 1664 3093 1774 3158; x_wconf 76' lang='lat' dir='ltr'><strong>ingentis</strong></span> <span class='ocrx_word' id='word_1_645' title='bbox 1788 3094 1894 3147; x_wconf 65' lang='lat' dir='ltr'><strong>teritis</strong></span> 
     </span>
     <span class='ocr_line' id='line_1_84' title="bbox 1097 3192 1892 3263; baseline -0.01 -12"><span class='ocrx_word' id='word_1_646' title='bbox 1097 3205 1123 3255; x_wconf 90' lang='lat' dir='ltr'>et</span> <span class='ocrx_word' id='word_1_647' title='bbox 1134 3211 1229 3263; x_wconf 68' lang='grc' dir='ltr'>πιοςιιιυ</span> <span class='ocrx_word' id='word_1_648' title='bbox 1240 3193 1381 3260; x_wconf 74' lang='lat' dir='ltr'><strong>jactationis</strong></span> <span class='ocrx_word' id='word_1_649' title='bbox 1394 3192 1489 3257; x_wconf 87' lang='lat' dir='ltr'><strong>plenus.</strong></span> <span class='ocrx_word' id='word_1_650' title='bbox 1501 3193 1533 3241; x_wconf 82' lang='lat' dir='ltr'>nt</span> <span class='ocrx_word' id='word_1_651' title='bbox 1541 3192 1653 3255; x_wconf 83' lang='lat' dir='ltr'><strong>quicum</strong></span> <span class='ocrx_word' id='word_1_652' title='bbox 1665 3204 1696 3241; x_wconf 90' lang='lat' dir='ltr'><strong>au</strong></span> <span class='ocrx_word' id='word_1_653' title='bbox 1706 3196 1783 3242; x_wconf 89' lang='lat' dir='ltr'><strong>erant</strong></span> <span class='ocrx_word' id='word_1_654' title='bbox 1795 3206 1892 3244; x_wconf 82' lang='lat' dir='ltr'><strong>omnes</strong></span> 
     </span>
     <span class='ocr_line' id='line_1_85' title="bbox 1097 3283 1894 3353; baseline -0.015 -9"><span class='ocrx_word' id='word_1_655' title='bbox 1097 3286 1382 3353; x_wconf 77' lang='lat' dir='ltr'><strong>incolumesetiulegri,</strong></span> <span class='ocrx_word' id='word_1_656' title='bbox 1400 3299 1449 3336; x_wconf 91' lang='lat' dir='ltr'>non</span> <span class='ocrx_word' id='word_1_657' title='bbox 1465 3285 1547 3336; x_wconf 85' lang='lat' dir='ltr'><strong>solum</strong></span> <span class='ocrx_word' id='word_1_658' title='bbox 1559 3283 1696 3350; x_wconf 77' lang='lat' dir='ltr'><strong>nirilpassi</strong></span> <span class='ocrx_word' id='word_1_659' title='bbox 1713 3298 1894 3352; x_wconf 65' lang='lat' dir='ltr'><strong>eorumquae</strong></span> 
     </span>
     <span class='ocr_line' id='line_1_86' title="bbox 1097 3377 1888 3455; baseline -0.02 -13"><span class='ocrx_word' id='word_1_660' title='bbox 1097 3387 1274 3455; x_wconf 80' lang='lat' dir='ltr'><strong>exspectarunt,</strong></span> <span class='ocrx_word' id='word_1_661' title='bbox 1287 3396 1375 3434; x_wconf 83' lang='lat' dir='ltr'><strong>rarum</strong></span> <span class='ocrx_word' id='word_1_662' title='bbox 1389 3381 1475 3437; x_wconf 79' lang='lat' dir='ltr'><strong>emm,</strong></span> <span class='ocrx_word' id='word_1_663' title='bbox 1488 3382 1559 3444; x_wconf 84' lang='lat' dir='ltr'><strong>parta</strong></span> <span class='ocrx_word' id='word_1_664' title='bbox 1570 3377 1677 3430; x_wconf 80' lang='lat' dir='ltr'><strong>maxime</strong></span> <span class='ocrx_word' id='word_1_665' title='bbox 1689 3378 1783 3443; x_wconf 74' lang='lat' dir='ltr'><strong>insign</strong></span> <span class='ocrx_word' id='word_1_666' title='bbox 1797 3380 1888 3445; x_wconf 65' lang='grc' dir='ltr'>μισήι,</span> 
     </span>
     <span class='ocr_line' id='line_1_87' title="bbox 1097 3476 1892 3552; baseline -0.015 -14"><span class='ocrx_word' id='word_1_667' title='bbox 1097 3503 1155 3541; x_wconf 86' lang='lat' dir='ltr'>eum</span> <span class='ocrx_word' id='word_1_668' title='bbox 1167 3488 1262 3552; x_wconf 87' lang='lat' dir='ltr'><strong>patrem</strong></span> <span class='ocrx_word' id='word_1_669' title='bbox 1276 3495 1360 3543; x_wconf 87' lang='lat' dir='ltr'><strong>sunm,</strong></span> <span class='ocrx_word' id='word_1_670' title='bbox 1385 3480 1552 3533; x_wconf 78' lang='lat' dir='ltr'><strong>servatorem,</strong></span> <span class='ocrx_word' id='word_1_671' title='bbox 1574 3476 1717 3539; x_wconf 87' lang='lat' dir='ltr'><strong>deumque,</strong></span> <span class='ocrx_word' id='word_1_672' title='bbox 1730 3478 1759 3526; x_wconf 88' lang='lat' dir='ltr'>et</span> <span class='ocrx_word' id='word_1_673' title='bbox 1769 3476 1892 3527; x_wconf 77' lang='lat' dir='ltr'><strong>munibus</strong></span> 
     </span>
    </p>
   </div>
   <div class='ocr_carea' id='block_1_7' title="bbox 1099 3575 1896 3929">
    <p class='ocr_par' dir='ltr' id='par_1_18' title="bbox 1099 3575 1896 3929">
     <span class='ocr_line' id='line_1_88' title="bbox 1099 3575 1893 3640; baseline -0.015 -1"><span class='ocrx_word' id='word_1_674' title='bbox 1099 3580 1353 3640; x_wconf 80' lang='lat' dir='ltr'><strong>honorificentissimis</strong></span> <span class='ocrx_word' id='word_1_675' title='bbox 1368 3576 1510 3628; x_wconf 87' lang='lat' dir='ltr'><strong>nominibus</strong></span> <span class='ocrx_word' id='word_1_676' title='bbox 1528 3575 1689 3640; x_wconf 80' lang='lat' dir='ltr'><strong>appellantes,</strong></span> <span class='ocrx_word' id='word_1_677' title='bbox 1705 3575 1807 3626; x_wconf 83' lang='lat' dir='ltr'><strong>mutuis</strong></span> <span class='ocrx_word' id='word_1_678' title='bbox 1816 3591 1893 3628; x_wconf 83' lang='lat' dir='ltr'><strong>coru·</strong></span> 
     </span>
     <span class='ocr_line' id='line_1_89' title="bbox 1099 3663 1896 3743; baseline -0.016 -17"><span class='ocrx_word' id='word_1_679' title='bbox 1099 3675 1214 3743; x_wconf 76' lang='lat' dir='ltr'><strong>plexibus</strong></span> <span class='ocrx_word' id='word_1_680' title='bbox 1236 3674 1312 3734; x_wconf 84' lang='lat' dir='ltr'><strong>utque</strong></span> <span class='ocrx_word' id='word_1_681' title='bbox 1337 3665 1394 3718; x_wconf 84' lang='lat' dir='ltr'><strong>aliis</strong></span> <span class='ocrx_word' id='word_1_682' title='bbox 1418 3663 1550 3729; x_wconf 73' lang='lat' dir='ltr'><strong>hilaritatis</strong></span> <span class='ocrx_word' id='word_1_683' title='bbox 1579 3663 1769 3729; x_wconf 79' lang='lat' dir='ltr'><strong>voluptatisque</strong></span> <span class='ocrx_word' id='word_1_684' title='bbox 1789 3665 1896 3715; x_wconf 74' lang='lat' dir='ltr'><strong>indiciis</strong></span> 
     </span>
     <span class='ocr_line' id='line_1_90' title="bbox 1100 3752 1891 3823; baseline -0.015 -8"><span class='ocrx_word' id='word_1_685' title='bbox 1100 3762 1185 3815; x_wconf 76' lang='lat' dir='ltr'><strong>sabati</strong></span> <span class='ocrx_word' id='word_1_686' title='bbox 1199 3774 1248 3811; x_wconf 92' lang='lat' dir='ltr'>non</span> <span class='ocrx_word' id='word_1_687' title='bbox 1259 3753 1380 3823; x_wconf 80' lang='lat' dir='ltr'><strong>poteram.</strong></span> <span class='ocrx_word' id='word_1_688' title='bbox 1415 3758 1498 3817; x_wconf 81' lang='lat' dir='ltr'><strong>Atque</strong></span> <span class='ocrx_word' id='word_1_689' title='bbox 1514 3754 1652 3804; x_wconf 86' lang='lat' dir='ltr'><strong>interimet</strong></span> <span class='ocrx_word' id='word_1_690' title='bbox 1667 3752 1783 3817; x_wconf 85' lang='lat' dir='ltr'><strong>reliquus</strong></span> <span class='ocrx_word' id='word_1_691' title='bbox 1794 3756 1891 3804; x_wconf 68' lang='grc' dir='ltr'>Βοιω-</span> 
     </span>
     <span class='ocr_line' id='line_1_91' title="bbox 1100 3853 1894 3929; baseline -0.021 -10"><span class='ocrx_word' id='word_1_692' title='bbox 1100 3882 1186 3918; x_wconf 84' lang='lat' dir='ltr'><strong>norum</strong></span> <span class='ocrx_word' id='word_1_693' title='bbox 1197 3865 1336 3925; x_wconf 77' lang='lat' dir='ltr'><strong>exercitus,</strong></span> <span class='ocrx_word' id='word_1_694' title='bbox 1350 3863 1395 3929; x_wconf 91' lang='lat' dir='ltr'><strong>qui</strong></span> <span class='ocrx_word' id='word_1_695' title='bbox 1407 3863 1504 3913; x_wconf 87' lang='lat' dir='ltr'><strong>bostem</strong></span> <span class='ocrx_word' id='word_1_696' title='bbox 1521 3861 1666 3922; x_wconf 86' lang='lat' dir='ltr'><strong>persecutus</strong></span> <span class='ocrx_word' id='word_1_697' title='bbox 1682 3855 1784 3913; x_wconf 82' lang='lat' dir='ltr'><strong>tuerat,</strong></span> <span class='ocrx_word' id='word_1_698' title='bbox 1803 3853 1830 3904; x_wconf 90' lang='lat' dir='ltr'><strong>in</strong></span> <span class='ocrx_word' id='word_1_699' title='bbox 1840 3864 1894 3903; x_wconf 70' lang='lat' dir='ltr'><strong>sira</strong></span> 
     </span>
    </p>
   </div>
   <div class='ocr_carea' id='block_1_8' title="bbox 1100 3967 1364 4015">
    <p class='ocr_par' dir='ltr' id='par_1_19' title="bbox 1100 3967 1364 4015">
     <span class='ocr_line' id='line_1_92' title="bbox 1100 3967 1364 4015; baseline -0.015 -1"><span class='ocrx_word' id='word_1_700' title='bbox 1100 3968 1180 4014; x_wconf 83' lang='lat' dir='ltr'><strong>castra</strong></span> <span class='ocrx_word' id='word_1_701' title='bbox 1188 3967 1228 4015; x_wconf 88' lang='lat' dir='ltr'>est</span> <span class='ocrx_word' id='word_1_702' title='bbox 1240 3974 1364 4013; x_wconf 83' lang='lat' dir='ltr'><strong>reversus.</strong></span> 
     </span>
    </p>
   </div>
   <div class='ocr_carea' id='block_1_9' title="bbox 1100 4257 1903 5311">
    <p class='ocr_par' dir='ltr' id='par_1_20' title="bbox 1100 4257 1903 5311">
     <span class='ocr_line' id='line_1_93' title="bbox 1133 4257 1896 4337; baseline -0.026 -9"><span class='ocrx_word' id='word_1_703' title='bbox 1133 4279 1227 4328; x_wconf 75' lang='lat' dir='ltr'><strong>llbvll.</strong></span> <span class='ocrx_word' id='word_1_704' title='bbox 1238 4276 1269 4324; x_wconf 85' lang='lat' dir='ltr'>Et</span> <span class='ocrx_word' id='word_1_705' title='bbox 1278 4272 1330 4337; x_wconf 74' lang='lat' dir='ltr'><strong>lum</strong></span> <span class='ocrx_word' id='word_1_706' title='bbox 1348 4280 1397 4318; x_wconf 85' lang='lat' dir='ltr'><strong>nox</strong></span> <span class='ocrx_word' id='word_1_707' title='bbox 1410 4263 1493 4317; x_wconf 87' lang='lat' dir='ltr'><strong>media</strong></span> <span class='ocrx_word' id='word_1_708' title='bbox 1507 4263 1568 4323; x_wconf 85' lang='lat' dir='ltr'><strong>erat,</strong></span> <span class='ocrx_word' id='word_1_709' title='bbox 1584 4273 1663 4324; x_wconf 90' lang='lat' dir='ltr'><strong>quum</strong></span> <span class='ocrx_word' id='word_1_710' title='bbox 1679 4257 1775 4319; x_wconf 84' lang='lat' dir='ltr'><strong>Siceio,</strong></span> <span class='ocrx_word' id='word_1_711' title='bbox 1788 4257 1896 4322; x_wconf 68' lang='lat' dir='ltr'><strong>iniunt</strong></span> 
     </span>
     <span class='ocr_line' id='line_1_94' title="bbox 1100 4355 1897 4430; baseline -0.03 -4"><span class='ocrx_word' id='word_1_712' title='bbox 1100 4371 1271 4425; x_wconf 88' lang='lat' dir='ltr'><strong>aoonsulibus</strong></span> <span class='ocrx_word' id='word_1_713' title='bbox 1297 4368 1405 4430; x_wconf 83' lang='lat' dir='ltr'><strong>acceptae</strong></span> <span class='ocrx_word' id='word_1_714' title='bbox 1432 4358 1551 4423; x_wconf 88' lang='lat' dir='ltr'><strong>memori,</strong></span> <span class='ocrx_word' id='word_1_715' title='bbox 1572 4356 1695 4421; x_wconf 86' lang='lat' dir='ltr'><strong>aquibus</strong></span> <span class='ocrx_word' id='word_1_716' title='bbox 1718 4355 1753 4405; x_wconf 86' lang='lat' dir='ltr'>ad</span> <span class='ocrx_word' id='word_1_717' title='bbox 1778 4358 1897 4407; x_wconf 70' lang='lat' dir='ltr'><strong>mortun</strong></span> 
     </span>
     <span class='ocr_line' id='line_1_95' title="bbox 1100 4454 1901 4531; baseline -0.021 -8"><span class='ocrx_word' id='word_1_718' title='bbox 1100 4474 1194 4523; x_wconf 88' lang='lat' dir='ltr'><strong>missus</strong></span> <span class='ocrx_word' id='word_1_719' title='bbox 1208 4472 1299 4531; x_wconf 81' lang='lat' dir='ltr'><strong>lueret,</strong></span> <span class='ocrx_word' id='word_1_720' title='bbox 1317 4470 1342 4518; x_wconf 91' lang='lat' dir='ltr'><strong>iu</strong></span> <span class='ocrx_word' id='word_1_721' title='bbox 1363 4467 1473 4518; x_wconf 89' lang='lat' dir='ltr'><strong>mentem</strong></span> <span class='ocrx_word' id='word_1_722' title='bbox 1491 4459 1560 4511; x_wconf 80' lang='lat' dir='ltr'><strong>venit</strong></span> <span class='ocrx_word' id='word_1_723' title='bbox 1582 4457 1692 4507; x_wconf 71' lang='lat' dir='ltr'><strong>victorina</strong></span> <span class='ocrx_word' id='word_1_724' title='bbox 1712 4454 1821 4517; x_wconf 75' lang='lat' dir='ltr'><strong>gloriam</strong></span> <span class='ocrx_word' id='word_1_725' title='bbox 1842 4456 1901 4507; x_wconf 79' lang='lat' dir='ltr'><strong>illis</strong></span> 
     </span>
     <span class='ocr_line' id='line_1_96' title="bbox 1101 4550 1899 4637; baseline -0.026 -15"><span class='ocrx_word' id='word_1_726' title='bbox 1101 4572 1204 4637; x_wconf 85' lang='lat' dir='ltr'><strong>eripere.</strong></span> <span class='ocrx_word' id='word_1_727' title='bbox 1239 4566 1427 4621; x_wconf 76' lang='lat' dir='ltr'><strong>communicato</strong></span> <span class='ocrx_word' id='word_1_728' title='bbox 1438 4563 1524 4611; x_wconf 89' lang='lat' dir='ltr'><strong>autem</strong></span> <span class='ocrx_word' id='word_1_729' title='bbox 1538 4569 1596 4606; x_wconf 90' lang='lat' dir='ltr'><strong>cnm</strong></span> <span class='ocrx_word' id='word_1_730' title='bbox 1614 4552 1666 4603; x_wconf 86' lang='lat' dir='ltr'><strong>anis</strong></span> <span class='ocrx_word' id='word_1_731' title='bbox 1676 4550 1796 4609; x_wconf 82' lang='lat' dir='ltr'><strong>consilto,</strong></span> <span class='ocrx_word' id='word_1_732' title='bbox 1810 4565 1899 4615; x_wconf 86' lang='lat' dir='ltr'><strong>quum</strong></span> 
     </span>
     <span class='ocr_line' id='line_1_97' title="bbox 1101 4647 1899 4729; baseline -0.029 -10"><span class='ocrx_word' id='word_1_733' title='bbox 1101 4669 1128 4719; x_wconf 95' lang='lat' dir='ltr'>id</span> <span class='ocrx_word' id='word_1_734' title='bbox 1138 4667 1255 4719; x_wconf 88' lang='lat' dir='ltr'><strong>omnibus</strong></span> <span class='ocrx_word' id='word_1_735' title='bbox 1263 4664 1411 4729; x_wconf 83' lang='lat' dir='ltr'><strong>placuisset,</strong></span> <span class='ocrx_word' id='word_1_736' title='bbox 1423 4671 1470 4710; x_wconf 86' lang='lat' dir='ltr'>neo</span> <span class='ocrx_word' id='word_1_737' title='bbox 1482 4655 1549 4707; x_wconf 87' lang='lat' dir='ltr'><strong>ullus</strong></span> <span class='ocrx_word' id='word_1_738' title='bbox 1561 4653 1642 4711; x_wconf 84' lang='lat' dir='ltr'><strong>esset,</strong></span> <span class='ocrx_word' id='word_1_739' title='bbox 1655 4648 1699 4712; x_wconf 92' lang='lat' dir='ltr'><strong>qul</strong></span> <span class='ocrx_word' id='word_1_740' title='bbox 1712 4647 1760 4698; x_wconf 85' lang='lat' dir='ltr'><strong>riri</strong></span> <span class='ocrx_word' id='word_1_741' title='bbox 1777 4649 1899 4711; x_wconf 83' lang='lat' dir='ltr'><strong>pruden-</strong></span> 
     </span>
     <span class='ocr_line' id='line_1_98' title="bbox 1101 4748 1903 4826; baseline -0.032 -10"><span class='ocrx_word' id='word_1_742' title='bbox 1101 4765 1162 4815; x_wconf 86' lang='lat' dir='ltr'><strong>tium</strong></span> <span class='ocrx_word' id='word_1_743' title='bbox 1185 4768 1211 4815; x_wconf 89' lang='lat' dir='ltr'>ct</span> <span class='ocrx_word' id='word_1_744' title='bbox 1232 4756 1460 4826; x_wconf 75' lang='lat' dir='ltr'><strong>magnanimitatem</strong></span> <span class='ocrx_word' id='word_1_745' title='bbox 1483 4769 1531 4806; x_wconf 91' lang='lat' dir='ltr'>non</span> <span class='ocrx_word' id='word_1_746' title='bbox 1564 4749 1741 4805; x_wconf 80' lang='lat' dir='ltr'><strong>admiraretur,</strong></span> <span class='ocrx_word' id='word_1_747' title='bbox 1766 4748 1903 4811; x_wconf 66' lang='grc' dir='ltr'>οοιτφςῑα</span> 
     </span>
     <span class='ocr_line' id='line_1_99' title="bbox 1101 4843 1898 4923; baseline -0.028 -9"><span class='ocrx_word' id='word_1_748' title='bbox 1101 4863 1176 4914; x_wconf 85' lang='lat' dir='ltr'><strong>arnis</strong></span> <span class='ocrx_word' id='word_1_749' title='bbox 1197 4861 1301 4923; x_wconf 81' lang='lat' dir='ltr'><strong>ollisque</strong></span> <span class='ocrx_word' id='word_1_750' title='bbox 1326 4857 1392 4908; x_wconf 89' lang='lat' dir='ltr'><strong>idem</strong></span> <span class='ocrx_word' id='word_1_751' title='bbox 1413 4855 1494 4906; x_wconf 76' lang='lat' dir='ltr'><strong>lacere</strong></span> <span class='ocrx_word' id='word_1_752' title='bbox 1515 4851 1609 4918; x_wconf 72' lang='lat' dir='ltr'><strong>tussis,</strong></span> <span class='ocrx_word' id='word_1_753' title='bbox 1626 4848 1735 4912; x_wconf 85' lang='lat' dir='ltr'><strong>primum</strong></span> <span class='ocrx_word' id='word_1_754' title='bbox 1758 4843 1898 4905; x_wconf 75' lang='grc' dir='ltr'>δοιαίυεα,</span> 
     </span>
     <span class='ocr_line' id='line_1_100' title="bbox 1105 4950 1899 5023; baseline -0.019 -12"><span class='ocrx_word' id='word_1_755' title='bbox 1105 4961 1228 5023; x_wconf 89' lang='lat' dir='ltr'><strong>quotquot</strong></span> <span class='ocrx_word' id='word_1_756' title='bbox 1240 4958 1412 5020; x_wconf 75' lang='lat' dir='ltr'><strong>inAEquururn</strong></span> <span class='ocrx_word' id='word_1_757' title='bbox 1423 4951 1512 5004; x_wconf 84' lang='lat' dir='ltr'><strong>castris</strong></span> <span class='ocrx_word' id='word_1_758' title='bbox 1530 4950 1632 5016; x_wconf 85' lang='lat' dir='ltr'><strong>reperit,</strong></span> <span class='ocrx_word' id='word_1_759' title='bbox 1648 4950 1674 4998; x_wconf 89' lang='lat' dir='ltr'>et</span> <span class='ocrx_word' id='word_1_760' title='bbox 1691 4956 1772 5008; x_wconf 78' lang='lat' dir='ltr'><strong>equos</strong></span> <span class='ocrx_word' id='word_1_761' title='bbox 1790 4955 1825 4994; x_wconf 81' lang='lat' dir='ltr'><strong>ae</strong></span> <span class='ocrx_word' id='word_1_762' title='bbox 1842 4958 1899 4997; x_wconf 67' lang='lat' dir='ltr'><strong>cte·</strong></span> 
     </span>
     <span class='ocr_line' id='line_1_101' title="bbox 1101 5043 1900 5121; baseline -0.016 -14"><span class='ocrx_word' id='word_1_763' title='bbox 1101 5059 1155 5107; x_wconf 88' lang='lat' dir='ltr'><strong>tera</strong></span> <span class='ocrx_word' id='word_1_764' title='bbox 1176 5058 1288 5121; x_wconf 74' lang='lat' dir='ltr'><strong>iumenta</strong></span> <span class='ocrx_word' id='word_1_765' title='bbox 1309 5051 1505 5110; x_wconf 71' lang='lat' dir='ltr'><strong>contrucidavit,</strong></span> <span class='ocrx_word' id='word_1_766' title='bbox 1532 5048 1623 5099; x_wconf 87' lang='lat' dir='ltr'><strong>deinde</strong></span> <span class='ocrx_word' id='word_1_767' title='bbox 1653 5043 1767 5097; x_wconf 83' lang='lat' dir='ltr'><strong>incendit</strong></span> <span class='ocrx_word' id='word_1_768' title='bbox 1782 5046 1900 5095; x_wconf 76' lang='lat' dir='ltr'><strong>tentoria</strong></span> 
     </span>
     <span class='ocr_line' id='line_1_102' title="bbox 1102 5141 1899 5207; baseline -0.011 -6"><span class='ocrx_word' id='word_1_769' title='bbox 1102 5153 1192 5203; x_wconf 83' lang='lat' dir='ltr'><strong>retortu</strong></span> <span class='ocrx_word' id='word_1_770' title='bbox 1217 5153 1306 5207; x_wconf 81' lang='lat' dir='ltr'><strong>armls,</strong></span> <span class='ocrx_word' id='word_1_771' title='bbox 1330 5151 1468 5205; x_wconf 79' lang='lat' dir='ltr'><strong>frumento,</strong></span> <span class='ocrx_word' id='word_1_772' title='bbox 1495 5146 1623 5203; x_wconf 82' lang='lat' dir='ltr'><strong>vestibus,</strong></span> <span class='ocrx_word' id='word_1_773' title='bbox 1649 5141 1775 5195; x_wconf 75' lang='lat' dir='ltr'><strong>rebusad</strong></span> <span class='ocrx_word' id='word_1_774' title='bbox 1796 5142 1899 5193; x_wconf 77' lang='lat' dir='ltr'><strong>bellun</strong></span> 
     </span>
     <span class='ocr_line' id='line_1_103' title="bbox 1104 5243 1899 5311; baseline -0.011 -10"><span class='ocrx_word' id='word_1_775' title='bbox 1104 5248 1264 5307; x_wconf 87' lang='lat' dir='ltr'><strong>necessariis,</strong></span> <span class='ocrx_word' id='word_1_776' title='bbox 1275 5246 1372 5310; x_wconf 88' lang='lat' dir='ltr'><strong>aliaque</strong></span> <span class='ocrx_word' id='word_1_777' title='bbox 1388 5244 1471 5311; x_wconf 70' lang='lat' dir='ltr'><strong>{leuda</strong></span> <span class='ocrx_word' id='word_1_778' title='bbox 1487 5243 1597 5308; x_wconf 72' lang='lat' dir='ltr'><strong>dugenti,</strong></span> <span class='ocrx_word' id='word_1_779' title='bbox 1612 5255 1689 5305; x_wconf 86' lang='lat' dir='ltr'><strong>quam</strong></span> <span class='ocrx_word' id='word_1_780' title='bbox 1702 5254 1735 5292; x_wconf 81' lang='lat' dir='ltr'>es</span> <span class='ocrx_word' id='word_1_781' title='bbox 1748 5254 1813 5306; x_wconf 77' lang='lat' dir='ltr'><strong>agro</strong></span> <span class='ocrx_word' id='word_1_782' title='bbox 1827 5244 1899 5293; x_wconf 78' lang='lat' dir='ltr'><strong>nns-</strong></span> 
     </span>
    </p>
   </div>
   <div class='ocr_carea' id='block_1_10' title="bbox 0 0 2020 5936">
    <p class='ocr_par' dir='ltr' id='par_1_21' title="bbox 0 0 2020 5936">
     <span class='ocr_line' id='line_1_104' title="bbox 0 0 2020 5936; baseline 0 0"><span class='ocrx_word' id='word_1_783' title='bbox 0 0 2020 5936; x_wconf 95' lang='lat' dir='ltr'> </span> 
     </span>
    </p>
   </div>
   <div class='ocr_carea' id='block_1_11' title="bbox 1851 1520 1970 1581">
    <p class='ocr_par' dir='ltr' id='par_1_22' title="bbox 1851 1520 1970 1581">
     <span class='ocr_line' id='line_1_105' title="bbox 1851 1520 1970 1581; baseline -0.017 -10"><span class='ocrx_word' id='word_1_784' title='bbox 1851 1520 1970 1581; x_wconf 64' lang='lat' dir='ltr'><strong>to}</strong></span> 
     </span>
    </p>
   </div>
  </div>
 </body>
</html>
