4070 5926
641 409 939 484 ANI'IQUI‘IATUM
961 409 1115 471 ROMAN.
1138 409 1213 472 LIB.
1237 409 1317 471 VIII.

156 547 268 627 νομίνας
286 540 429 617 ούδύποτε,
444 542 492 611 τάς
512 541 540 603 δὲ
561 541 626 623 πρδς
647 540 759 623 βασιλέα
783 541 931 621 Ταρκύνιον

157 636 297 716 ὁμολογίας
311 636 436 698 λελῦσθαι
450 631 498 704 τήν
521 635 543 687 τ’
559 630 646 711 ἀρχὴν
670 628 855 712 ἀφαιρεθέντος
869 630 934 689 ίκεί·

156 746 202 784 νου
223 720 269 783 καὶ
288 718 442 793 τεθνηκότος
463 716 507 776 inti
531 720 578 788 τῆς
600 716 687 790 ξένης·
707 719 731 777 εί
752 715 780 778 δέ
800 739 867 785 τινες
884 716 935 798 θρ-

158 810 244 892 παγαί
269 810 314 870 καί
340 807 509 888 καταδρομαὶ
540 811 587 879 τῆς
622 806 712 888 χώρας
743 805 863 886 ἐγένοντο
892 805 935 866 διθι

116 932 130 971 ς
157 898 326 979 λῃστηρίων,
339 896 387 957 ούκ
401 893 455 953 dni
469 899 558 966 κοινῆς
568 893 676 972 γνώμης
690 893 827 973 γεγονέναι
846 894 937 972 λόγου·

159 1012 215 1059 σιν,
230 987 289 1047 ἀλλ’
302 986 412 1045 ἰδιωτῶν
426 980 581 1060 ἀδικήματα
596 980 737 1060 μετιόντων
759 982 793 1040 τὰ
806 982 875 1053 ίδια,
889 981 936 1041 καί

159 1075 219 1137 odit
235 1073 294 1143 τοῦς
307 1080 391 1133 ταῦτα
411 1070 561 1152 δράσαντας
582 1071 709 1151 παρέχειν
720 1065 802 1132 οἷοίτ’
812 1070 877 1130 stein
891 1073 935 1131 ἐπὶ

160 1166 250 1238 δίκην,
274 1162 351 1244 ἔτερα
366 1163 412 1221 καί
426 1161 500 1219 αὐτοὶ
519 1165 629 1219 τοιαῦτα
644 1160 802 1219 πεπονθέναι
815 1157 936 1237 λέγοντες

159 1252 205 1311 καὶ
229 1252 466 1332 ἀντεγκαλοῦντες,
493 1248 603 1324 ἄσμενοί
626 1249 656 1309 τί
681 1248 730 1306 εἰσι
748 1245 872 1326 δίχεσθαι
891 1247 935 1305 τὸν

107 1371 133 1408 10
158 1341 312 1418 πολεμον.»
329 1339 415 1398 Ταῦθ’
436 1342 454 1409 ἡ
471 1334 553 1418 βουλὴ
578 1340 699 1413 μαθοῦσα
715 1336 864 1416 ἐψηφίσατο
883 1334 934 1394 νεί·

160 1435 261 1507 μασθαι
272 1427 319 1500 clu
330 1426 546 1507 καταγραφεῖσαν
557 1426 587 1484 ist
600 1427 650 1484 τῶν
662 1424 794 1504 νεωτέρων
808 1428 935 1506 στρατιάν

158 1523 252 1598 τριχῇ·
267 1516 366 1577 τούτων
380 1514 408 1574 ct
421 1515 470 1589 τὴν
485 1513 533 1591 μὲν
548 1516 612 1592 μίαν
627 1513 725 1591 άγοντα
746 1512 826 1575 Γάϊον
842 1512 933 1573 Ἀκύλ-

158 1606 215 1664 λιον
228 1608 272 1665 τὸν
287 1604 387 1663 ῦπατον
401 1605 482 1678 ὁμόσε
503 1606 536 1682 τῇ
551 1601 681 1682 Ἑρνίκων
695 1611 808 1684 στρατιᾷ
826 1610 935 1684 χωρεῖν·

158 1695 205 1753 καί
214 1696 266 1774 γὰρ
280 1696 374 1753 ἐκεῖνοι
390 1691 442 1764 ἤδη
461 1684 530 1763 ἦσαν
542 1692 569 1749 ίν
585 1694 638 1759 τοῖς
653 1690 761 1758 ὅπλοις·
775 1691 823 1764 τὴν
840 1693 864 1751 δ’
877 1690 935 1750 ίτί-

107 1810 131 1847 ος
160 1806 209 1864 ραν
231 1784 312 1844 Τῖτον
332 1780 440 1843 Σίκκιον
455 1780 500 1840 ἐπί
512 1779 695 1847 Οὐολούσκους
712 1780 802 1860 ἀγειν,
817 1781 862 1841 τὸν
873 1780 933 1839 Ἰίτε·

160 1892 205 1947 ρον
219 1873 272 1929 τῶν
287 1869 405 1930 ὑπάτων.
421 1867 480 1940 Τὴν
497 1868 525 1928 δέ
538 1868 634 1939 λοιπὴν
654 1869 827 1948 τριτημερίθα
846 1890 935 1947 παρα-

158 1957 277 2018 λαόόντα
300 1958 414 2037 Σπόριον
439 1958 574 2037 Λάρκιον,
606 1956 633 2024 t<
659 1948 690 2029 Is
720 1957 936 2037 ἀποδεδειγμένος

158 2046 209 2104 ἀπὸ
223 2049 276 2105 τῶν
296 2046 405 2104 ὑπάτων
429 2044 546 2125 ἔπαρχος
571 2044 619 2120 riv
642 2043 751 2125 ἔγγιστα
769 2049 817 2117 τῆς
833 2044 935 2112 πόλεως

159 2134 250 2214 χώραν
273 2133 428 2216 φυλάττειν·
452 2141 511 2201 τοὺς
535 2133 562 2192 δὲ
587 2134 651 2214 ὑπὲρ
678 2132 724 2192 τδν
748 2134 934 2213 στρατιωτικὸν

108 2250 133 2288 ,ο
161 2223 322 2302 κατάλογον,
342 2224 399 2283 ὅσοι
423 2220 535 2303 δύναμιν
552 2215 623 2303 εἶχον
640 2221 680 2281 ἔτι
695 2223 836 2301 βαστάζειν
851 2223 934 2295 θπλσ,

160 2312 304 2393 ταχθέντας
318 2311 371 2372 istd
392 2310 520 2390 supetat<
541 2312 589 2378 τάς
611 2314 634 2371 τ’
648 2309 730 2391 ἄκρας
750 2315 870 2392 φρουρεῖν
889 2316 937 2383 τῆς

159 2400 261 2469 πολεως
284 2404 331 2460 καλ
354 2401 389 2460 τά
414 2398 507 2480 τείχη,
527 2399 565 2477 μή
589 2422 628 2467 τις
652 2398 778 2480 αἰφνίδιος
801 2399 936 2477 πολεμίων

160 2488 268 2567 γίνηται
278 2487 369 2565 ἔφοδος
384 2486 620 2567 ἐξεστρατευμένης
634 2491 681 2558 τῆς
695 2488 816 2561 νεότητος
830 2489 936 2569 ἀθρόας·

162 2583 283 2655 ἡγεῖσθαι
305 2578 333 2636 δί
355 2582 402 2650 τῆς
424 2577 559 2655 δυνάμεως
581 2578 680 2650 ταύτης
694 2570 781 2638 Αύλαν
804 2581 938 2662 Σεμπρώ-

106 2688 134 2729 [ιο
161 2691 215 2729 νιον
241 2667 390 2753 Ἀτρατῖνον
418 2668 500 2750 ἀνδρα
515 2671 568 2728 τῶν
592 2672 739 2729 ὑπατικῶν.
765 2668 889 2750 Ἐγίνετο
908 2672 937 2732 δὲ

160 2755 236 2817 ταῦτ’
250 2760 279 2817 ού
298 2755 342 2817 td
354 2762 469 2840 μακροῦ.

200 2844 288 2907 LXV.
312 2844 446 2913 Ἀκύλλιος
473 2842 521 2923 μδν
536 2834 580 2903 σύν
605 2842 697 2924 ἅτερος
714 2849 767 2906 τῶν
788 2848 895 2908 ύπάτων
910 2851 936 2908 ίν

160 2937 193 3014 τῇ
206 2935 410 3014 Πραινεστηνῶν
423 2931 500 3017 χώριρ
514 2933 559 2992 τὸν
574 2929 701 3014 Ἑρνίκων
716 2932 827 3015 στρατδν
838 2935 937 3014 ύπσμί-

161 3047 239 3084 νοντα
254 3019 433 3096 καταλαόθιν,
454 3023 803 3102 ἀντικατεστρατοπέδευσεν
816 3027 851 3091 ώς
872 3024 938 3084 ἐδύ-

104 3138 132 3180 ³0
161 3133 226 3170 νατο
244 3111 351 3187 μάλιστ’
367 3109 523 3190 ἀγχοτάτω,
546 3110 666 3177 σταδίους
682 3110 740 3187 ,ἀπὸ
762 3115 809 3184 τῆς
828 3111 937 3191 Ῥώμης

162 3198 287 3280 ἀποσχὼν
310 3198 392 3280 δλίγιρ
406 3197 511 3265 πλείους
525 3197 683 3258 διακοσίων·
707 3197 785 3280 τρίτῃ
808 3201 832 3260 δ’
846 3203 891 3282 ἀφ’
905 3193 937 3274 ἧς

161 3286 452 3369 κατεστρατοπέδευσεν
466 3286 565 3367 ἡμέρα,
580 3284 758 3366 προελθόντων
781 3289 810 3346 ἐκ
823 3293 869 3348 τοῦ
883 3290 937 3369 χοί-

162 3400 240 3457 ρακος
252 3380 304 3437 τών
320 3375 452 3457 Ἑρνίκων
474 3379 509 3443 εἰς
528 3376 558 3436 τδ
577 3373 665 3435 πεδίον
680 3377 706 3434 tt
732 3374 824 3451 τάξει,
844 3377 889 3437 καί
903 3375 937 3436 τὰ

162 3472 262 3544 σημεῖα
279 3469 397 3548 ἀράντων
410 3470 458 3538 τῆς
473 3466 580 3547 μάχης,
592 3464 717 3543 ἀντεξῆγε
731 3466 778 3524 καί
799 3466 876 3535 αὐτὸς
889 3466 936 3540 την

105 3582 133 3622 οε
163 3558 275 3632 δύναμιν
290 3559 317 3614 ίν
332 3555 467 3637 κόσμῳτε
482 3556 528 3614 καὶ
547 3553 616 3614 κατὰ
638 3551 713 3625 τίλη.
757 3554 834 3615 Ἐπεί
847 3555 876 3615 δδ
891 3559 938 3633 ἀγ-

162 3650 214 3725 χοῦ
239 3645 357 3725 ίγίναντο
382 3643 523 3717 ἀλλήλων,
548 3641 618 3703 ίθεον
640 3640 818 3710 ἀλαλάξαντες
838 3641 935 3720 ὁμόσε,

162 3736 267 3816 πρῶτον
283 3734 332 3811 μίν
347 3734 371 3793 ot
392 3734 464 3816 ψιλοὶ
487 3731 599 3794 σαυνίων
622 3754 651 3790 τε
675 3733 765 3810 βολαῖς
788 3731 835 3792 καί
848 3731 938 3801 τοξεύ-

163 3847 231 3902 μασι
242 3823 288 3883 καί
302 3821 381 3889 λίθοις
395 3822 448 3883 ἀπὸ
462 3822 602 3904 σφενδόνης
612 3819 761 3899 μαχόμενοι
769 3867 779 3896 ,
794 3820 939 3881 καὶπολλὰ

161 3913 303 3993 τραύματα
312 3912 406 3973 ίδοσαν
416 3913 546 3985 ἀλλήλοις·
561 3909 652 3970 ἔπειτα
662 3912 751 3978 ἱππεῖς
759 3914 868 3972 ἱππεῦσι
878 3934 939 3991 συρ-

107 4030 136 4071 to
164 4002 289 4081 ροίττουσι
303 3999 362 4060 κατ’
371 3998 431 4067 ίλας
446 3999 611 4070 ίλαύνονττς,
626 3996 673 4057 καί
685 3996 714 4056 τδ
727 3997 805 4067 πεζδν
819 4001 858 4079 τῷ
867 4002 940 4080 πεζερ

162 4088 233 4148 κατὰ
247 4087 356 4168 σπείρας
368 4085 532 4168 μαχόμενον.
577 4083 661 4146 Ἐνθα
677 4084 710 4158 δὴ
722 4087 802 4152 καλὸς
813 4085 888 4166 ἀγὼν
907 4079 940 4160 ἦν

164 4178 284 4256 ἐκθύμως
302 4178 457 4258 ἀμφοτέρων
479 4173 693 4255 ἀγωνιζομένων,
712 4173 855 4255 καὶμέχρι
875 4179 940 4236 πολ-

162 4268 210 4325 λοῦ
225 4269 341 4343 διέμενον
368 4264 497 4347 ούδέτεροι
520 4269 574 4334 τοῖς
589 4262 685 4345 ίτίροις
696 4268 742 4324 τοῦ
763 4265 863 4345 χωρίου
876 4268 903 4325 ἐν
918 4256 941 4348 ᾧ

164 4355 314 4435 ίτάχθησαν
338 4352 460 4422 είκοντες.
509 4351 623 4414 Ἔπειτα
642 4358 659 4426 ἡ
677 4352 821 4432 Ῥωμαίων
844 4353 942 4438 ἤρξατο

108 4470 137 4509 ts
164 4443 272 4520 κάμνειν
287 4443 408 4527 φάλαγξ,
424 4436 467 4505 οἷα
492 4448 536 4507 tit
557 4449 655 4509 πολλοῦ
669 4454 716 4508 τοῦ
732 4446 830 4527 μεταξύ
846 4449 940 4530 χρόνου

1706 410 1767 472 495

989 541 1031 593 nio
1042 540 1120 593 Ictum
1131 541 1239 593 solutum
1252 555 1307 593 esse
1321 540 1462 603 criminari,
1475 543 1530 594 tum
1548 542 1617 606 quod
1636 542 1678 593 illo
1694 555 1769 608 regno

988 638 1111 703 spoliatus
1122 644 1204 701 esset,
1223 642 1278 689 tum
1296 639 1371 691 etiam
1381 637 1449 703 quod
1463 638 1488 688 iu
1503 639 1634 704 peregrino
1645 641 1698 691 solo
1713 639 1769 691 obi·

988 734 1050 784 isset
1068 733 1156 798 :quod
1177 733 1199 785 si
1218 746 1276 798 qua
1289 734 1382 799 rapine
1397 738 1423 785 et
1441 735 1601 786 excursiones
1627 737 1653 786 iu
1670 738 1734 801 agris
1755 750 1770 787 a

990 829 1149 894 predonibus
1170 833 1254 881 essent
1274 830 1360 892 iacta,
1381 842 1423 881 eas
1448 831 1480 881 ds
1503 833 1630 883 communi
1647 835 1771 886 sententio

990 925 1069 978 iactas
1094 940 1196 993 negare3
1223 927 1268 979 sed
1290 928 1382 980 iniusta
1406 928 1517 980 facinora
1539 945 1593 984 esse
1616 934 1771 999 privatorum

992 1025 1120 1077 homiuum
1140 1027 1193 1078 suis
1217 1028 1355 1091 questibus
1379 1029 1585 1096 luservieutium3
1605 1048 1635 1084 ac
1661 1048 1693 1085 ne
1715 1034 1772 1085 illos
1867 1092 1870 1099 ⁴

991 1123 1108 1189 quidem,
1130 1126 1174 1190 qni
1186 1126 1241 1178 banc
1252 1130 1413 1193 patrassent,
1432 1141 1475 1178 eos
1495 1128 1528 1179 ad
1547 1130 1698 1195 supplicium
1712 1129 1773 1182 dare

992 1222 1071 1285 selle,
1091 1223 1135 1275 sed
1155 1224 1203 1275 sibi
1221 1240 1320 1292 quoqne
1341 1226 1403 1278 alias
1417 1227 1540 1280 eiusmodi
1560 1228 1664 1281 iniurias
1689 1230 1773 1283 illatas

994 1321 1092 1384 dicere,
1103 1327 1128 1373 at
1141 1323 1213 1375 deiis
1227 1325 1336 1376 vicissim
1354 1326 1486 1392 conqueri,
1507 1329 1658 1392 paratosque
1668 1341 1722 1379 esse
1740 1327 1773 1379 ad

995 1413 1275 1481 bellumcxcipiendum.
1284 1442 1296 1465 n
1307 1422 1420 1480 Senatus,
1434 1420 1475 1471 his
1485 1419 1560 1471 rebus
1566 1421 1678 1484 coguitis,
1690 1421 1773 1486 copias

995 1523 1027 1561 ex
1051 1513 1190 1568 inclorlbns
1212 1516 1364 1581 conscriptes
1385 1514 1507 1565 trifariam
1529 1513 1610 1563 dividi
1631 1511 1726 1563 iussit:
1747 1515 1779 1565 et.

996 1604 1024 1654 G.
1035 1607 1162 1671 Aquilium
1177 1623 1234 1659 cum
1246 1621 1297 1659 nna
1308 1609 1399 1659 barum
1411 1611 1482 1672 parte
1500 1606 1663 1656 Hernicorum
1677 1603 1774 1656 exerci-

994 1699 1032 1749 tui
1041 1699 1140 1753 obviam
1149 1702 1185 1754 ire
1196 1703 1261 1769 (lam
1275 1704 1340 1754 enirn
1352 1703 1388 1753 illi
1402 1702 1428 1753 in
1442 1702 1622 1763 amiserant),
1636 1699 1771 1752 secundam

994 1792 1026 1843 ab
1040 1794 1119 1847 altero
1136 1795 1237 1847 consule
1258 1798 1285 1846 Τ.
1300 1795 1382 1847 Siccio
1401 1799 1488 1847 contra
1504 1792 1607 1844 volscos
1621 1793 1697 1843 duci:
1714 1806 1772 1843 cum

994 1889 1069 1940 tertia
1077 1903 1137 1940 nero
1146 1894 1217 1955 parte
1228 1891 1324 1956 rettqna
1354 1891 1397 1955 Sp.
1410 1889 1542 1954 Largium,
1553 1887 1597 1954 qni
1607 1901 1622 1938 u
1631 1887 1773 1938 consulibus

994 1984 1129 2047 prefectus
1145 1988 1219 2041 urbis
1246 1986 1329 2039 iuerat
1348 1990 1461 2046 creatus,
1478 1999 1551 2051 ogr-os
1570 1985 1629 2037 urbi
1648 1985 1774 2050 pmximos

995 2079 1143 2133 custodire:
1160 2081 1251 2132 milites
1272 2095 1345 2142 vero,
1356 2081 1400 2146 qni
1414 2079 1447 2130 ob
1466 2083 1567 2132 statem
1587 2079 1684 2131 militia
1703 2081 1775 2131 mant

993 2170 1134 2232 immunes,
1157 2174 1281 2237 quotquot
1304 2171 1387 2222 adbuc
1408 2185 1479 2223 arma
1504 2170 1571 2224 terre
1589 2175 1702 2236 possent,
1727 2172 1775 2223 sub

994 2264 1070 2329 signis
1081 2265 1216 2330 dispositos
1224 2266 1294 2317 urbis
1314 2279 1385 2316 arces
1396 2269 1422 2316 et
1433 2266 1525 2316 moeuin
1536 2254 1671 2329 custodire,
1681 2280 1713 2318 uc
1723 2282 1773 2333 qua

995 2359 1153 2412 vishostium
1164 2361 1290 2426 repentlno
1309 2361 1450 2425 ingrueret,
1467 2363 1584 2414 universa
1598 2361 1727 2414 inventute
1743 2363 1774 2414 sd

994 2452 1109 2505 militium
1119 2454 1239 2520 prolecta.
1262 2454 1307 2505 llis
1316 2458 1400 2505 autern
1411 2455 1490 2520 copiis
1500 2468 1609 2520 praesse
1621 2459 1649 2507 Α.
1661 2459 1773 2523 Sempro·

993 2547 1064 2599 nium
1076 2549 1234 2609 Atratinum,
1250 2549 1334 2600 tirum
1343 2547 1507 2601 consularem.
1517 2551 1577 2601 flaec
1588 2553 1673 2602 nutem
1691 2552 1774 2602 omnia

995 2640 1067 2693 brevi
1079 2641 1200 2708 temporis
1215 2642 1295 2707 spatio
1306 2644 1408 2707 peracta
1422 2644 1490 2695 snut.

1025 2837 1099 2887 bxv,
1116 2834 1230 2899 Aquilius
1245 2833 1323 2897 igitur
1337 2832 1402 2883 alter
1418 2831 1513 2896 consul,
1531 2836 1665 2898 postquam
1678 2835 1704 2886 in
1716 2851 1777 2901 agro

995 2923 1147 2974 Praeucstino
1165 2922 1190 2972 in
1200 2920 1284 2985 coplas
1302 2920 1467 2971 Hernicorum
1479 2912 1507 2972 se
1519 2925 1692 2986 exspectantes
1711 2923 1775 2975 inci·

994 3013 1044 3073 dit,
1060 3013 1142 3062 castra
1156 3024 1201 3061 sua
1216 3009 1299 3075 posuit
1316 3023 1348 3060 ex
1365 3009 1486 3068 adverso,
1507 3012 1709 3075 quamproxime
1724 3013 1774 3066 iilis

994 3100 1075 3165 potuit
1085 3137 1093 3161 ,
1104 3097 1140 3149 ita
1151 3100 1180 3148 ut
1190 3096 1275 3162 paullo
1287 3096 1359 3161 plura
1370 3109 1447 3161 quum
1457 3095 1563 3147 duconta
1573 3097 1655 3149 stadia
1667 3099 1699 3149 ab
1712 3100 1775 3153 urbo

995 3188 1101 3239 abesset.
1117 3185 1200 3237 Tertio
1215 3198 1276 3236 voro
1287 3185 1338 3245 die,
1350 3197 1382 3237 er
1392 3198 1443 3249 quo
1460 3189 1542 3235 costra
1555 3190 1681 3250 posuerat,
1695 3202 1775 3252 quum

994 3276 1094 3328 liuttici
1111 3289 1143 3326 ex
1171 3274 1260 3325 castris
1276 3273 1360 3339 copias
1381 3273 1434 3325 acie
1453 3274 1577 3325 instructa
1597 3275 1624 3325 In
1647 3275 1775 3340 planitiem

993 3364 1170 3432 produxissent
1192 3366 1219 3413 et
1246 3376 1336 3428 pugnae
1356 3362 1454 3424 signum
1476 3362 1618 3428 dedissent,
1639 3364 1693 3429 ipse
1710 3381 1776 3432 quo-

993 3469 1043 3517 que
1056 3468 1116 3506 snas
1126 3452 1210 3517 copias
1221 3451 1308 3502 ordine
1318 3454 1344 3500 et
1356 3450 1409 3502 acis
1421 3451 1546 3502 instructu
1560 3456 1648 3504 contra
1662 3469 1705 3505 eos
1717 3456 1776 3507 edu·

995 3545 1040 3595 xit.
1074 3544 1159 3601 Quum
1179 3543 1263 3590 ουιοιυ
1284 3538 1327 3590 alii
1340 3539 1374 3589 ad
1391 3539 1454 3591 alios
1481 3540 1585 3605 propius
1600 3543 1774 3608 secessissent,

994 3631 1094 3683 sublato
1106 3629 1214 3679 clamore
1230 3631 1409 3678 concurrerunt
1421 3648 1428 3679 ι
1442 3642 1471 3678 uc
1489 3628 1599 3693 primum
1613 3630 1715 3695 quidem
1727 3631 1776 3683 levi

994 3721 1130 3770 armatura
1148 3715 1257 3775 milites,
1276 3713 1409 3765 mimilinm
1420 3715 1487 3766 iactu
1498 3719 1525 3768 et
1540 3717 1637 3781 sagittis
1651 3720 1677 3768 et
1690 3719 1777 3783 lapidi·

994 3808 1042 3860 bus
1056 3805 1134 3860 lunda
1149 3803 1247 3856 emissis
1265 3806 1422 3869 pugnantes,
1441 3807 1468 3855 et
1490 3807 1569 3856 mults
1590 3806 1775 3860 vnlnernalteri

995 3896 1081 3948 alteris
1094 3894 1247 3945 intulerunt.
1262 3892 1358 3944 Deinde
1368 3907 1429 3944 vero
1441 3893 1540 3958 equites
1556 3894 1583 3945 in
1597 3895 1695 3960 equites
1708 3896 1776 3948 lacto

920 4002 937 4017 τ
995 3987 1123 4041 tumratim
1134 3987 1228 4051 impetn
1243 3984 1414 4047 condixerunt,
1433 3988 1460 4036 et
1470 3984 1567 4051 pedites
1580 4000 1638 4037 cum
1649 3989 1776 4053 peditibus

995 4077 1140 4131 catervatim
1163 4078 1308 4141 pugnantes.
1350 4077 1420 4126 Tunc
1439 4075 1531 4127 acriter
1557 4082 1693 4143 pugnatum
1718 4084 1774 4145 est,

995 4169 1110 4233 utrisque
1127 4164 1227 4217 fortiter
1244 4164 1437 4227 dimicantibus,
1454 4164 1550 4230 diuque
1569 4165 1604 4218 ito
1618 4174 1774 4234 manserunt,

995 4256 1091 4312 neutris
1104 4254 1192 4307 alteris
1203 4254 1266 4313 loco.
1286 4253 1312 4304 in
1331 4268 1383 4320 quo
1392 4254 1507 4306 collocati
1520 4259 1606 4317 erant,
1620 4258 1773 4312 cedentibus.

995 4346 1091 4399 Deinde
1104 4347 1214 4396 Romana
1226 4344 1292 4394 acles
1301 4344 1416 4396 laborare
1429 4345 1519 4410 cupit,
1534 4360 1592 4409 σου
1603 4351 1660 4412 post
1675 4349 1774 4413 longum

997 4436 1116 4502 temporis
1122 4433 1345 4486 intervallumtunc
1354 4436 1463 4500 primum
1476 4434 1508 4486 ad
1516 4435 1609 4488 bellum
1617 4437 1776 4501 proticisciac

163 4535 223 4592 τότε
243 4537 348 4613 πρῶτον
363 4536 553 4615 ἠναγκασμένη
574 4541 676 4617 ὁμιλεῖν
695 4539 816 4619 πολέμῳ,
859 4544 943 4598 Τοῦτο
997 4525 1515 4593 proeiiarimaetacrat.bqni1ius‚hacre
1530 4526 1711 4585 suirnadversa,
1725 4527 1776 4578 ius.

167 4620 276 4681 συνιδὼν
292 4622 427 4692 Ἀκύλλιος
441 4626 564 4686 ἐκέλευσε
576 4627 635 4695 τοὺς
650 4632 772 4707 ἀκμῆτας
786 4627 825 4687 ἔτι
840 4630 887 4689 καὶ
908 4629 943 4694 μς
998 4619 1031 4669 sit
1044 4632 1100 4681 eos,
1112 4619 1157 4684 qui
1169 4618 1253 4671 adbuc
1268 4620 1381 4669 recentes
1394 4620 1478 4679 erant,
1491 4618 1557 4669 etad
1576 4615 1624 4667 boo
1638 4615 1720 4680 ipsum
1737 4628 1775 4667 re·

168 4712 232 4769 αὗτδ
245 4715 321 4772 τοῦτο
334 4713 545 4792 φυλαττομένους
563 4715 614 4775 ὑπὸ
632 4715 666 4775 cd
679 4714 815 4794 κάμνοντα
833 4719 880 4787 τῆς
892 4717 943 4796 φά·

997 4709 1168 4767 servabantur,
1180 4707 1291 4773 partibus
1300 4708 1363 4761 aciei
1375 4706 1544 4759 laborantibus
1553 4706 1688 4758 succedere
1701 4721 1706 4752 :
1717 4718 1774 4756 ssu·

166 4800 265 4877 λαγγος
278 4802 397 4860 θπελθεῖν
412 4802 497 4886 μέρη,
518 4804 578 4874 τοὺς
594 4804 621 4863 δὲ
636 4805 801 4886 τραυματίας
822 4803 870 4863 χαλ
884 4802 944 4873 τοὺς
998 4797 1049 4848 cios
1061 4811 1121 4849 vero
1137 4800 1163 4848 et
1182 4796 1296 4848 detcssos
1308 4796 1333 4848 in
1345 4797 1459 4849 ultlmam
1479 4795 1556 4847 aulem
1571 4809 1599 4846 se
1611 4794 1729 4859 recipere.
1743 4796 1776 4845 st

111 4917 140 4955 ω
168 4888 344 4966 ἀπειρηκότας
367 4891 453 4953 θπίσω
476 4896 524 4966 τῆς
545 4894 678 4973 φάλαγγος
699 4892 816 4953 άπιίναι.
861 4894 896 4954 Οί
915 4891 942 4952 δί

166 4973 303 5056 Ἕρνικες,
318 4980 354 5044 ὥς
366 4978 463 5057 ίμαθον
478 4981 646 5060 κινουμίνους
661 4984 745 5041 αὐτῶν
760 4979 819 5048 τούς
829 4983 941 5062 λόχους,

167 5070 253 5148 φυγῆς
264 5068 288 5124 τ’
305 5067 397 5148 ἀρχειν
417 5071 478 5139 τοὺς
489 5070 641 5148 Ῥωμαίους
655 5069 802 5141 ύπελαύαν,
817 5073 863 5130 καὶ
887 5096 942 5131 πα-

168 5158 390 5238 ρακελευσάμενοι
416 5160 539 5232 ἀλλήλοις
569 5159 732 5238 ίμύάλλουσι
757 5164 863 5228 πυκνοῖς
888 5163 943 5230 τοῖς

167 5245 256 5327 λόχοις
275 5251 312 5314 είς
332 5247 367 5306 cd
380 5249 521 5326 κινούμενα
535 5253 588 5310 τῶν
609 5247 742 5328 πολεμίων
756 5249 825 5332 μίρη
833 5295 841 5325 ,
857 5250 941 5311 καλοί

997 4885 1104 4947 Hernici,
1120 4886 1164 4937 ubl
1173 4889 1342 4951 cognorerunt
1354 4900 1440 4939 eornm
1459 4886 1575 4937 cohortes
1586 4884 1681 4936 moveri
1691 4924 1697 4945 ,
1709 4883 1776 4934 oxis-

996 4974 1117 5025 timarunt
1129 4975 1252 5025 Romanos
1264 4974 1329 5040 iuga
1342 4976 1441 5027 initium
1451 4974 1547 5026 lacere:
1559 4977 1601 5035 et,
1614 4972 1739 5025 cohortati
1748 4985 1776 5024 se

996 5063 1115 5121 invicem,
1133 5062 1212 5114 denso
1227 5064 1324 5126 agmina
1342 5063 1369 5115 ln
1381 5064 1493 5115 bostium
1512 5064 1674 5114 iiuctuantem
1696 5063 1775 5113 aciem

996 5151 1182 5216 impressionem
1197 5152 1316 5204 tecemnt.
1349 5156 1516 5204 Romanorum
1531 5166 1591 5204 uero
1604 5153 1670 5205 acies
1689 5165 1776 5204 recens

996 5255 1083 5293 eorum
1104 5240 1227 5308 Impetum
1237 5242 1354 5307 exceptu
1371 5243 1485 5307 utrisque
1500 5243 1584 5295 autem
1600 5244 1701 5294 strenue
1712 5254 1775 5307 pnp-
