4052 5926
681 401 975 479 ANTIQUITATUM
996 401 1145 469 ROMAN.
1170 410 1245 471 LlB.
1268 412 1319 474 VI.

124 563 127 567 ν
189 559 203 586 ιι
218 529 350 612 μάχονται
374 529 433 611 περὶ
455 531 541 590 αὐτῶν
561 529 626 612 πρδς
639 530 699 600 τοὺς
718 531 877 613 πολεμίους,
897 538 922 595 σί
940 536 992 597 δί’

190 619 407 699 ιίμποριύονται
429 619 531 687 πολλάς
551 619 595 679 διὰ
616 621 752 696 θαλάσσης
775 623 921 706 ὠφελείας,
944 628 969 685 σί

189 735 203 762 ιι
219 706 246 766 δί
275 706 323 774 τδς
357 706 501 784 ἀναγκαίας
532 708 686 790 ἐργάζονται
713 709 820 791 τέχνας.
878 713 911 771 Ei
941 711 968 771 δὲ

187 822 201 850 ιι
215 797 303 858 πάντα
318 796 353 857 τά
367 794 426 868 tiva
443 800 528 855 ταῦτα
544 796 608 877 πρὸς
619 795 666 870 τὴν
686 799 784 878 βουλὴν
799 800 847 873 τὴν
863 804 893 862 ἐκ
916 804 967 861 τῶν

147 880 160 918 ⁶
188 884 329 964 adpictus
351 882 526 963 συγκειμένην
547 887 745 948 διαστασιάσειε
757 888 804 948 καὶ
819 889 903 969 λε’γοι·
928 889 967 951 Σὺ

189 1000 202 1027 ιι
217 972 244 1033 δὲ
270 960 393 1050 alpini}
416 972 522 1051 βουλὴ,
545 973 572 1032 τί
593 983 676 1043 ποιεῖς
706 976 820 1055 ἄγαθόν;
845 977 967 1037 καλόντί

188 1088 202 1113 ιι
217 1061 292 1127 τοίας
313 1060 399 1128 αἰτίας
413 1059 505 1140 ἄρχειν
526 1063 578 1120 τῶν
597 1061 683 1122 ἄλλων
699 1063 798 1137 dicein
824 1063 896 1124 οὐδὲν
915 1064 967 1146 γὰρ

188 1142 249 1208 ndo
267 1152 350 1209 εἰπεῖν
372 1148 452 1230 ἔχοις.
501 1146 617 1209 Ἔπειτα
646 1153 694 1212 ούκ
720 1152 966 1232 ἀπαλλαγησόμεθά

187 1266 201 1292 ιι
214 1260 261 1298 σου
269 1241 317 1311 τῆς
330 1237 478 1317 τυραννίδος
489 1237 587 1312 ταύτης
601 1239 653 1313 ἤδη
662 1240 728 1300 ποτὲ
737 1242 782 1301 καλ
792 1240 855 1323 δίχα
866 1244 966 1323 ἡγεμό-

133 1325 161 1367 ¹⁰
186 1352 200 1381 ιι
214 1350 256 1395 νος
282 1329 441 1404 οἷκήσομινς
480 1329 503 1387 εί
531 1325 563 1398 δὴ
585 1332 669 1387 ταῦτα
704 1332 881 1403 διανοηθέντες
913 1335 965 1391 τῶν

185 1442 199 1470 ιι
212 1414 331 1487 συνήθων
365 1415 582 1494 ἐπιτηδευμάτων
609 1418 765 1494 άποσταῖεν,
795 1420 821 1479 τί
849 1420 964 1480 κωλύσει

185 1528 199 1555 ιι
212 1502 312 1574 ταύτην
330 1503 415 1577 κακὴν
433 1506 522 1571 κακῶς
537 1502 682 1566 ἀπολίσθοι
695 1506 744 1579 τὴν
763 1506 838 1569 πόλιν
853 1509 904 1570 ‘ureb
920 1511 964 1569 λι-

184 1617 198 1643 ιι
212 1597 263 1668 pou
279 1614 308 1650 τε
320 1591 492 1667 καὶπολέμου
513 1593 559 1652 καὶ
577 1593 673 1662 παντὸς
691 1594 770 1657 άλλου
792 1602 890 1673 κακοῦ,
908 1621 964 1676 μα-

184 1704 198 1732 ιι
214 1677 300 1746 θόντες
317 1670 414 1753 ούν,ὦ
433 1680 568 1759 δημόται,
588 1681 628 1742 ότι
648 1682 769 1764 καθάπερ
789 1687 816 1744 ἐν
832 1694 886 1756 τοῖς
907 1687 963 1746 σόν-

127 1772 154 1814 15
184 1796 198 1823 ιι
213 1793 294 1847 μασιν
310 1773 418 1847 ἡμῶνή
442 1769 627 1851 λοιδορουμένη
648 1775 736 1839 κακῶς
750 1771 800 1831 ὑπὸ
821 1776 874 1832 τῶν
890 1775 962 1833 πολ-

183 1884 197 1912 ι
212 1860 265 1917 λῶν
279 1857 382 1938 γαστὴρ
404 1857 493 1937 τρέφει
507 1858 537 1917 τὸ
554 1861 633 1937 σῶμα
650 1861 798 1941 τρεφομένη
819 1863 865 1921 καὶ
886 1863 963 1934 σώζει

183 1973 197 2000 ιι
212 1950 348 2023 σωζομένη
371 1946 416 2005 καὶ
443 1945 514 2006 ἔστιν
538 1947 601 2006 ὡσεί
625 1971 664 2016 τις
688 1949 804 2016 ἑστίασις
834 1950 906 2023 κοινὴ
932 1952 963 2011 τὸ

181 2059 196 2086 ιι
209 2033 357 2115 πρόσφορον
387 2032 512 2094 ἁπάντων
547 2034 594 2095 καὶ
627 2042 675 2110 τῆς
714 2038 840 2114 διαμονῆς
878 2036 961 2098 αίτιον

182 2148 195 2174 ιι
210 2123 394 2184 ἀποδιδοῦσα·
417 2122 499 2192 ούτως
522 2126 549 2184 tu
575 2133 634 2195 ταῖς
655 2124 800 2198 πόλεσινὴ
826 2127 960 2187 διοικοῦσα

126 2207 155 2248 θθ
181 2233 195 2261 ιι
208 2207 242 2267 τὰ
261 2210 336 2269 κοινὰ
352 2212 457 2271 καὶτοῦ
472 2214 647 2295 προσήκοντος
668 2214 772 2295 ἑκάστῳ
786 2216 959 2293 προνοουμένη

182 2324 195 2350 ιι
212 2298 294 2376 βουλὴ
308 2298 396 2358 πάντα
414 2299 490 2370 σώζει
517 2303 563 2360 καί
587 2302 711 2378 φυλάττει
736 2302 787 2379 καὶ,Ι
804 2305 958 2383 ἐπανορθοῖ·

181 2413 194 2441 ιι
207 2387 345 2447 παύσασθε
360 2388 406 2455 τὰς
420 2389 571 2470 ἐπιφθόνους
585 2393 644 2449 κατ’
664 2393 743 2462 αὐτῆς
763 2389 849 2472 φωνάς
863 2392 956 2470 λόγον·

181 2501 194 2528 ιι
208 2496 270 2551 τες,
290 2481 325 2544 cis<
346 2476 503 2549 ίξεύλήθητε
522 2484 569 2551 τῆς
592 2481 717 2560 πατρίδος
742 2481 787 2538 καὶ
811 2483 846 2548 ὡς
860 2483 957 2553 ἀλῆται

183 2589 196 2615 n
210 2565 255 2624 καὶ
264 2565 365 2646 πτωχοί
379 2566 549 2646 περιέρχεσθε
569 2567 602 2624 δι’
615 2568 707 2640 αὐτήν.
725 2567 811 2627 Otito
823 2568 876 2647 γὰρ
890 2572 958 2647 ὑμᾶς

125 2662 152 2702 25
182 2651 345 2733 «εἴργασται
367 2654 468 2727 δεινὸν,
484 2656 544 2716 οὐδὲ
571 2653 603 2712 ἂν
627 2654 784 2735 ἐργάσαιτο,
813 2659 872 2717 ἀλλ’
889 2659 956 2732 αὐτ-λ

181 2766 195 2792 ιι
207 2742 285 2799 καλεῖ
295 2742 340 2800 καὶ
356 2740 488 2801 άντιύολιῖ
508 2741 554 2802 καὶ
575 2740 623 2809 τὰς
642 2741 729 2822 ψυχὰς
753 2746 814 2819 ύμῖν
829 2741 887 2819 ἅμα
901 2747 958 2811 ταῖς

181 2830 302 2899 «πύλαις
318 2832 507 2892 ἀναπετάσασα
522 2831 690 2912 ὑποδέχεται.
711 2860 723 2887 ν

220 2918 395 2982 LXXXVII.
420 2924 540 2982 Τοιαῦτα
575 2921 694 2998 λέγοντος
726 2925 771 2980 τοῦ
801 2921 954 2996 Μενηνίου,

178 3006 276 3066 πολλαί
302 3009 347 3066 καὶ
374 3008 492 3068 ποικίλαι
511 3012 575 3088 παρ’
589 3008 653 3081 ὅλην
672 3007 785 3085 ίγίνοντο
805 3011 853 3079 τὴν
870 3012 957 3086 δημη-

123 3102 151 3146 ³⁰
177 3092 269 3173 γορίαν
282 3098 376 3155 ἐκτῶν
391 3097 529 3177 παρόντων
549 3096 645 3179 φωναί.
691 3096 802 3170 Ἐπειδὴ
817 3096 845 3157 δὲ
869 3100 956 3159 τιλευ·

182 3184 230 3241 τῶν
252 3183 391 3264 τοῦλόγου
413 3186 478 3264 πρὸς
493 3186 659 3267 4ὀλοφυρμοὺς
680 3186 825 3266 ἐτράπετο,
842 3186 887 3244 καὶ
908 3188 955 3256 τὰς

177 3272 325 3348 μελλούσας
339 3273 456 3343 καθίζειν
475 3275 611 3355 συμφοράς
623 3273 682 3342 τούς
693 3298 722 3334 τι
735 3274 914 3353 ὑπομένοντας
929 3277 955 3336 ίν

175 3364 209 3441 τῇ
234 3361 310 3422 πόλει
332 3361 452 3431 καὶτοὺς
475 3363 702 3441 ἀπελαυνομένους
725 3364 771 3422 καὶ
792 3369 838 3430 τὰς
857 3367 956 3445 ἀμφοῖν

177 3449 359 3511 άνεκλαύσατο
370 3451 467 3532 τύχας,
482 3453 585 3533 δάκρυά
599 3476 630 3511 τι
643 3453 748 3511 πάντων
760 3453 895 3531 ἐξεχεῖτο,
910 3455 955 3515 καὶ

120 3546 149 3589 ³⁸
179 3547 228 3620 μιάΙ
247 3543 296 3620 βοῇ
326 3540 575 3621 συμφρονήσαντες,
591 3539 739 3613 ἀνεύόησαν
760 3541 871 3618 ἀπάγειν
887 3551 954 3620 σφᾶς

179 3629 216 3695 είς
228 3627 275 3698 τὴν
289 3628 365 3689 πόλιν
391 3629 437 3688 καὶ
452 3630 489 3706 μὴ
514 3628 614 3707 τρίύειν
630 3627 674 3688 τόν
699 3628 810 3707 χρόνον·
825 3628 913 3707 ὀλίγον
927 3653 956 3688 τε

178 3714 249 3776 πάνυ
269 3715 377 3788 ἐδέησαν
393 3717 500 3776 ἀπιέναι
515 3717 559 3776 διδ
573 3716 669 3796 τάχους
689 3718 719 3775 ἐκ
735 3720 780 3787 τῆς
802 3715 954 3795 ἐκκλησίας,

179 3806 284 3862 ᾶπαντα
298 3804 332 3863 τὰ
346 3806 493 3883 πράγματα
512 3811 566 3872 τοῖς
577 3805 751 3885 πρεσὸευταῐς
771 3803 954 3885 ἐπιτρέψαντες

176 3892 222 3951 καὶ
229 3890 314 3970 ’μηδὲν
331 3891 397 3952 ἄλλο
409 3897 461 3953 τῶν
472 3896 509 3960 εἰς
519 3893 665 3970 ἀσφάλειαν
676 3891 952 3972 πραγματευσάμενοι,

121 4017 151 4057 40
177 3983 200 4040 εί
218 3980 257 4056 μὴ
272 3979 437 4061 παρελθὼνδ
454 3981 568 4061 Βροῦτος
582 3980 680 4061 ἕπε’σχε
696 3982 742 4048 τὰς
753 3981 836 4063 θρμδις
852 3984 954 4043 αὐτῶν·

179 4095 191 4122 ι
205 4070 248 4130 Τὰ
261 4068 310 4146 μίν
324 4070 393 4128 ἄλλα
407 4072 495 4136 καλῶς
507 4069 577 4151 ίχειν
589 4068 733 4151 τῷδήμῳ,
749 4069 834 4149 λέγων
847 4115 856 4145 ,
874 4067 923 4131 ὅσα
940 4076 954 4143 ἡ

178 4186 191 4211 ιι
207 4161 289 4239 βουλὴ
302 4164 463 4239 ὑπισχνεῖτο,
486 4158 533 4217 καί
554 4158 654 4232 πολλὴν
665 4160 732 4239 αὐτῇ
746 4161 799 4217 τῶν
814 4181 954 4240 συγχωρη·

177 4274 191 4301 ιι
206 4248 302 4308 θέντων
323 4249 402 4329 χάριν
423 4247 494 4327 ἔχειν
522 4246 614 4314 ἀξιῶν·
638 4247 780 4308 δεδοικίναι
799 4246 888 4324 Ιμέντοι
910 4248 954 4308 τὸν

176 4362 189 4388 ι
203 4336 307 4396 ἅπαντα
322 4336 367 4415 [τὰ
385 4338 455 4396 καλὰ
470 4336 645 4417 μαραίνοντα]
662 4336 754 4416 χρόνον
772 4337 896 4417 φάσκων,
910 4339 955 4397 καὶ

117 4463 145 4503 45
176 4450 190 4477 ιι
203 4425 261 4492 τούς
287 4416 359 4492 aitte
384 4449 448 4485 ποτε
463 4425 629 4506 τυραννικοὺς
653 4428 747 4507 ἄνδρας
770 4427 954 4506 ἐπιχειρήσον-

177 4537 269 4593 ιιτας,
297 4515 433 4595 εἰτύχοι,
469 4516 531 4596 περί
558 4518 611 4574 τῶν
635 4515 779 4594 γεγονότων
809 4519 847 4597 τῷ
877 4516 955 4596 δήμῳ

178 4604 385 4680 «μνησικακεῖν
399 4604 462 4683 μίαν
478 4605 505 4664 δὲ
517 4593 584 4663 εἶναι
596 4613 662 4664 πάσι
682 4612 735 4671 τοῖς
750 4604 879 4664 δεδοικόσι
895 4605 954 4671 τοὺς

178 4692 354 4772 «κρείττονας
388 4694 470 4767 μόνην
495 4694 640 4773 ἀσφάλειαν
663 4693 779 4767 ταύτην,
805 4695 828 4752 εί
853 4693 955 4769 γένοιτο

176 4782 286 4848 «αὐτοῖς
307 4779 436 4861 φανερὸν,
461 4780 501 4839 ότι
526 4784 580 4847 τοῖς
596 4779 763 4859 βουλομένοις
786 4778 880 4846 αὐτοὺς
894 4781 953 4838 dti-

114 4906 144 4946 ω
175 4890 189 4919 a
202 4875 256 4926 κεῖν
271 4869 322 4945 οὐχ
331 4867 446 4947 ὑπάρχει
461 4864 584 4943 δύναμις·
600 4864 649 4933 ίως
663 4862 691 4924 ai
705 4865 736 4923 διν
748 4868 820 4946 παρῇ
835 4864 866 4924 τό
878 4864 953 4922 δύνα-

175 4981 188 5007 a
202 4961 262 5015 σθαι
272 4958 306 5016 τὰ
316 4954 419 5035 πονηρὰ
431 4956 504 5034 δρᾶν,
516 4955 564 5013 ούκ
576 4953 704 5035 ἐλλείψειν
718 4961 771 5019 τοῖς
785 4954 906 5032 πονηροῖς
921 4952 952 5012 τὸ

175 5071 188 5095 ιι
203 5045 350 5123 βούλεσθαι.
397 5044 505 5116 Ταύτης
526 5033 569 5103 σύν
585 5045 609 5102 τί
618 5042 722 5122 τύχοιεν
734 5045 780 5112 τῆς
795 5041 948 5123 ἀσφαλείας,

175 5159 188 5181 ⁸1
205 5134 278 5192 οὐδὲν
298 5136 386 5199 αὐτοῖς
402 5132 442 5192 ίτι
466 5132 578 5203 δεήσειν.
598 5156 610 5181 1·
645 5129 837 5211 Ὑποτυχόντος
856 5131 884 5190 ti
904 5138 950 5193 τοῦ

173 5246 189 5271 «
202 5218 335 5293 Ιίινηνίου
351 5220 397 5280 καί
419 5219 595 5311 Ικελεύσαντος
618 5218 702 5298 λέγειν
724 5218 773 5292 τὴν
787 5220 950 5299 ἀσφάλειαν,

1743 428 1803 489 379

995 536 1007 547 “
1025 563 1038 590 ι
1052 545 1116 609 tum,
1127 546 1170 611 qui
1179 560 1210 599 ex
1216 549 1378 614 optimatibus
1387 558 1494 617 constat,
1507 556 1656 623 conspirent,
1664 565 1690 612 et
1700 562 1802 618 dicant:

1025 668 1038 694 ι
1053 652 1092 702 Tu
1103 665 1171 715 vero,
1185 658 1299 717 senatus,
1314 658 1374 721 quid
1389 660 1448 711 boni
1459 661 1530 713 nobis
1545 663 1626 714 lacis?
1646 668 1673 717 et
1685 682 1761 732 quam
1771 670 1805 721 ob

1025 770 1037 801 ι
1052 768 1165 807 caussam
1183 758 1238 811 aliis
1255 760 1377 825 imperare
1388 765 1447 816 ris?
1462 766 1555 817 nullam
1569 772 1637 820 certe
1648 772 1736 825 afferre
1749 789 1803 840 pns-

1024 879 1036 903 ιι
1052 861 1087 911 sis
1101 879 1107 910 :
1120 876 1200 915 nonne
1209 865 1310 917 undem
1319 866 1452 934 aliquando
1463 872 1494 921 ab
1502 872 1550 923 hac
1561 878 1604 924 tun
1618 878 1746 939 tyrannide
1758 894 1804 932 nos

1023 985 1036 1009 ιι
1050 965 1217 1031 liberabimus,
1237 973 1264 1021 et
1276 971 1329 1024 sine
1345 974 1453 1039 principa
1473 976 1607 1041 degemus?
1619 980 1644 1031 Si
1660 980 1737 1045 igitur
1746 982 1804 1048 ‚hac

1022 1093 1036 1119 ι
1050 1074 1185 1139 cogitantes
1202 1091 1218 1126 a
1231 1079 1356 1131 consuetis
1378 1081 1467 1135 studiis
1483 1083 1619 1147 discedant,
1634 1089 1696 1152 quid
1710 1092 1805 1146 vetabit

1023 1179 1114 1231 «banc
1134 1182 1259 1235 ciuitatem
1278 1187 1370 1238 mdam
1391 1191 1456 1243 male
1476 1194 1556 1256 pcn're
1574 1196 1679 1250 lameet
1699 1199 1804 1255 bellust

1022 1302 1034 1326 ιι
1050 1283 1139 1347 queris
1152 1286 1201 1336 alio
1212 1287 1382 1342 calamitatum
1407 1300 1516 1356 genere?
1546 1299 1600 1349 lloc
1614 1300 1688 1364 igitur
1705 1304 1801 1367 sciatis,

1014 1408 1035 1461 ,ιι
1047 1389 1172 1452 Quirites,
1186 1393 1252 1444 sicut
1265 1398 1353 1447 venter
1371 1397 1397 1448 in
1414 1402 1505 1451 nostris
1521 1405 1665 1468 corporibus
1686 1411 1803 1463 conviciis

1022 1492 1172 1544 «immerita
1190 1509 1205 1545 a
1222 1498 1308 1549 multis
1329 1501 1428 1565 petitus,
1440 1505 1501 1555 dum
1512 1505 1588 1557 alitur
1598 1509 1643 1560 alit
1661 1525 1759 1578 corpus,
1776 1518 1805 1567 et>

1022 1594 1110 1646 udum
1133 1601 1247 1651 servatur
1260 1608 1352 1665 morat,
1380 1610 1466 1671 estque
1491 1609 1560 1661 velut
1581 1625 1711 1667 commune
1724 1621 1803 1682 quod-

1021 1718 1034 1749 ι
1049 1702 1109 1753 dam
1123 1707 1277 1768 penuarium,
1295 1711 1363 1775 quod
1384 1714 1499 1767 omnibus
1513 1717 1630 1770 membris
1651 1721 1676 1771 id
1688 1722 1801 1789 imperti-

1021 1820 1034 1849 ι
1050 1808 1100 1867 tur,
1111 1807 1176 1870 quod
1189 1808 1249 1873 ipsis
1260 1811 1382 1864 conducat
1396 1828 1475 1880 eaque
1485 1825 1615 1872 conservet
1627 1842 1634 1871 ·.
1644 1823 1680 1873 sic
1691 1826 1766 1877 etiam
1776 1828 1802 1879 in

1023 1923 1035 1947 ι
1049 1904 1190 1956 ciuitatibus
1201 1914 1323 1973 senatum,
1336 1915 1381 1978 qui
1402 1917 1577 1981 rempublicam
1594 1920 1760 1990 administrat,
1776 1931 1803 1980 et

1022 2026 1035 2049 ι
1048 2007 1092 2070 qui
1113 2007 1224 2059 solicitus
1247 2011 1341 2062 estole
1369 2028 1400 2065 ec
1422 2018 1490 2081 quod
1513 2020 1646 2095 unicuique
1677 2029 1800 2092 conuenit,

1022 2132 1034 2157 ι
1048 2113 1131 2163 omunia
1148 2126 1249 2165 servare
1270 2120 1296 2167 et
1306 2120 1432 2172 custodire
1446 2125 1472 2174 et
1481 2126 1602 2189 corrigere
1616 2148 1623 2178 ι
1638 2143 1723 2194 quare,
1736 2134 1801 2185 desi·

1021 2229 1034 2253 ιι
1052 2210 1103 2260 nite
1112 2209 1246 2262 invidiosas
1263 2213 1288 2262 in
1297 2228 1355 2266 eum
1371 2233 1445 2271 voces
1463 2222 1572 2285 iactare;
1593 2240 1639 2277 ros
1658 2231 1759 2283 sctticet
1768 2233 1801 2284 ab

1022 2325 1035 2355 ι
1048 2321 1078 2360 ec
1090 2309 1170 2373 patria
1187 2314 1303 2377 expulsos
1321 2319 1347 2366 et
1362 2322 1390 2368 ut
1403 2334 1503 2373 errones
1516 2328 1543 2376 et
1555 2328 1680 2381 mendicos
1700 2338 1800 2400 propter

1021 2425 1107 2462 «eum
1122 2413 1214 2477 uagari.
1248 2417 1320 2468 Nullo
1337 2421 1402 2471 enim
1427 2425 1549 2478 malelicio
1576 2429 1617 2481 ille
1639 2447 1683 2483 vos
1700 2435 1799 2502 allecit,

1020 2530 1032 2554 ιι
1046 2526 1093 2562 nec
1113 2513 1250 2567 allecturus
1267 2521 1306 2570 est
1328 2541 1335 2571 ι
1355 2522 1400 2574 sed
1420 2523 1473 2588 ipse
1493 2541 1538 2579 vos
1556 2536 1655 2582 revocat
1679 2536 1705 2585 et
1726 2540 1796 2601 orat,

1019 2632 1031 2655 ι
1047 2615 1073 2662 et
1093 2613 1235 2676 patentibus
1254 2619 1371 2671 cordibus
1391 2627 1417 2674 et
1441 2625 1515 2678 simul
1537 2632 1616 2695 portis
1640 2636 1732 2698 apertis
1755 2653 1799 2690 vos

1020 2735 1033 2759 ι
1046 2717 1161 2783 recipiet.
1181 2743 1192 2763 ··

1047 2908 1188 2957 Lliltltvll.
1216 2911 1281 2959 Dum
1304 2912 1359 2962 baec
1380 2913 1474 2967 diceret
1487 2919 1623 2983 Menenius,
1650 2937 1694 2988 per
1719 2931 1798 2980 totam

1016 2991 1159 3042 concionem
1184 2995 1269 3045 multas
1286 3001 1312 3047 et
1331 3000 1406 3052 varia
1419 3015 1492 3054 uoces
1505 3008 1682 3062 emittebantur
1705 3015 1797 3071 abillis

1016 3078 1059 3139 qui
1076 3078 1111 3129 ibi
1123 3082 1227 3134 aderant
1269 3087 1334 3137 cum
1348 3102 1406 3141 vero
1422 3092 1448 3143 in
1467 3102 1576 3147 extrema
1597 3114 1652 3152 suu
1672 3105 1797 3158 concionis

1015 3168 1085 3228 parte
1095 3180 1151 3218 sese
1165 3169 1197 3219 ad
1208 3170 1315 3223 lamenta
1331 3177 1447 3231 vertisset
1459 3184 1486 3232 et
1496 3183 1637 3249 reipublicae
1644 3188 1797 3244 calamitates

1016 3252 1181 3319 imminentes,
1201 3260 1253 3307 tam
1278 3260 1327 3311 illis
1347 3265 1391 3328 qui
1409 3266 1434 3315 in
1454 3269 1516 3320 urbe
1538 3276 1694 3327 remanebant
1722 3295 1796 3344 quam

1014 3339 1063 3391 illis
1080 3343 1125 3406 qui
1140 3345 1237 3408 expulsi
1253 3347 1364 3412 lucrant,
1389 3356 1415 3404 et
1435 3359 1596 3425 utrorumque
1627 3366 1738 3420 miserias
1750 3374 1795 3425 de-

1015 3429 1138 3493 tievisset,
1152 3437 1211 3483 tunc
1224 3449 1310 3487 omnes
1327 3437 1442 3492 lacrimas
1465 3446 1593 3502 eltundere
1605 3462 1750 3524 ceapcmnt,
1770 3466 1797 3514 ct

1015 3530 1063 3565 una
1076 3532 1136 3569 voce
1147 3534 1176 3568 ac
1190 3521 1222 3570 de
1234 3527 1360 3575 corrimuni
1376 3532 1496 3582 sententia
1511 3538 1712 3605 conclamarunt,
1731 3552 1760 3599 ut
1769 3564 1796 3600 se

1012 3612 1038 3661 in
1049 3608 1137 3658 urbem
1153 3608 1284 3660 reduceret
1305 3626 1367 3665 neve
1380 3620 1479 3682 tempus
1495 3626 1595 3677 tereret.
1630 3633 1737 3683 Etcerte
1750 3649 1794 3698 pa-

1012 3710 1069 3747 rum
1079 3692 1158 3744 abluit
1168 3694 1227 3755 quin
1238 3695 1351 3749 celeriter
1366 3715 1396 3751 es
1410 3707 1529 3759 concione
1539 3712 1644 3775 abirent,
1656 3717 1730 3768 rebus
1740 3736 1794 3773 cm·

1011 3784 1085 3836 nibus
1097 3781 1234 3844 legatorum
1251 3783 1353 3837 arbitrio
1380 3792 1516 3856 permissis,
1526 3800 1551 3846 et
1563 3800 1625 3851 nibil
1646 3805 1752 3868 amplius
1763 3807 1795 3861 de

1010 3872 1141 3929 securitate
1161 3869 1310 3938 laborantes,
1321 3877 1370 3929 nisi
1382 3894 1526 3947 progressus
1537 3888 1630 3938 Brutus
1650 3905 1735 3944 eorum
1750 3896 1795 3948 irn-

1010 3979 1096 4040 petum
1114 3975 1280 4043 repressisset,
1292 3969 1378 4021 dicens
1397 3991 1404 4023 ι
1425 3993 1438 4017 ι
1455 3975 1545 4026 cetera
1567 3976 1752 4044 quidamque
1767 3999 1794 4037 sa

1012 4090 1024 4114 ιι
1043 4075 1116 4122 natus
1136 4070 1200 4135 plebi
1209 4066 1336 4128 atterebat,
1348 4069 1415 4117 recte
1426 4079 1454 4117 se
1465 4067 1566 4132 babere,
1577 4073 1636 4122 etse
1646 4086 1759 4138 magnam
1770 4076 1794 4126 ei

1013 4184 1026 4208 ι
1038 4164 1071 4215 ob
1087 4163 1211 4229 postulata
1220 4175 1336 4214 concoesa
1349 4161 1453 4225 gratiam
1470 4161 1610 4214 habendam
1622 4179 1723 4218 censere
1733 4190 1739 4220 ι
1750 4171 1794 4221 sed

1013 4272 1025 4297 ι
1040 4256 1122 4304 umen
1137 4268 1164 4304 se
1176 4257 1304 4318 posterum
1322 4255 1422 4316 tempus
1449 4251 1537 4304 timere
1548 4255 1616 4319 qnod
1635 4258 1717 4307 omnia
1731 4259 1794 4310 bona

1012 4358 1025 4383 ι
1040 4339 1184 4403 pessumdet
1196 4344 1222 4390 et
1238 4339 1350 4391 homines
1361 4339 1458 4405 ingenio
1472 4342 1599 4404 tyrannico
1616 4345 1749 4407 praeditos,
1762 4359 1793 4394 ne

1013 4446 1025 4470 ιι
1038 4440 1125 4478 rursus
1145 4427 1276 4491 aliquando
1296 4428 1328 4491 (si
1344 4442 1371 4480 se
1384 4428 1481 4480 occasio
1494 4428 1628 4494 obtulerit)
1655 4432 1793 4495 praeteritas
1851 4503 1853 4507 ¹

1012 4533 1025 4564 ι
1039 4516 1118 4582 plebis
1139 4518 1242 4569 iniurias
1252 4519 1278 4569 in
1291 4520 1436 4573 memoriam
1456 4523 1585 4582 serment,
1600 4535 1690 4583 easque
1706 4521 1792 4572 ulcisci

1011 4612 1166 4659 «conentur.
1200 4611 1280 4658 Unam
1300 4622 1359 4659 nero
1380 4612 1500 4662 rationem
1517 4623 1584 4670 csse,
1604 4623 1654 4672 qua
1672 4615 1792 4662 careatur

1010 4714 1024 4743 ιι
1040 4697 1154 4748 omnibus
1167 4695 1211 4760 qui
1231 4697 1381 4760 potentiores
1402 4698 1505 4756 timent,
1535 4696 1599 4746 banc
1624 4698 1748 4760 uidelicet,
1769 4700 1791 4750 si

1010 4803 1023 4829 ι
1038 4787 1192 4849 compertum
1218 4783 1339 4845 habeant,
1364 4786 1395 4835 iis
1419 4784 1462 4849 qui
1492 4782 1606 4833 iniuriam
1629 4784 1690 4849 ipsis
1710 4788 1791 4840 facere

1010 4871 1133 4932 «nolent,
1156 4873 1304 4935 potestatem
1324 4871 1427 4923 deesse:
1452 4872 1572 4937 marndiu
1599 4873 1665 4923 enirn
1688 4870 1788 4927 maleta·

1009 4980 1022 5005 ιι
1036 4962 1117 5013 ciendi
1130 4962 1271 5014 facultatem
1286 4963 1321 5015 itii
1343 4962 1484 5028 habuerint,
1501 4979 1550 5017 non
1564 4965 1651 5020 delore
1671 4967 1790 5033 improbis

1009 5070 1022 5095 ι
1036 5051 1198 5102 voluntatem.
1231 5053 1257 5103 si
1275 5052 1350 5114 igitur
1362 5053 1426 5103 banc
1438 5054 1577 5106 cautionem
1592 5055 1684 5120 plebeii
1697 5056 1790 5109 luerim

1008 5158 1021 5184 ι
1037 5139 1174 5200 consecuti,
1191 5140 1259 5191 nulla
1274 5153 1301 5190 re
1317 5139 1366 5191 illis
1381 5145 1500 5204 praterea
1513 5157 1576 5207 opus
1601 5145 1688 5198 lore.»
1724 5148 1788 5197 Cum

1011 5248 1025 5274 ι
1041 5231 1126 5283 autem
1146 5230 1276 5282 lleneuius
1295 5231 1349 5282 eius
1366 5229 1442 5284 verba
1464 5235 1618 5297 excepisset,
1630 5240 1656 5287 et
1675 5235 1787 5292 iussisset
