4048 5924
688 420 982 498 ANTIQUITATUM
1004 428 1152 498 ROMAN.
1178 437 1248 503 LlB.
1274 444 1336 506 Vll.

191 543 227 610 εἷς
240 542 289 615 τὴν
301 545 427 605 ἐπιοῦσαν
443 548 603 611 ἀνεόάλοντο
616 550 710 631 γνώμῃ
723 577 751 614 τε
766 555 812 616 καλ
826 560 967 639 παρακλή-

191 655 232 692 σει
245 635 297 691 τῶν
311 635 421 695 ὑπάτων
435 636 559 709 είξαντες.

172 782 175 791 ,
229 724 354 787 XXVll.
377 727 421 806 Τῇ
442 727 467 784 δ’
482 728 541 801 ίξῆς
556 729 645 812 ήμίρρ
684 735 787 813 πρῶτοι
805 738 968 808 καταύόντες

189 810 226 878 είς
246 811 296 884 τήν
323 813 422 893 ἀγορὰν
443 817 467 874 ot
492 815 629 899 δήμαρχοι
645 821 806 882 συνεκάλουν
821 825 865 883 τὸν
884 829 968 905 δῆμον

150 924 163 961 s
188 899 226 969 εἰς
236 901 398 980 ἐκκλησίαν,
413 902 459 962 καὶ
469 906 607 985 παριόντες
621 911 651 968 tx
662 910 804 991 διαδοχῆς,
817 914 906 974 πολλὰ
921 914 968 992 μέν

188 991 242 1047 τῶν
256 988 402 1069 πατρικίων
425 993 590 1074 κατηγόρουν
608 1000 644 1064 ὡς
666 999 833 1078 ἐψευσμένων
844 1002 892 1071 τάς
906 1027 964 1064 συν-

189 1076 289 1150 θήκας,
306 1078 352 1138 καί
366 1078 600 1158 παραύεόηκότων
614 1083 673 1153 τοὺς
688 1083 796 1167 ὅρκους,
814 1088 858 1158 οθς
873 1092 966 1165 ἀποιή-

189 1187 268 1224 σαντο
289 1166 353 1247 πρθς
367 1166 412 1227 τόν
428 1169 513 1245 δῆμον
536 1172 602 1251 ὑπὲρ
627 1175 776 1249 ἀμνηστίας
798 1180 851 1237 τῶν
865 1180 965 1261 πάλαι,

187 1251 287 1321 πίστεις
311 1254 506 1337 παραφέροντες
526 1264 573 1317 τοῦ
589 1257 626 1337 μή
649 1260 764 1339 βεόαίως
783 1265 877 1334 αύτούς
889 1269 966 1340 διηλ-

135 1374 161 1415 tc
186 1341 284 1422 λάχθαι
302 1342 368 1422 πρὸς
380 1343 411 1403 τὸ
434 1346 578 1422 δημοτικὸν
594 1349 641 1420 τήν
653 1372 682 1409 τε
697 1356 744 1412 soli
757 1352 831 1415 σίτου
854 1357 965 1435 σπάνιν,

184 1430 217 1503 ἣν
227 1429 302 1491 αὐτοί
315 1433 534 1508 κατεσκεύασαν,
549 1436 656 1505 καὶτὰς
670 1441 819 1511 ἀποστολθις
833 1448 885 1506 τῶν
900 1450 966 1521 κλη-

185 1518 289 1601 ρούχων
305 1521 462 1603 ἀμφοτέρων
477 1568 485 1598 ,
500 1524 547 1583 καὶ
558 1527 593 1585 τδι
615 1525 684 1586 ἀλλα
698 1527 748 1589 ὅσα
760 1532 964 1612 ἐμηχανήσαντο

186 1608 321 1684 μειώσεως
334 1616 381 1669 τοῦ
401 1611 516 1682 πλήθους
532 1613 621 1676 ἕνεκα.
666 1618 762 1678 Πολλθι
780 1619 808 1679 θλ
824 1628 869 1682 τοῦ
886 1628 964 1706 Μαρ-

182 1694 241 1755 κίου
252 1694 439 1774 καθήπτοντο,
457 1697 516 1768 τοὺς
529 1701 654 1782 ῥηθέντας
670 1706 716 1763 ἀπ’
732 1708 812 1767 αὐτοῦ
833 1710 925 1789 λόγους
935 1716 961 1771 έν

130 1816 154 1857 ,5
181 1784 312 1863 τῇβουλῇ
327 1781 479 1855 διεξιόντες,
504 1785 603 1849 καθότι
625 1790 786 1867 καλούμενος
808 1796 845 1863 εἰς
863 1799 960 1857 ἀπολο-

180 1867 242 1947 γίαν
259 1871 310 1930 θπδ
329 1876 374 1930 τοῦ
391 1870 491 1949 δήμου,
513 1876 542 1934 οὔ
559 1875 636 1954 μόνον
658 1880 706 1937 οὐκ
722 1879 836 1952 ἠξίωσεν
858 1885 959 1961 ἐλθεῖν,

180 1957 251 2016 ἀλλά
273 1960 319 2018 καί
343 1959 405 2029 τοὺς
427 1964 602 2043 ἀφικομένους
624 1965 665 2025 ἀπ’
682 1968 763 2029 αὒτδν
785 1972 962 2052 ἀγορανόμους

179 2045 286 2106 τύπτων
304 2048 453 2121 ἀπήλασεν.
509 2051 640 2114 Ἐκοίλουν
656 2054 684 2114 δὲ
696 2057 831 2140 μάρτυρας
843 2066 894 2121 τῶν
910 2063 958 2140 μδν

180 2136 207 2192 tn
221 2139 255 2215 τῇ
270 2138 354 2219 βουλῇ
377 2133 523 2218 γενομένων
538 2141 598 2210 τοὺς
622 2145 807 2222 ἀντιμοτότους
822 2152 874 2207 τῶν
894 2153 959 2229 ἐκεῖ,

126 2253 154 2294 20
179 2226 224 2295 τῆς
243 2224 271 2282 δὲ
283 2227 344 2305 περὶ
367 2227 427 2296 τοὺς
444 2230 623 2308 ἀγορανόμους
640 2231 740 2313 ύόρεως
762 2234 880 2304 ἅπαντας
900 2239 959 2308 τοὺς

179 2311 237 2372 τότε
252 2316 385 2393 παρόντας
399 2317 469 2376 κατὰ
479 2317 528 2391 τήν
539 2320 637 2401 ἀγορθιν
651 2323 818 2400 δημοτικούς.
862 2329 958 2387 Ταῦτα

179 2401 203 2458 δ’
217 2402 331 2469 εἰπόντες
352 2404 472 2465 ἐδίδοσαν
496 2409 520 2466 al
541 2409 708 2488 βουλομένοις
728 2409 768 2483 εἴη
792 2421 846 2481 τοῖς
860 2438 956 2496 πατρι·

179 2486 245 2556 κίοις
266 2492 427 2571 ἀπολογίαν,
451 2494 609 2576 κατέχοντες
629 2498 672 2556 ἐπὶ
691 2503 736 2570 τῆς
750 2501 893 2574 ἐκκλησίας
912 2506 957 2563 τδν

180 2574 283 2652 δῆμον,
303 2577 355 2645 ἕως
375 2584 392 2651 ἡ
417 2580 498 2659 βουλὴ
516 2584 637 2664 διαλυθῇ.
682 2581 799 2664 Ἔτυχον
823 2588 876 2669 γὰρ
891 2590 958 2672 ὑπὲρ

124 2694 152 2734 25
180 2665 266 2724 αὐτῶν
281 2666 379 2726 τούτων
390 2669 587 2750 συνεδρεύοντες
601 2675 625 2731 σί
635 2673 785 2750 πατρίκιοι,
800 2677 957 2758 διαποροῦν·

165 2775 221 2821 ,τες
232 2752 284 2813 εἴτε
303 2758 481 2835 ἀπολογητέον
496 2760 583 2826 αὐτοῖς
600 2760 640 2832 εἴη
656 2763 720 2841 πρὸς
734 2762 779 2821 τὀν
791 2765 875 2843 δῆμον
889 2767 956 2849 ὑπὲρ

177 2831 214 2902 ῶν
234 2842 429 2921 διεόλήθησαν,
445 2846 497 2907 είτε
517 2847 639 2925 μενετίσν
655 2852 694 2931 ἐφ’
711 2852 834 2932 ἡσυχίας,
878 2854 956 2916 Ἐπεί

177 2929 204 2988 δέ
217 2933 244 2990 αί
256 2931 362 3001 πλείους
383 2938 489 3012 γνῶμαι
504 2937 538 2998 τδι
553 2938 785 3019 φιλανθρωπότερα
799 2945 852 3001 τῶν
872 2947 954 3004 αὐθα-

178 3018 307 3098 δεστέρων
338 3021 505 3101 προείλοντο,
532 3018 701 3092 διαλύσαντες
732 3031 757 3087 cl
783 3028 880 3099 ὕπατοι
908 3035 953 3092 τόν

120 3116 149 3156 ³⁰
178 3105 306 3188 σύλλογον
333 3112 464 3189 προῆλθον
483 3114 520 3179 εἰς
543 3112 592 3183 τήν
614 3116 727 3195 ἀγοράν,
747 3117 793 3184 τάς
813 3143 843 3197 τε
865 3121 954 3191 κοινδις

175 3195 370 3272 ἀπολυσόμενοι
395 3197 597 3277 διαθολάς,καλ
617 3202 738 3283 περὶτοῦ
762 3206 884 3286 Μαρκίου
908 3208 952 3269 τάν

174 3283 258 3361 δῆμον
272 3283 426 3355 ἀξιώσοντες
440 3287 522 3363 μηθὲν
535 3292 675 3369 βουλεῦσαι
686 3294 841 3364 ἀνήκεστον.
897 3298 952 3359 Καὶ

172 3371 309 3454 παρελθὼν
345 3381 360 3437 ό
393 3377 570 3460 πρεσόύτερος
596 3384 681 3440 αὐτῶν
711 3383 848 3454 Μηνύκιος
882 3386 953 3456 ἔλεξε

173 3463 272 3523 τοιάδε.

118 3567 145 3608 οε
213 3551 344 3615 XXVltI.
367 3579 380 3604 s
396 3551 433 3613 ‘H
448 3554 497 3631 μέν
517 3553 584 3637 ὑπὲρ
603 3561 650 3628 τῆς
672 3558 800 3627 σιτοδείας
822 3563 952 3641 ἀπολογία

173 3664 186 3690 ει
200 3639 270 3698 πάνυ
285 3639 399 3721 βραχεῖά
418 3643 507 3716 ἐστιν,
528 3634 551 3703 ῶ
571 3645 702 3722 δημόται,
724 3648 770 3706 καὶ
791 3651 839 3707 ούκ
857 3649 952 3721 ἀλλους

171 3753 185 3779 α
200 3727 272 3795 τινδις
296 3730 478 3808 παρεξόμεθα,
503 3723 540 3792 ῶν
557 3732 590 3793 ἀν
605 3733 725 3813 λέγοιμεν
745 3735 763 3807 ἢ
785 3740 854 3814 ὑμᾶς
876 3741 950 3820 μοίρ-

171 3840 185 3867 o
198 3837 288 3896 τυρας.
316 3817 374 3890 Τήν
392 3844 420 3879 τε
440 3819 493 3901 γὰρ
511 3821 622 3902 ἀφορίαν
643 3827 697 3882 τῶν
718 3830 823 3885 σιτικῶν
838 3833 948 3908 καρπῶν

170 3927 184 3956 ε
198 3903 338 3965 ἀπίστασθε
361 3905 445 3979 δήπου
470 3908 516 3967 καὶ
542 3910 616 3970 αὐτοὶ
640 3911 682 3970 διδι
709 3912 754 3972 τόν
780 3915 948 3998 ἐκλειφθέντα

115 3996 143 4037 tt
170 3994 293 4073 «σπόρον
314 3995 469 4074 γενομένην·
494 3997 543 4069 τήν
558 3997 583 4058 τ’
607 4000 691 4071 ἀλλην
713 4006 881 4085 καταφθορὰν
901 4010 949 4079 τῆς

170 4106 184 4131 ιι
199 4079 288 4163 χώρας
310 4086 339 4145 οὐ
361 4085 427 4167 παρ’
448 4085 544 4166 ίτίρων
563 4090 631 4164 ὑμᾶς
657 4090 698 4148 δεῖ
727 4096 836 4169 μαθεῖν,
858 4101 904 4179 ἀφ’
919 4090 950 4169 ἧς

169 4193 183 4220 ε
199 4169 285 4237 αἰτίας
310 4172 425 4246 συνέόη,
447 4175 493 4234 καὶ
517 4179 552 4242 ὡς
576 4179 726 4239 τελευτῶσα
746 4186 763 4253 ἡ
784 4184 895 4259 πλείστη
918 4210 946 4246 τε

169 4282 183 4310 α
196 4259 242 4317 καὶ
263 4260 358 4340 ἀρίστη
384 4267 420 4341 γῆ
439 4262 543 4323 πόντων
568 4267 694 4329 ἐσπάνικε
714 4277 824 4350 καρπῶν
850 4299 880 4335 τι
902 4282 948 4336 καὶ

168 4347 370 4428 «ἀνδραπόδων
391 4352 437 4409 καί
464 4355 660 4432 βοσκημάτων,
685 4358 720 4416 τά
749 4361 797 4438 μὲν
822 4365 874 4423 ύπδ
896 4370 949 4426 τῶν

112 4446 139 4486 ta
167 4460 181 4489 ιι
195 4438 331 4513 πολεμίων
351 4440 566 4518 διαρπαζομένη,
586 4443 620 4503 τδι
640 4446 667 4505 δὲ
682 4450 743 4526 ύμῖν
761 4451 799 4528 μή
820 4456 948 4535 ἐπιχορη·

167 4550 181 4576 ν
195 4529 279 4602 γοῦσα
301 4529 432 4600 τοσούτοις
460 4523 518 4591 οθσι
544 4536 589 4594 καὶ
612 4536 745 4614 μηδεμίαν
771 4542 854 4617 ἀλλην
878 4549 946 4604 ἀπο-

168 4637 181 4664 ε
197 4613 311 4694 στροφὴν
331 4615 450 4699 έχουσιν.
478 4620 567 4683 Ὥστε
581 4625 628 4684 οὐκ
649 4624 675 4694 ἐξ
695 4616 732 4685 ῶν
756 4633 780 4690 οἱ
795 4632 949 4713 δημαγωγοὶ

167 4725 181 4751 α
195 4698 402 4784 traditiosam,
426 4711 487 4769 ἀλλ’
510 4711 537 4781 ἐξ
554 4702 592 4772 ῶν
614 4714 688 4773 αὐτοὶ
713 4714 783 4790 ἴστε,
804 4720 849 4778 τὸν
870 4723 949 4798 λιμὸν

166 4814 179 4841 s
196 4789 336 4869 ἡγούμενοι
349 4797 503 4875 γεγονίναι,
524 4800 662 4860 παύσασθε
680 4802 875 4882 προσάπτοντες
887 4814 948 4869 ἐπι-

108 4902 136 4939 εο
164 4903 178 4932 «
194 4875 292 4953 όονλήν
308 4886 441 4969 ἡμετέραν
459 4892 497 4968 τῷ
516 4889 613 4963 πάθει,
635 4889 681 4949 καλ
697 4892 730 4950 δι’
751 4894 830 4973 ἀργῆς
844 4896 948 4977 ἔχοντες

163 4992 179 5020 ιι
192 4970 266 5044 ἡμᾶς
291 4972 365 5032 οὐδέν
394 4977 560 5044 ἀδικοῦντας.
611 4981 648 5038 Αἱ
673 4978 700 5037 δέ
724 4982 870 5044 ἀποστολαὶ
895 4992 947 5048 τῶν

164 5082 177 5110 α
192 5057 351 5140 κληρούχων
371 5064 403 5124 ίκ
415 5070 461 5125 τοῦ
476 5064 620 5145 ἀναγκαίου
635 5065 767 5147 ἀγίνοντο,
782 5079 855 5153 κοινῇ
867 5075 944 5147 δοξαν

164 5172 177 5197 ε
190 5147 253 5223 ύμῖν
267 5147 354 5210 ἀπασι
371 5152 415 5212 διὰ
428 5157 546 5237 φυλακῆς
568 5156 638 5237 ίχιιν
659 5157 747 5239 χωρία
768 5160 805 5225 alc
824 5159 939 5235 πολεμον

163 5257 177 5283 ν
191 5234 340 5309 ίπιτήδεια·
363 5239 409 5299 καί
432 5245 537 5329 μεγάλα
557 5240 663 5316 ὤνησαν
686 5245 715 5303 ἀν
734 5249 819 5328 καιρῷ
843 5247 943 5329 σφόδρα

1748 472 1808 532 tot

1027 571 1069 623 die
1082 576 1146 627 nibil
1158 581 1265 633 atrocius
1278 586 1473 653 commisemnt‚
1489 594 1533 645 sed
1555 598 1642 652 remiu
1661 614 1809 665 sequentem

1026 660 1091 712 dem
1105 664 1271 730 distulerunt,
1287 676 1408 727 sententia
1422 681 1449 730 et
1463 682 1580 744 precibus
1592 691 1723 745 consulum
1737 698 1805 749 victi.

1056 753 1156 805 xxvtt.
1174 759 1277 811 Postero
1286 761 1327 813 die
1338 764 1434 817 tribuni
1444 767 1468 816 in
1478 769 1560 823 lorum
1578 774 1652 837 primi
1669 778 1804 836 descende-

1024 847 1097 905 runt,
1114 851 1140 899 et
1152 850 1250 915 plebem
1262 856 1296 905 ad
1314 859 1456 912 concionem
1470 875 1653 933 convocarunt,
1669 879 1695 925 et
1707 891 1751 941 per
1764 882 1803 931 ri·

1024 953 1065 990 ces
1078 946 1201 1008 progressi
1216 949 1324 1012 grauiter
1336 955 1452 1017 patricios
1465 968 1628 1025 accusarunt,
1646 970 1715 1030 quod
1730 972 1805 1026 lldem

1023 1040 1153 1100 pactorum
1167 1042 1325 1108 fefellissent,
1341 1052 1367 1100 et
1379 1050 1552 1106 iusiurandum
1572 1058 1724 1127 violassent,
1735 1070 1804 1132 quod

1022 1145 1079 1183 cum
1095 1132 1167 1197 plebe
1181 1137 1303 1199 fecerant,
1317 1145 1346 1192 ut
1356 1144 1436 1194 omnis
1450 1150 1630 1210 praeteritarum
1653 1158 1800 1216 iniuriarum

1021 1231 1139 1281 memoria
1150 1231 1317 1297 deponeretur
1329 1257 1336 1289 ι
1349 1244 1375 1290 et
1386 1250 1531 1304 argumenta
1543 1251 1695 1315 attuleruut,
1710 1260 1802 1323 quibus

1021 1337 1063 1375 eos
1075 1337 1133 1375 cum
1147 1326 1218 1390 plebe
1235 1343 1284 1380 uon
1295 1330 1390 1385 sincere
1401 1339 1572 1393 reconciliatos
1583 1358 1638 1398 esse
1647 1350 1800 1416 probarunt,

1020 1426 1075 1474 tum
1086 1423 1206 1477 frumenti
1219 1427 1327 1493 inopiam
1339 1468 1346 1493 ,
1357 1433 1429 1484 cuius
1442 1435 1489 1500 ipsi
1505 1444 1619 1494 auctores
1631 1453 1730 1511 essent,
1747 1453 1800 1503 tum

1019 1518 1170 1570 coloniarum
1189 1521 1296 1574 duarum
1316 1526 1517 1583 deducendarum
1537 1537 1667 1590 consitium
1684 1547 1710 1594 et
1723 1547 1799 1610 quid-

1018 1613 1079 1676 quid
1094 1619 1215 1678 practerea
1230 1617 1263 1668 ad
1275 1617 1431 1674 minuendam
1451 1626 1530 1690 plebis
1542 1630 1727 1688 multitudinem
1742 1654 1798 1692 mo-

1018 1709 1056 1760 liti
1069 1709 1174 1762 luerunt.
1207 1714 1239 1764 at
1259 1713 1283 1764 in
1299 1716 1380 1781 ipsum
1405 1721 1524 1775 blaseium
1540 1725 1610 1791 longa
1628 1731 1741 1786 oratione
1757 1738 1795 1788 in-

1018 1806 1084 1856 necti
1097 1811 1171 1870 sunt,
1190 1809 1294 1874 eiusque
1316 1802 1437 1869 sorbeio
1450 1825 1538 1872 senatu
1555 1825 1619 1875 tacta
1638 1839 1797 1898 enarrarunt,

1017 1903 1043 1951 et
1054 1898 1204 1953 addiderunt
1224 1919 1282 1957 euru
1298 1908 1329 1958 ad
1345 1924 1459 1964 caussam
1479 1918 1544 1981 apud
1556 1919 1651 1984 plebem
1670 1925 1797 1982 dicendam

1016 1991 1119 2041 citatum
1130 2006 1179 2042 nou
1197 1995 1277 2045 solum
1291 1998 1400 2053 noluisse
1415 2005 1513 2071 venire,
1524 2010 1568 2061 sed
1579 2012 1655 2064 ettam
1667 2017 1751 2071 aediles
1766 2022 1797 2072 ad

1016 2079 1098 2145 ipsum
1119 2081 1208 2134 missos
1228 2085 1372 2141 verberibus
1393 2092 1512 2157 abegisse.
1546 2104 1578 2151 Et
1590 2104 1698 2157 citaruut
1719 2112 1797 2163 testes

1016 2182 1102 2221 eorum
1111 2170 1228 2235 quidem,
1244 2189 1301 2239 quta
1312 2178 1338 2228 in
1349 2185 1439 2233 senatu
1452 2190 1523 2237 erant
1535 2188 1616 2253 dicta,
1633 2193 1795 2252 tronoratissi-

1016 2275 1072 2312 mos
1084 2277 1196 2328 quosque
1210 2267 1275 2319 illius
1283 2272 1392 2335 ordinis;
1406 2277 1506 2331 imane
1515 2295 1574 2333 vero
1588 2284 1703 2340 aedilibus
1714 2292 1796 2355 tactae,

1014 2366 1099 2405 umnec
1122 2354 1242 2421 plebeios,
1258 2362 1303 2424 qui
1320 2366 1380 2416 tunc
1394 2366 1420 2417 in
1436 2370 1490 2420 toro
1501 2373 1611 2427 aderant.
1656 2381 1702 2432 His
1722 2382 1796 2436 dictis

1014 2443 1126 2495 fecerunt
1147 2449 1256 2510 patriciis
1275 2454 1315 2517 (si
1333 2458 1442 2523 vellunt)
1461 2463 1572 2517 dicendae
1587 2482 1684 2522 caussae
1706 2476 1796 2542 suique

1014 2537 1136 2601 purgandi
1149 2543 1260 2606 copiam,
1273 2548 1371 2610 plebem
1391 2554 1417 2603 in
1429 2556 1531 2608 comitio
1544 2560 1701 2626 detinentes,
1715 2567 1795 2621 donec

1017 2631 1120 2681 senatus
1131 2632 1307 2693 dimitteretur.
1352 2646 1414 2696 Nasu
1429 2646 1460 2698 de
1472 2649 1512 2700 lris
1524 2651 1583 2716 ipsis
1599 2654 1672 2707 rebus
1683 2657 1709 2708 in
1726 2663 1796 2713 curia

1016 2734 1100 2795 patres
1122 2735 1311 2800 consultabant,
1335 2739 1490 2805 dubitantes,
1508 2749 1593 2797 utrum
1617 2750 1685 2814 apud
1699 2753 1795 2817 plebem

1013 2825 1046 2875 ad
1057 2826 1157 2877 crimina
1172 2829 1218 2879 sibi
1227 2830 1323 2882 obiecta
1339 2835 1554 2901 respondendum,
1570 2854 1602 2890 an
1616 2842 1796 2905 quiescendum

1011 2919 1086 2968 esset.
1121 2918 1184 2969 dum
1197 2924 1281 2975 autern
1291 2923 1369 2974 maior
1381 2939 1466 2978 corum
1476 2942 1532 2993 pars
1546 2931 1572 2980 in
1581 2946 1611 2983 aa
1620 2936 1687 2985 esset
1695 2938 1796 2988 senten·

1013 3004 1065 3067 tia,
1083 3009 1111 3056 ut
1124 3007 1302 3063 humanitatem
1326 3017 1448 3080 superbia
1462 3022 1649 3077 anteferendam
1672 3035 1793 3093 censeret,

1012 3103 1127 3152 consules
1145 3102 1248 3157 dimisso
1261 3113 1350 3161 senatu
1374 3111 1400 3161 in
1419 3112 1547 3163 comitium
1568 3123 1751 3180 processerunt,
1766 3122 1796 3171 ut

1012 3192 1111 3254 publica
1133 3198 1235 3250 crimina
1247 3201 1370 3254 diluerent
1385 3208 1411 3255 et
1425 3205 1521 3269 plebem
1538 3211 1673 3272 rogarent,
1688 3225 1719 3261 ue
1734 3212 1793 3277 quid

1011 3287 1111 3348 gravius
1134 3289 1160 3340 in
1187 3293 1308 3344 marcium
1328 3298 1456 3347 statueret.
1491 3300 1688 3364 Progressusque
1710 3303 1793 3353 senior

1011 3381 1110 3432 illorum
1121 3383 1245 3436 Minucius
1259 3388 1334 3438 talem
1351 3388 1440 3440 babuit
1453 3392 1604 3445 concionem.

1042 3567 1156 3615 xxvlll.
1177 3587 1188 3609 n
1207 3567 1280 3623 Quod
1291 3568 1322 3618 ad
1339 3569 1457 3621 frumenti
1476 3573 1581 3638 inoptam
1597 3576 1699 3637 attinet,
1710 3577 1791 3634 Quiri·
1822 3586 1825 3595 '

1014 3675 1027 3700 α
1042 3657 1094 3713 tes,
1116 3667 1159 3718 per
1180 3655 1267 3718 paucis
1281 3657 1362 3708 verbis
1378 3673 1424 3709 nos
1440 3662 1612 3726 purgabimus,
1635 3679 1718 3728 neque
1732 3665 1793 3718 alios

1012 3764 1025 3789 a
1039 3745 1131 3792 nostrae
1143 3742 1260 3794 orationis
1276 3747 1360 3807 testes,
1374 3761 1449 3811 quarn
1459 3764 1504 3799 ros
1520 3751 1596 3815 ipsos,
1613 3754 1786 3816 producemus.

1012 3854 1025 3879 a
1039 3834 1102 3883 Nam
1115 3835 1141 3883 et
1160 3833 1259 3894 trogum
1270 3834 1427 3888 sterilitatem
1441 3838 1474 3889 ob
1491 3840 1658 3892 intermissam
1671 3843 1792 3895 sationem

1011 3947 1024 3972 a
1038 3914 1158 3979 occidisse
1176 3927 1224 3993 ipsi
1245 3927 1329 3990 scitis;
1342 3942 1388 3979 nec
1404 3930 1502 3992 oportet
1514 3942 1560 3978 vos
1574 3942 1604 3979 es
1617 3929 1672 3981 aliis
1688 3943 1793 3992 cognos-

1010 4034 1023 4061 ε
1039 4029 1112 4079 cere,
1133 4032 1183 4082 qua
1202 4017 1233 4068 de
1248 4030 1326 4068 causa
1347 4020 1429 4067 cetera
1451 4015 1504 4080 agri
1527 4015 1635 4067 vastatio
1656 4016 1790 4079 acciderit,

1009 4124 1022 4151 α
1037 4109 1067 4157 ut
1077 4111 1203 4171 postremo
1222 4106 1332 4157 maxima
1354 4108 1429 4167 atquc
1452 4105 1547 4170 optima
1570 4106 1624 4170 agri
1637 4120 1695 4172 para
1720 4107 1791 4159 labo-

1009 4211 1022 4237 ιι
1038 4196 1104 4244 reret
1125 4194 1207 4258 inopia
1243 4192 1354 4242 omniurn
1380 4192 1479 4255 frugum
1511 4195 1537 4242 et
1559 4194 1739 4258 mancipiomm
1765 4198 1791 4245 et

1007 4296 1020 4323 ε
1037 4278 1148 4343 pecoris,
1170 4279 1260 4344 partim
1281 4278 1313 4329 ab
1336 4277 1450 4329 hostibus
1477 4283 1587 4343 vastata,
1609 4284 1699 4345 partim
1723 4282 1791 4345 quod

1008 4369 1089 4434 «ipse
1111 4385 1174 4434 uper
1199 4372 1274 4419 tantae
1294 4372 1384 4418 restra
1412 4366 1580 4430 multitudini,
1608 4383 1666 4432 qum
1693 4368 1790 4418 nullum

1008 4475 1021 4499 s
1035 4456 1110 4508 atium
1124 4456 1223 4508 aliunde
1243 4455 1380 4507 remedium
1401 4456 1525 4519 babebat,
1553 4456 1651 4507 nictum
1671 4454 1789 4518 suppedi-

1008 4564 1021 4589 ιι
1037 4547 1090 4596 tare
1103 4558 1153 4594 nou
1170 4548 1263 4608 posset.
1280 4548 1435 4610 Quapropter
1453 4547 1525 4597 tamis
1537 4550 1640 4596 caussas
1657 4556 1707 4592 uon
1729 4553 1787 4603 eas,

1008 4654 1020 4678 ι
1034 4647 1097 4697 quas
1110 4632 1189 4697 plebis
1202 4636 1361 4696 corruptores
1379 4648 1424 4698 per
1439 4634 1588 4685 calumniam
1603 4632 1724 4690 atterunt,
1743 4629 1788 4679 sed

1006 4739 1020 4764 s
1031 4734 1095 4784 quas
1105 4720 1153 4785 ipsi
1164 4720 1233 4771 scitis
1247 4720 1323 4771 luisse
1336 4722 1508 4773 existimantes
1522 4720 1627 4772 desinite
1639 4719 1704 4768 banc
1720 4715 1787 4768 caia·

1005 4828 1018 4853 ι
1032 4810 1146 4861 mitatem
1160 4809 1251 4860 nostris
1263 4809 1359 4861 insidiis
1370 4811 1528 4875 adscribere,
1540 4814 1566 4862 at
1584 4807 1656 4861 nobis
1668 4807 1785 4857 innocen·

1005 4920 1016 4943 n
1031 4899 1100 4950 tibus
1113 4899 1196 4950 irasci.
1229 4898 1414 4951 coloninsrero
1433 4901 1568 4953 necessitas
1587 4895 1692 4958 deduci,
1710 4895 1786 4960 idque

1002 5007 1016 5035 ιι
1030 4985 1062 5036 de
1076 4986 1201 5036 communi
1222 4985 1333 5037 omnium
1359 4991 1471 5039 restrum
1492 4988 1627 5051 sententia,
1653 4990 1682 5038 ut
1702 4988 1784 5037 essem

1003 5100 1015 5123 a
1030 5078 1146 5144 praesidio
1156 5078 1216 5127 locis
1225 5078 1257 5127 ad
1270 5078 1364 5129 bellum
1370 5082 1506 5145 oportunis.
1520 5085 1565 5135 lloe
1574 5096 1634 5134 vero
1643 5079 1783 5132 durissimis

1001 5189 1014 5215 a
1028 5166 1168 5232 reipublice
1182 5166 1335 5230 temporibus
1349 5166 1472 5231 deducta,
1486 5175 1539 5221 turn
1553 5172 1627 5236 ipsis,
1642 5170 1686 5235 qul
1699 5169 1725 5220 in
1736 5181 1782 5219 co·

999 5278 1013 5304 ι
1029 5256 1107 5313 lanias
1121 5253 1205 5307 emissi
1220 5258 1289 5319 suut,
1301 5256 1355 5308 tum
1372 5257 1451 5319 voltis,
1464 5259 1509 5322 qui
1527 5259 1693 5320 remansistis,
1708 5254 1782 5309 valde
