4070 5926
219 360 279 419 534

218 489 321 546 τίλλειν
351 483 520 564 συμμαχίαν.
579 480 735 561 Κατέρυγον
759 480 811 562 γάρ
838 483 873 546 ῶς
901 476 996 546 αὐτοὺς

220 574 344 635 ἀδύνατοι
357 573 428 641 ὄντες
442 572 537 642 ἐξελεῖν
550 570 583 631 δι’
599 574 700 630 ἑαυτῶν
715 568 745 628 τὸ
762 567 884 650 ρρούριον
899 568 998 628 Οὐιεν-

219 668 312 739 τανοί,
338 662 531 743 συγγενείαςτε
556 659 803 737 ὑπομιμνήσκοντες
827 657 873 715 καὶ
895 655 999 737 μελίας,

221 753 267 811 καὶ
280 750 357 818 ὅσους
374 751 432 827 μετ’
454 752 542 808 αὐτῶν
566 747 666 828 ἤραντο
690 744 822 822 πολέμους
847 743 998 812 διεξιόντες·

182 875 195 909 2,
221 838 279 899 duci
293 841 399 898 πάντων
415 835 443 896 δέ
465 835 566 896 τούτων
584 834 715 904 ἀξιοῦντες
736 833 902 914 συνάρασθαί
923 853 999 912 sprot

220 934 266 989 τοῦ
281 929 351 987 κατὰ
366 926 510 1002 Ῥωμαίων
524 924 657 1002 πολέμου,
674 928 709 989 ῶς
731 926 803 1003 σφῶν
822 946 850 981 τε
866 925 999 1002 προκαθη·

221 1018 307 1093 μένων
324 1016 473 1098 Τυρρηνίας
487 1015 551 1087 ὅλης
565 1017 610 1073 καὶ
622 1011 666 1073 τὸν
678 1012 793 1087 πόλεμον
814 1009 999 1091 ἀνακωχευόν-

220 1107 324 1168 τωντδν
339 1108 393 1166 ἀπὸ
404 1103 514 1180 Ῥώμης
526 1104 618 1183 ῥέοντα
632 1099 823 1160 κατὰπάντων
838 1101 891 1156 τῶν
906 1100 998 1174 ὁμοεθ-

222 1207 284 1256 νῶν.
328 1194 382 1253 Καί
396 1198 419 1252 οἱ
435 1192 569 1273 Τυρρηνοὶ
586 1188 737 1256 πεισθέντες
753 1189 900 1266 ύπίσγοντο
923 1184 997 1262 πέμ-

173 1324 197 1363 γγ,
223 1288 281 1367 ψειν
296 1288 383 1352 αὐτοῖς
397 1284 462 1355 ὅσην
478 1281 567 1354 ήίίουν
583 1279 753 1359 συμμαχίαν.
775 1280 900 1347 Ἰἀῶταὴ
917 1273 999 1354 βουλήΙ

223 1380 361 1452 μαθοῦσα,
388 1374 536 1455 ἐψηφίσατο
556 1369 666 1450 τρισσὰς
685 1369 832 1448 ἐκπέμψειν
861 1370 998 1444 στρατιάς,

223 1463 269 1522 καὶ
279 1461 424 1542 γενομένων
439 1464 465 1520 ἐν
479 1460 556 1541 τάχει
571 1461 624 1517 τῶν
640 1457 815 1533 καταλόγυιν,
831 1453 940 1522 Λεύκιος
952 1452 1000 1531 μὲν

145 1613 154 1633 ,
224 1553 347 1628 Αἰμίλιος
367 1550 412 1609 int
424 1548 574 1630 Τυρρηνούς
588 1545 710 1626 ἐπέμρθη
720 1568 726 1584 ·
738 1544 871 1624 συνήρατο
886 1543 915 1603 δέ
930 1545 1002 1623 αὐτῷ

224 1647 271 1713 τῆς
285 1640 371 1708 ἐξόδου
387 1639 495 1700 Καίσων
506 1638 622 1715 dedice,
634 1640 648 1695 ὅ
659 1634 754 1695 νεωστί
768 1633 816 1706 τήν
832 1633 919 1714 ἀρχὴν
937 1635 1002 1691 ἀπο-

174 1737 197 1775 ¹⁶
225 1730 345 1806 θέμενος,
358 1730 457 1803 δεηθεὶς
473 1733 520 1800 τῆς
535 1729 631 1806 βουλῆς
663 1723 804 1805 ἐπιτρίψαι
820 1726 890 1804 αὐτῷ
910 1731 963 1788 τοῖς
975 1725 1001 1779 ἐν

227 1819 353 1900 Κρεμέρᾳ
368 1816 534 1895 συγγενέσιν,
550 1815 593 1883 οθς
615 1818 630 1874 ό
651 1808 761 1893 ἀδελρδς
787 1813 867 1871 αὐτοῦ
888 1807 1001 1890 φρουρή·

226 1931 319 1974 σοντες
336 1908 367 1966 τό
380 1904 477 1987 χωρίον
495 1902 621 1983 ἐξήγαγε,
636 1901 752 1962 συνεῖναί
774 1921 804 1958 τε
824 1899 937 1958 καὶτῶν
953 1901 1002 1955 αὐ-

223 2001 276 2057 τῶν
289 1994 396 2074 ἀγώνων
411 1994 548 2073 μετέχειν·
563 1989 609 2050 καὶ
625 1988 716 2062 ἐξῆλθε
730 1986 777 2047 σὺν
799 1995 853 2053 τοῖς
868 1984 937 2068 ἀμφὶ
952 1987 1002 2044 αὐ-

225 2086 269 2146 τὸν
284 2082 387 2165 ἐξουσία
401 2080 543 2156 κοσμηθεὶς
554 2076 707 2157 ἀνθυπάτῳ).
752 2077 831 2143 Γάϊος
844 2075 871 2134 δέ
889 2074 1000 2155 Σερουί-

173 2182 199 2220 ²⁰
226 2179 290 2253 λιος,
299 2172 389 2252 ἅτερος
400 2174 453 2230 τῶν
463 2169 571 2228 ὑπάτων
581 2166 625 2226 έπλ
637 2161 820 2231 Οὐολούσκους
836 2164 1002 2242 ἐστράτευσε·

227 2263 350 2343 Σερούϊος
364 2259 391 2319 δέ
400 2257 514 2336 Φούριος
524 2256 670 2322 ἀνθύπατος
684 2253 728 2312 tot
737 2251 767 2311 τδ
782 2254 906 2313 Αἰκανῶν
921 2250 1002 2319 ἔθνος.

226 2351 353 2431 Ἓκάστῳ
375 2348 403 2407 δέ
415 2349 502 2407 αὐτῶν
525 2344 571 2406 δύο
588 2343 637 2422 μέν
655 2342 781 2421 τάγματα
801 2340 945 2419 Ῥωμαίων
967 2339 1003 2399 εί-

225 2464 308 2516 πετο,
328 2437 450 2500 Λατίνων
463 2436 491 2496 δδ
506 2427 554 2496 καί
565 2433 697 2514 Ἑρνίκων
709 2433 753 2490 καὶ
766 2434 819 2488 τῶν
834 2431 923 2490 ἀλλων
935 2454 1002 2506 συμ·

227 2531 322 2610 μάγων
336 2530 383 2587 οὐκ
403 2525 505 2587 ἐλάττω
519 2529 567 2597 τῆς
580 2521 739 2598 Ῥωμαϊκῆς
761 2519 909 2596 δυνάμεως.
954 2523 1002 2599 Τῷ

175 2631 200 2670 2⁶
227 2621 274 2697 μὲν
292 2609 337 2678 ούν
362 2614 503 2696 ἀνθυπάτῳ
527 2611 645 2692 Σερουίῳ
673 2608 743 2670 κατδ
766 2613 826 2667 νούν
852 2611 867 2666 ὅ
889 2609 1004 2685 πόλεμος

227 2708 347 2788 ἐχώρησε
362 2705 406 2765 καὶ
429 2704 476 2763 σὺν
501 2704 590 2782 τάχει.
621 2703 692 2779 ,Med
716 2697 766 2779 γδιρ
789 2695 917 2778 ἐτρέψατο
943 2695 1002 2764 τοὺς

226 2794 357 2863 Αἰκανούς
379 2792 455 2872 μάχη
479 2789 630 2869 καὶταύτῃ
655 2787 718 2867 δίχα
741 2785 837 2859 πόνου,
850 2789 883 2864 τῇ
907 2784 999 2867 πρώτη

227 2883 285 2951 τούς
296 2879 435 2959 πολεμίους
448 2877 582 2949 ἐκπλήξας
594 2876 695 2958 ἐρόδῳ,
710 2874 756 2933 καλ
769 2873 800 2933 τδ
820 2874 910 2932 λοιπὸν
927 2874 1004 2951 ἐδῄου

227 2977 274 3047 τήν
297 2980 345 3051 γῆν
369 2975 456 3031 αὐτῶν
482 2966 720 3050 καταπερευγότων
744 2966 781 3030 είς
810 2963 844 3022 τδι
870 2961 1002 3043 ἐρύματα.

169 3054 201 3111 ’30
228 3063 372 3145 Σερουιλίῳ
397 3059 424 3119 δὲ
451 3059 551 3137 θατέρῳ
574 3060 626 3115 τῶν
641 3052 747 3113 ὐπάτων
771 3052 822 3112 ύπδ
846 3053 960 3125 σπουδῆς
976 3076 1005 3111 τε

227 3154 272 3213 καὶ
282 3147 421 3214 αὐθαδείας
433 3146 477 3205 ἐπὶ
486 3146 531 3204 τδν
544 3146 634 3221 ἀγῶνα
647 3141 799 3223 χωρήσαντι
811 3139 879 3201 πολύ
891 3139 921 3200 τδ
931 3141 1005 3221 παρδι

226 3237 333 3317 γνώμην
349 3236 504 3310 ἀπήντησε,
527 3235 662 3312 καρτερῶς
675 3230 745 3290 πάνυ
760 3232 813 3289 τῶν
829 3228 1005 3289 Οὐολούσκων

178 3376 183 3383 .
228 3326 458 3404 ἀντιταξαμένων,
484 3321 547 3383 ὥστ’
567 3320 723 3399 ἠναγκάσθη
740 3316 854 3385 πολλοὺς
869 3316 915 3376 καὶ
936 3319 1005 3396 ἀγα-

228 3416 287 3483 θούς
301 3413 397 3494 ἄνδρας
409 3411 542 3478 ἀπολέσας
554 3409 651 3487 μηκέτι
672 3416 767 3488 χωρεῖν
784 3406 864 3482 δμόσε
886 3414 940 3473 τοῖς
954 3430 1004 3465 πο-

176 3523 202 3562 νε
228 3504 344 3581 λεμίοις,
360 3501 420 3562 ἀλλ’
442 3504 469 3561 έν
482 3502 522 3579 τῷ
537 3499 635 3578 χάρακι
649 3496 787 3572 ὑπομένων
801 3491 1005 3574 ἀκροόολισμοῑς

229 3595 274 3654 καὶ
289 3593 373 3671 ψιλῶν
395 3589 562 3663 συμπλοκαῖς
579 3585 709 3666 διαρέρειν
729 3583 797 3661 έγνω
817 3583 861 3641 τόν
876 3582 1002 3659 πόλεμον.

228 3681 339 3747 Λεύκιος
349 3678 377 3738 δέ
392 3676 514 3756 Αίμίλιος
524 3680 538 3734 ό
550 3675 677 3756 πεμφθεὶς
693 3671 737 3733 έπλ
751 3672 910 3752 Τυρρηνίας,
922 3673 1005 3751 εύρὼν

228 3766 477 3850 ἐξεστρατευμένους
496 3765 548 3844 πρδ
565 3767 612 3835 τῆς
634 3763 735 3828 πόλεως
752 3760 813 3826 τοὺς
831 3760 1005 3829 Οὐιεντανούς

189 3890 192 3897 ’
228 3860 273 3920 καὶ
287 3857 335 3918 σύν
350 3858 438 3923 αὐτοῖς
447 3853 514 3914 πολύ
526 3852 557 3912 τό
570 3850 644 3931 παρὰ
659 3855 711 3910 τῶν
726 3850 856 3924 ὁμοεθνῶν
869 3852 1004 3930 ἐπικουρι-

175 3971 202 4010 to
228 3948 288 4019 κόν,
309 3945 382 4008 ούδέν
403 3944 440 4004 ἐτι
466 3943 600 4020 μελλήσας
625 3941 700 4023 έργου
726 3939 826 4019 εἴχετο·
851 3940 954 4017 ἡμέραν
977 3938 1004 3998 δέ

229 4036 273 4116 ἀρ’
288 4029 318 4107 ἧς
336 4033 380 4093 τόν
395 4033 503 4114 χάρακα
517 4036 605 4101 ἔθετο,
627 4032 690 4107 μίαν
709 4026 854 4100 διαλιπών,
868 4026 945 4105 ἐξῆγε
959 4026 1006 4095 τάς

229 4124 350 4198 δυνάμεις
364 4125 400 4190 εἰς
417 4121 524 4200 μάχην,
537 4119 653 4199 θρασέως
672 4119 743 4178 πάνυ
763 4119 815 4175 τῶν
838 4118 1005 4177 Οὐιεντανῶν

228 4213 310 4290 ὁμόσε
324 4210 487 4291 χωρούντων.
534 4209 686 4287 Ἰσορρόπου
706 4207 734 4266 δέ
756 4211 802 4264 τοῦ
819 4206 916 4282 ἀγῶνος
932 4227 1005 4281 γινο-

230 4302 328 4380 μένου,
344 4297 403 4367 τούς
419 4300 510 4366 ἱππεῖς
530 4295 671 4357 ἀναλαόδιν
697 4294 788 4355 ἐνσείει
803 4293 855 4359 τοῖς
869 4292 1004 4368 πολεμίοις

176 4419 202 4457 rs
230 4391 299 4452 κατδι
312 4388 342 4449 τὸ
363 4387 444 4456 δείιδν
460 4388 553 4468 κέρας·
568 4385 614 4445 καί
630 4385 719 4458 ἐπειδὴ
732 4389 808 4444 τοῖιτο
821 4383 1003 4458 διεσάλευσεν,

229 4482 273 4540 ἐπὶ
289 4478 396 4556 θάτερον
410 4475 520 4556 ἐχώρει,
538 4475 603 4534 ὅπου
622 4473 669 4551 μέν
688 4471 837 4547 ἱππάσιμον
852 4469 893 4543 εἴη
908 4470 1005 4550 χωρίον

230 4568 283 4629 ἀπὸ
303 4571 355 4627 τῶν
372 4564 461 4625 ίππων
478 4564 641 4644 μαχόμενος·
657 4562 723 4621 ὅπου
742 4561 768 4618 δὲ
784 4560 915 4630 ἄνιππον,
935 4561 1006 4619 ἀπο-

229 4657 397 4718 καταόαίνων
412 4679 442 4714 τε
456 4655 503 4714 καί
512 4654 589 4722 πεζὸς
604 4651 805 4731 ἀγωνιζόμενος.
851 4647 1004 4708 Πονούντων

229 4749 257 4807 δέ
271 4750 322 4805 τῶν
336 4745 454 4825 κεράτων
470 4739 645 4824 ἀμφοτέρων,
668 4739 726 4797 οὐδὲ
748 4740 772 4798 ui
787 4734 856 4795 κατδι
871 4735 950 4813 μέσον
966 4734 1006 4795 ἐτι

176 4864 202 4902 sn
230 4838 363 4915 ἀντεῖχον,
387 4835 446 4892 ἀλλ’
463 4831 628 4902 ἐξεώσθησαν
651 4826 703 4887 bob
726 4829 778 4885 τῶν
806 4827 904 4893 πεζῶν.
951 4824 1005 4884 Καὶ

234 4921 301 4999 μετδι
324 4928 402 4982 τοῦτο
415 4924 511 4988 πάντες
526 4920 619 5001 έρυγον
634 4915 678 4976 ἐπὶ
699 4915 743 4974 τὸν
757 4912 874 4994 χάρακα.
929 4911 964 4974 ‘0
979 4912 1006 4972 δέ

229 5010 353 5084 Αἰμίλιος
366 5010 504 5082 ἠκολούθει
516 5015 569 5075 τοῖς
583 5004 709 5088 ρεύγουσι
722 5001 933 5081 συντεταγμένην
956 4999 1004 5073 τὴν

229 5097 338 5171 δύναμιν
351 5098 437 5178 ἔχων,
453 5099 499 5157 καὶ
513 5094 625 5164 πολλούς
639 5092 776 5174 διέφθειρε.
820 5090 963 5168 Γενόμενος
978 5090 1006 5149 δέ

229 5186 342 5260 πλησίον
361 5191 407 5245 τοῦ
422 5185 540 5268 χάρακος
557 5183 603 5244 καὶ
626 5178 784 5263 προσόαλὼν
809 5183 838 5239 ἐκ
862 5181 1002 5258 διαδοχῆς,

736 349 905 410 diunisii
929 346 1308 409 HALICARNASSENSIS

1053 486 1163 537 mesticis
1173 485 1267 537 viribus
1279 484 1408 537 castelium
1420 484 1484 536 iilud
1494 483 1637 536 exscindere
1648 498 1698 535 uon
1715 487 1831 549 possent,

1053 578 1086 629 ed
1106 591 1192 630 eorum
1214 591 1286 642 opem
1310 575 1491 641 confugerunt,
1506 576 1678 640 cognationem
1699 578 1726 626 et
1746 575 1838 625 amici·

1054 670 1114 721 tiam
1128 671 1179 722 illis
1191 674 1429 731 commemorantes,
1442 672 1467 719 ct
1482 681 1640 735 quascunque
1651 667 1717 720 bella
1727 681 1839 718 commu·

1054 763 1129 814 uibus
1153 763 1270 827 auspiciis
1292 766 1363 827 gesta
1376 766 1460 812 essent
1484 764 1652 820 recensentes,
1673 764 1699 811 et
1723 775 1768 825 pro
1792 759 1836 810 his

1054 854 1171 905 omuibus
1189 855 1362 919 postulantes,
1380 857 1411 903 ut
1432 867 1459 905 se
1478 852 1586 903 inbelle
1605 856 1693 902 contra
1715 852 1836 917 populum

1055 949 1192 997 Romanum
1210 944 1367 1006 adiuvarent,
1379 943 1448 1009 quod
1460 944 1539 1009 ipsarn
1551 944 1687 1003 Etruriam,
1708 946 1838 993 tuerentur

1055 1040 1081 1089 et
1092 1037 1186 1088 beilum
1198 1035 1314 1102 apopulo
1324 1040 1433 1088 Romano
1444 1039 1530 1086 muira
1541 1036 1626 1086 omnia
1638 1035 1692 1086 eius
1700 1035 1782 1099 gentis
1796 1046 1840 1099 po

1054 1129 1128 1196 pulos
1141 1142 1244 1180 manans
1267 1132 1415 1179 everterent.
1460 1128 1559 1179 Etrusci
1578 1142 1654 1189 vero,
1676 1142 1763 1177 eorum
1784 1142 1842 1176 ora-

1056 1223 1124 1273 tione
1137 1221 1259 1282 adducti,
1275 1221 1359 1285 copias
1378 1222 1486 1285 quantas
1502 1220 1621 1283 petebant
1642 1220 1705 1284 ipsis
1726 1218 1842 1270 subsidio

1059 1315 1218 1365 semissuros
1233 1314 1411 1378 promiserunt.
1453 1313 1499 1364 His
1522 1313 1641 1377 cognitis,
1665 1317 1767 1363 senatus
1787 1317 1841 1362 tres

1057 1411 1183 1461 exercitus
1199 1410 1313 1460 emittere
1330 1408 1449 1459 decrerit.
1483 1411 1515 1458 Ei
1538 1408 1616 1472 copiis
1638 1407 1752 1458 celeriter
1765 1420 1842 1456 oons-

1059 1499 1159 1564 criptis,
1170 1502 1200 1551 L.
1217 1499 1331 1550 AEmilius
1350 1501 1374 1550 in
1388 1501 1507 1550 Etruscos
1524 1502 1564 1549 est
1572 1500 1664 1549 missus
1676 1519 1682 1548 :
1700 1500 1797 1549 etcum
1810 1512 1842 1549 co

1059 1592 1185 1655 proiectus
1203 1595 1241 1642 est
1254 1591 1326 1642 cuso
1350 1590 1456 1652 Fabius,
1473 1589 1519 1654 qui
1538 1602 1617 1653 nuper
1638 1602 1665 1639 se
1690 1590 1842 1652 magistratu

1059 1682 1201 1743 abdicarat,
1216 1684 1347 1746 impetrata
1359 1696 1375 1732 a
1388 1684 1476 1733 senatu
1489 1681 1576 1740 venia,
1588 1683 1616 1732 ut
1626 1680 1675 1731 sibi
1687 1681 1773 1733 liceret
1783 1695 1843 1732 esse

1060 1788 1118 1824 cum
1137 1775 1190 1825 suis
1211 1773 1355 1838 gentilibus,
1375 1775 1418 1836 qui
1434 1777 1507 1824 eraut
1522 1775 1653 1835 crerucroe,
1674 1786 1737 1837 quos
1763 1773 1843 1825 irater

1058 1880 1121 1918 suus
1134 1867 1167 1918 ad
1180 1866 1247 1918 illius
1262 1867 1356 1917 castelli
1377 1866 1519 1931 presidium
1538 1865 1682 1927 eduxisset,
1694 1871 1771 1930 atque
1795 1881 1841 1918 eo·

1059 1959 1162 2011 ruudem
1179 1958 1343 2009 certaminum
1357 1958 1483 2008 fortunam
1497 1958 1595 2020 subire,
1620 1961 1695 2022 atque
1717 1972 1775 2008 cum
1787 1960 1844 2010 suis

1059 2051 1226 2117 proconsulari
1237 2054 1359 2116 potestate
1379 2052 1606 2113 omatus,e1stiiit.
1624 2051 1694 2102 Alter
1707 2064 1766 2102 reru
1777 2066 1842 2102 con-

1059 2143 1113 2205 sul,
1127 2145 1155 2196 θ.
1174 2143 1293 2194 servilius
1311 2144 1336 2193 iu
1352 2143 1455 2194 volscos
1468 2143 1542 2195 duxit
1562 2145 1716 2205 exercitum,
1738 2148 1765 2195 et
1783 2145 1841 2195 Ser.

1059 2238 1146 2288 Furius
1168 2235 1299 2301 proconsul
1324 2236 1351 2286 iu
1374 2239 1476 2299 AEquos.
1516 2240 1722 2301 unumquemque
1753 2250 1843 2288 eorum

1059 2330 1116 2380 dure
1135 2329 1240 2394 legiones
1255 2328 1356 2379 urbana
1369 2331 1396 2379 et
1416 2330 1560 2380 Latinorum
1572 2343 1603 2379 ac
1622 2329 1785 2380 Hernicorum
1799 2333 1844 2380 at·

1058 2436 1108 2487 que
1117 2422 1221 2473 aliorum
1238 2421 1361 2472 sociorum
1376 2422 1457 2485 copisa
1469 2422 1586 2473 Romanis
1600 2436 1649 2472 non
1673 2423 1781 2473 rniuores
1798 2435 1843 2475 se-

1059 2514 1213 2580 quebantur.
1248 2513 1351 2564 servius
1364 2517 1447 2563 autem
1463 2512 1596 2578 proconsul
1610 2513 1702 2564 beilum
1721 2514 1844 2565 exanimi

1060 2608 1182 2661 sententia
1192 2620 1222 2657 ac
1234 2607 1347 2658 celeriter
1360 2606 1475 2657 coniecit.
1495 2609 1550 2657 Uno
1560 2607 1625 2657 enim
1639 2608 1727 2672 pretio
1745 2612 1842 2672 AEqnos

1061 2701 1126 2752 iudit
1148 2699 1305 2765 ingeritque,
1330 2699 1406 2762 idque
1428 2699 1481 2750 sine
1508 2698 1560 2749 ullo
1586 2701 1698 2763 negotiu,
1725 2701 1842 2752 nostibus

1060 2792 1139 2856 primu
1151 2790 1259 2841 adventu
1269 2789 1415 2854 perterritis.
1450 2787 1560 2849 Deinde,
1573 2802 1653 2853 quum
1663 2789 1698 2839 illi
1711 2790 1735 2840 in
1755 2790 1841 2841 muni-

1060 2883 1140 2934 tiones
1156 2896 1215 2933 suas
1233 2880 1418 2944 confugissent,
1436 2894 1523 2931 eorum
1546 2896 1637 2946 sgrurn
1658 2882 1773 2933 vestarii.
1807 2887 1843 2933 nt

1060 2977 1179 3038 Servilio,
1199 2975 1272 3027 atteri
1297 2975 1405 3037 consuli,
1428 2989 1583 3041 prepropere
1607 2990 1637 3027 ac
1662 2980 1756 3028 temere
1783 2990 1843 3028 cum

1059 3069 1173 3121 hostibus
1197 3082 1340 3132 congresso,
1361 3082 1402 3120 res
1423 3068 1496 3119 valde
1520 3074 1612 3133 praeter
1630 3070 1841 3133 exspectationem

1060 3165 1195 3226 successit,
1210 3166 1270 3230 quia
1280 3163 1365 3214 Volsci
1377 3162 1449 3214 ratde
1463 3165 1564 3215 strenue
1580 3164 1603 3214 ei
1618 3164 1780 3222 restiterunt,
1791 3177 1844 3229 quo

1061 3259 1126 3309 iacto
1139 3261 1211 3307 actus
1222 3259 1261 3307 est
1272 3255 1358 3307 multis
1373 3258 1398 3307 et
1419 3255 1524 3307 sortibus
1540 3257 1638 3308 amissis
1656 3270 1714 3307 cum
1728 3256 1843 3307 hostibus

1060 3350 1166 3415 amplius
1186 3362 1235 3400 nou
1258 3349 1385 3413 congredi,
1402 3347 1447 3400 sed
1465 3348 1490 3399 in
1508 3349 1597 3400 eastris
1618 3363 1646 3401 se
1660 3351 1800 3411 continere,
1816 3354 1844 3403 et

1060 3442 1241 3494 velitationibus
1257 3455 1285 3492 uc
1300 3441 1398 3493 levibus
1420 3441 1608 3492 ferentariurum
1634 3444 1729 3508 proeliis
1748 3443 1843 3495 bellum

1060 3536 1160 3587 trahere
1176 3535 1271 3585 statuit.
1285 3537 1289 3544 '
1306 3537 1341 3585 Ac
1350 3536 1377 3584 L.
1390 3533 1504 3585 AEmilius
1516 3537 1603 3585 contra
1616 3536 1736 3585 Etruscos
1749 3536 1842 3585 missus

1060 3626 1196 3677 exercitum
1212 3625 1352 3675 Veientium
1366 3629 1423 3675 aute
1438 3623 1515 3687 ipsam
1535 3624 1621 3674 urbem
1634 3628 1731 3682 nactus,
1744 3628 1770 3676 et
1785 3639 1845 3676 cum

1062 3716 1122 3782 ipsis
1137 3716 1228 3767 multas
1243 3714 1375 3765 auxiliares
1395 3713 1479 3778 copias
1491 3714 1524 3764 ob
1536 3714 1648 3765 eiusdem
1662 3716 1743 3778 gentis
1761 3730 1844 3780 popu·

1061 3808 1092 3859 iis
1107 3810 1211 3867 missus,
1224 3806 1284 3857 nibil
1298 3805 1403 3870 amplius
1417 3809 1549 3857 cunctatus
1569 3820 1622 3857 rem
1636 3810 1675 3857 est
1691 3821 1822 3873 aggressus
1836 3824 1844 3855 ε

1063 3902 1184 3964 uniusque
1207 3898 1257 3949 diei
1273 3899 1368 3962 spatio,
1382 3911 1414 3948 ex
1438 3911 1489 3961 quo
1509 3902 1591 3949 castra
1612 3904 1720 3950 motetus
1745 3901 1844 3965 iuerat,

1061 3991 1218 4052 intermisso,
1232 3991 1315 4055 cupias
1331 3991 1356 4040 iu
1380 3989 1492 4054 proelium
1515 3990 1616 4054 eduxit,
1634 3991 1783 4044 Veientibus
1796 4009 1844 4045 au·

1061 4085 1192 4136 ducissime
1215 4097 1303 4134 munus
1324 4083 1517 4134 conserentibus.
1552 4086 1636 4141 Quum
1663 4089 1749 4135 eutem
1771 4099 1846 4151 equo

1061 4182 1141 4229 marte
1156 4180 1302 4235 certaretur,
1318 4174 1457 4239 equitatum
1469 4174 1494 4225 iu
1508 4174 1625 4227 dextrum
1638 4190 1715 4227 cornu
1732 4178 1844 4231 immisit.

1061 4273 1117 4329 Quo
1129 4267 1273 4334 perturbsto
1292 4267 1318 4318 in
1339 4266 1444 4317 alterum
1456 4266 1595 4327 contendit,
1614 4272 1640 4319 et
1653 4281 1685 4319 ex
1700 4283 1764 4333 equo
1779 4283 1846 4334 pug-

1062 4361 1149 4422 nabat,
1162 4360 1205 4411 ubi
1215 4360 1263 4411 loci
1283 4362 1374 4409 natura
1387 4358 1489 4422 terebat,
1505 4358 1548 4409 ubi
1558 4373 1618 4409 uero
1631 4359 1658 4411 id
1669 4375 1721 4433 non
1733 4361 1845 4426 patieba-

1061 4456 1103 4504 tur
1128 4453 1246 4505 desiliens
1271 4465 1336 4519 equo
1363 4465 1470 4517 pugnum
1498 4451 1639 4517 pedestrem
1663 4453 1842 4507 committebat.

1060 4545 1199 4596 Laborante
1221 4548 1305 4595 eutem
1334 4548 1442 4608 utroque
1463 4557 1554 4604 cornu,
1578 4557 1609 4594 ne
1635 4545 1717 4595 media
1741 4543 1845 4608 quidem

1060 4638 1128 4689 acics
1140 4636 1245 4702 emptius
1259 4637 1325 4688 inosti
1337 4636 1418 4700 potuit
1435 4636 1563 4696 resistere,
1576 4637 1649 4687 seda
1663 4637 1775 4701 peditatu
1788 4636 1846 4687 ioco

1060 4729 1190 4795 pulsuest·
1222 4732 1424 4778 Acmoxomues
1438 4726 1559 4777 incastra
1571 4727 1697 4790 digerunt.
1731 4726 1846 4778 AEmilius

1061 4835 1120 4873 vero
1140 4820 1266 4885 iugientes
1282 4802 1459 4885 insequebatur
1478 4819 1601 4870 instructa
1616 4821 1685 4882 acie;
1702 4821 1845 4884 multosque

1061 4912 1191 4963 interiecit.
1209 4914 1294 4970 Quum
1305 4914 1389 4961 eutem
1401 4909 1434 4959 ad
1448 4912 1531 4960 castra
1546 4911 1709 4973 accessisset,
1730 4910 1845 4961 instituta

1061 5013 1148 5050 eorum
1165 5012 1209 5063 per
1233 4999 1300 5050 sices
1316 4997 1512 5063 oppugnatione,
1536 5001 1615 5048 toturn
1637 4998 1708 5049 illum
1728 4999 1795 5050 dem
1818 5003 1845 5049 et

1061 5094 1159 5143 noctem
1171 5094 1315 5155 sequentem
1326 5090 1361 5141 ibi
1375 5090 1473 5141 mansit.
1510 5092 1610 5140 Postero
1621 5089 1662 5142 die
1677 5091 1794 5142 bostibus
1804 5090 1845 5141 ta-

1060 5182 1153 5235 boreet
1164 5182 1308 5234 vulneribus
1320 5186 1394 5247 atque
1404 5180 1496 5246 vigiliis
1511 5181 1653 5247 defatigatis
1667 5183 1758 5234 castris
1776 5183 1844 5248 poti·
