4088 5936
240 407 302 466 aab

243 541 395 598 ἀπελθοῦσα
418 539 498 597 πάλιν
513 538 560 603 τάς
581 537 704 613 ἡμισείας
725 540 777 595 τῶν
806 537 1021 613 ἀπολειπομένων

133 626 137 635 ’
243 627 390 686 κατέκαυσε
405 624 450 682 καί
460 624 613 690 τάςλοιπάς
627 633 696 705 τρεῖς
711 625 841 700 ἐνέγκασα
852 624 883 684 τδ
897 624 954 686 ίσον
964 626 1021 706 ᾔτει

243 716 361 797 χρυσίον.
406 713 559 789 θαυμάσας
582 711 614 783 δὴ
637 712 668 770 τδ
697 713 820 791 βούλημα
840 717 887 786 τῆς
900 716 1023 793 γυναικὸς

243 803 425 885 δΤαρκύννος
446 802 505 870 τοὺς
531 801 719 870 οἰωνοσκόπους
747 792 950 886 μετεπέμψατο,
976 806 1021 864 καί

199 915 213 953 s
244 892 438 970 διηγησάμενος
462 893 550 959 αὐτοῖς
565 891 601 949 ’τδ
628 880 759 969 πρᾶγμα,
779 892 805 950 τί
819 891 883 973 χρὴ·
896 884 1022 973 πράττειν

241 981 332 1059 ἤρετο.
378 983 502 1041 Κάκεῖνοι
524 980 567 1039 διδ
583 979 806 1057 σημείωντινῶν
833 981 958 1059 μαθόντες
981 982 1022 1041 ότι

243 1071 406 1148 θεόπεμπτον
433 1066 531 1143 ἀγαθδν
553 1069 728 1148 ἀπεστράφη,
747 1069 792 1127 καί
816 1071 936 1148 μεγάλην
953 1093 1022 1147 συμ-

243 1160 324 1240 φοράν
345 1155 533 1238 ἀποφαίνοντες
550 1156 580 1214 τδ
596 1155 634 1232 μὴ
650 1157 738 1224 πάσας
754 1156 832 1216 αὐτὸν
849 1158 896 1225 τάς
912 1157 1022 1236 βίόλους

242 1248 384 1327 πρίασθαι,
420 1244 561 1303 ἐκέλευσαν
585 1246 772 1325 ἀπαριθμῆσαι
799 1250 832 1326 τῇ
856 1246 962 1325 γυναικὶ
976 1245 1022 1319 ,εδ

189 1375 214 1411 ,0
241 1335 348 1417 χρυσίον
367 1334 426 1393 ὅσον
441 1334 500 1415 ᾔτει
526 1334 572 1390 καὶ
590 1332 650 1400 τοῦς
665 1333 802 1412 περιόντας
825 1337 876 1393 τῶν
890 1338 1021 1413 χρησμῶν

241 1423 344 1483 λαθεῖν.
388 1422 423 1484 Ἦ
440 1421 487 1500 μὲν
515 1411 560 1479 οῦν
575 1421 639 1501 γυνὴ
663 1421 710 1487 τάς
738 1421 851 1500 βύόλους
872 1424 953 1483 δοῦσα
975 1423 1021 1483 καλ

241 1512 366 1595 φράσασα
390 1518 479 1591 τηρεῖν
503 1512 634 1585 ἐπιμελῶς
659 1509 686 1578 ἐξ
708 1510 853 1591 ἀνθρώπων
873 1513 1019 1587 ἠφανίσθη·

240 1598 387 1679 Ταρκύνιος
402 1599 429 1657 δέ
445 1601 498 1658 τῶν
522 1600 610 1659 ἀστῶν
625 1599 721 1678 ἄνδρας
737 1601 870 1682 ἐπιφανεῖς
891 1604 935 1663 δύο
949 1626 1020 1684 προ-

240 1688 434 1768 χειρισάμενος,
459 1686 505 1746 καί
530 1686 672 1762 δημοσίους
689 1691 777 1755 αὐτοῖς
800 1691 961 1769 θεράποντας
975 1691 1021 1752 δύο

188 1803 212 1841 15
241 1776 421 1856 παραζεύξας,
440 1776 547 1844 ἐκείνοις
563 1776 686 1837 ἀπέδωκε
698 1776 747 1850 τὴν
766 1781 819 1837 τῶν
841 1778 952 1858 βιόλίων
969 1804 1021 1864 φυ-

240 1866 336 1939 λακήν.
381 1855 435 1924 Ὧν
449 1865 493 1924 τδν
511 1865 599 1947 έτερον
614 1865 725 1946 Μάρκον
741 1868 854 1927 Ἀτίλιον
873 1871 971 1928 ἀδικεῖν
993 1894 1021 1929 τι

240 1956 349 2025 δοἙαντα
364 1955 427 2035 περὶ
439 1955 488 2026 τὴν
502 1956 608 2030 πίστιν,
621 1956 667 2015 καί
680 1957 820 2036 μηνυθένθ’
834 1957 878 2037 ὑφ’
889 1958 945 2027 ίνδς
967 1962 1019 2018 τῶν

241 2046 375 2122 δημοσίων
391 2048 426 2112 ὡς
443 2044 635 2126 πατροκτόνον,
651 2048 688 2112 είς
708 2045 789 2105 ἀσκδν
804 2047 920 2127 ἐνράψας
935 2047 1019 2126 βόειον

241 2138 345 2217 ἔρριψεν
368 2138 403 2201 τίς
417 2134 448 2194 τδ
469 2137 594 2214 πέλαγος.
639 2133 717 2196 Mardi
731 2135 759 2195 δὲ
774 2133 822 2206 τὴν
836 2134 949 2207 έκόολὴν
967 2141 1020 2197 τῶν

187 2246 215 2284 νο
243 2225 425 2307 βασιλέων,ἠ
447 2224 524 2290 πόλις
552 2223 723 2285 ἀναλαόοῦσα
747 2223 867 2297 τὴντῶν
890 2228 1020 2307 χρησμῶν

241 2312 423 2395 προστασίαν,
448 2312 544 2392 ἄνδρας
570 2335 600 2372 τε
625 2312 685 2379 τοῦς
707 2312 930 2387 ἐπιφανεστάτους
954 2318 1020 2373 ἀπο-

240 2404 370 2464 δείκνυσιν
390 2405 479 2461 αὐτῶν
493 2401 626 2482 φύλακας,
640 2400 667 2462 οἳ
677 2400 720 2460 διὰ
736 2401 795 2479 βίου
808 2403 908 2475 ταύτην
929 2403 1020 2483 έχουσι

238 2491 287 2564 τὴν
297 2492 462 2568 ἐπιμέλειαν,
478 2493 623 2569 στρατειῶν
647 2490 784 2571 ἀφειμένοι
798 2492 845 2550 καί
859 2496 911 2551 τῶν
931 2492 1020 2552 ἀλλων

238 2584 291 2642 τῶν
306 2580 377 2641 κατά
391 2581 467 2641 πόλιν
486 2584 694 2658 πραγματειῶν,
709 2581 756 2640 καί
769 2578 910 2656 δημοσίους
932 2582 1020 2649 αὐτοῖς

183 2693 211 2732 αα
237 2673 481 2753 παρακαθίστησιν,
507 2661 544 2728 ῶν
566 2670 649 2750 χωρίς
662 2671 709 2730 οῦκ
725 2669 859 2749 ίπιτρίπει
873 2668 921 2738 τάς
943 2673 1019 2730 ε’πισ-

237 2760 325 2843 κέψεις
341 2765 393 2820 τῶν
413 2762 543 2841 χρησμῶν
557 2768 610 2826 τοῖς
629 2759 740 2839 ἀνδράσι
754 2762 898 2821 ποιεῖσθαι.
942 2762 1020 2821 Συνε·

236 2851 309 2909 λόντι
330 2852 354 2908 δ’
371 2854 471 2920 εἰπεῖν,
495 2848 568 2909 οὐδὲν
590 2846 660 2908 οὕτω
683 2847 816 2923 Ῥωμαῖοι
842 2847 1018 2930 φυλάττουσιν

236 2936 290 2997 οὗθ’
322 2936 393 2996 όσιον
425 2940 515 3013 κτῆμα
550 2934 604 2996 οὔθ’
636 2935 721 3017 ἱερὸν,
746 2938 782 3004 όις
808 2936 843 2995 τὰ
873 2934 1018 2996 Σιδόλλεια

237 3025 367 3105 θέσφατα.
411 3025 536 3101 Χρῶνται
559 3025 583 3082 δ’
603 3025 700 3098 αὐτοῖς,
716 3024 779 3084 ὅταν
797 3029 815 3096 ἡ
831 3025 914 3104 βουλὴ
936 3026 1017 3106 ψηφί·

182 3125 209 3170 do
236 3136 335 3186 σηται,
351 3111 469 3178 στάσεως
482 3112 686 3186 καταλαόαθσης
700 3113 750 3185 cdv
772 3114 860 3188 πόλιν,
877 3112 895 3183 ἢ
922 3114 1018 3173 δυστυ·

235 3204 296 3280 χίας
320 3200 388 3266 τινὸς
411 3201 528 3280 μεγάλης
551 3201 737 3279 συμπεσούσης
761 3201 832 3260 κατά
856 3199 1017 3279 πόλιμον,ἣ

235 3290 351 3367 τεράτων
365 3292 443 3346 τινῶν
455 3289 499 3346 καί
513 3288 711 3366 φαντασμάτων
727 3288 850 3367 μεγάλων
865 3288 911 3347 καί
925 3290 1016 3349 δυσευ-

237 3380 318 3456 ρέτων
333 3379 420 3444 αὐτοῖς
433 3377 582 3458 φανέντων,
600 3369 643 3436 οἶα
658 3378 786 3444 πολλάκις
799 3377 909 3448 συνέόη.
955 3370 1015 3438 05-

236 3492 275 3526 τοι
290 3467 421 3543 διέμειναν
440 3469 465 3526 ot
483 3468 601 3546 χρησμοὶ
623 3468 703 3548 μέχρι
726 3472 771 3527 τοῦ
789 3469 932 3545 Μαρσικοῦ
949 3471 1016 3541 κλη-

182 3589 208 3628 ης
236 3556 320 3623 θέντος
343 3556 461 3632 πολέμου
476 3556 591 3633 κείμενοι
612 3558 684 3615 κατὰ
702 3561 765 3632 γῆς,
783 3556 810 3614 έν
825 3558 865 3633 τῷ
893 3559 949 3635 ναῷ
971 3563 1017 3617 τοῦ

237 3645 420 3705 Καπιτωλίνου
430 3645 491 3711 Διὸς
503 3647 529 3704 έν
543 3646 628 3725 λιθίνῃ
642 3646 770 3723 λάρνακι,
780 3646 825 3702 ὑπ’
837 3646 942 3723 ἀνδρῶν
953 3645 1016 3705 δέκα

235 3734 437 3816 φυλαττόμενοι.
481 3732 560 3794 Μετδι
582 3735 611 3795 δέ
625 3734 673 3806 τὴν
688 3733 780 3816 τρίτην
796 3733 840 3793 sel
860 3734 918 3801 ταῖς
939 3734 986 3793 ἑόδ
1002 3769 1017 3783 -

236 3823 355 3898 μήκοντα
382 3824 428 3881 καὶ
453 3823 545 3883 έκατδν
569 3824 730 3900 ὀλυμπιάσιν
758 3821 954 3903 ἐμπρησθέντος
972 3829 1017 3884 τοῦ

235 3919 315 3983 ναοῦ,
338 3913 386 3971 εἶτ’
402 3912 428 3980 i}
450 3911 609 3986 ἐπεόουλῆς,
634 3914 670 3978 ὡς
696 3909 796 3968 οἴονταί
817 3932 900 3980 τινες,
920 3908 968 3970 εἴτ’
988 3913 1019 3970 έκ

182 4030 209 4068 ,0
236 4001 419 4076 ταύτομάτου,
435 4001 482 4059 σὺν
496 4010 549 4068 τοῖς
566 4001 655 4067 σίλλοις
667 3999 821 4075 ἀναθήμασι
836 4003 883 4056 τοῦ
899 4003 959 4057 θεοῦ
972 4000 1018 4056 καί

236 4078 307 4146 οῦτοι
327 4090 502 4168 διεφθάρησαν
517 4090 569 4150 ῦπδ
587 4094 633 4149 τοῦ
645 4088 737 4167 πυρός.
783 4088 819 4148 Οἱ
837 4087 865 4145 δὲ
889 4090 934 4145 νῦν
947 4086 1019 4154 όντες

236 4177 266 4233 ἐκ
281 4175 387 4234 πολλῶν
400 4179 452 4235 είσι
469 4179 631 4258 συμφορητοὶ
644 4177 748 4242 τόπων,
765 4177 789 4235 οί
804 4174 854 4253 μίν
869 4178 967 4235 ἐκτῶν
992 4177 1019 4234 έν

236 4264 339 4345 Ἰταλίᾳ
360 4263 461 4323 πολεων
476 4268 659 4342 κομισθέντες,
676 4267 700 4326 ot
722 4264 747 4323 δ’
764 4263 791 4333 ἐξ
806 4263 943 4345 Ἐρυθρῶν
964 4267 1018 4323 τῶν

237 4355 263 4414 ἐν
277 4351 367 4433 Ἀσία,
388 4352 460 4411 κατά
480 4353 566 4431 δόγμα
594 4356 690 4434 βουλῆς
713 4355 792 4433 τριῶν
816 4351 1019 4411 ἀποσταλέντων

181 4456 209 4496 sa
236 4439 406 4519 πρεσόευτῶν
420 4440 464 4498 ἀπὶ
481 4442 529 4514 τὴν
545 4441 724 4523 ἀντιγραφὴν,
744 4445 769 4502 οἱ
784 4439 808 4499 δ’
827 4441 854 4508 ti
869 4440 956 4500 άλλων
971 4441 1020 4501 πό-

236 4533 302 4590 λεων
332 4530 378 4590 καλ
401 4528 466 4610 παρ’
491 4532 593 4610 ἀνδρῶν
617 4534 727 4590 ἰδιωτῶν
742 4531 968 4609 μεταγραφέντες·
992 4532 1018 4588 έν

236 4610 273 4688 οίς
286 4620 450 4701 εθρίσκονταί
464 4643 532 4687 τινες
546 4620 755 4696 ἐμπεποιημένοι
769 4622 823 4685 τοῖς
842 4617 1017 4687 Σιῦυλλείοις,

235 4709 388 4792 έλέγχονται
403 4710 430 4770 δὲ
442 4714 501 4777 ταῖς
516 4708 694 4786 καλουμέναις
712 4707 894 4790 ἀκροστιχίσι·
906 4706 976 4785 λέγω
990 4706 1018 4764 δὲ

236 4799 253 4858 ἀ
277 4800 416 4880 Τερέντιος
445 4798 575 4882 Οὐάρρων
599 4797 747 4878 ἱστόρηκεν,
768 4799 795 4855 ἐν
823 4799 856 4875 τῇ
881 4796 1018 4873 θεολογικῇ

181 4903 208 4941 w
235 4890 418 4970 πραγματεία.

276 4977 380 5040 txlll.
404 4981 499 5040 Ταῦτα
513 4977 723 5060 διαπραξάμενος
737 4980 751 5035 δ
770 4973 918 5055 Ταρκύνιος
938 4976 965 5033 δν
981 4976 1018 5061 εἰῇ

237 5065 303 5146 ρήνη
318 5089 347 5124 τε
366 5067 413 5126 καί
428 5065 498 5128 κατά
518 5067 667 5145 πολέμους,
684 5066 730 5125 καί
751 5065 796 5125 δύο
809 5064 899 5131 πόλεις
917 5063 1019 5123 ἀποικί-

234 5177 293 5222 σας,
306 5152 354 5226 τιλν
367 5153 415 5230 μίν
424 5153 591 5231 καλουμένην
602 5153 723 5232 Σιγνίαν,
738 5155 768 5210 οδ
780 5149 851 5212 κατά
864 5151 1017 5231 προαίρεσιν

234 5242 295 5301 ἀλλ’
310 5245 340 5303 ίκ
362 5245 407 5301 τοῦ
427 5242 593 5320 αῦτομάτου,
613 5239 801 5321 χειμασάντων
822 5240 851 5307 έν
873 5242 912 5319 τῷ
925 5238 1017 5319 χωρίῳ

735 404 737 407 ’
764 406 933 465 ΒΙΟΧΥὸίΙ
956 402 1332 465 HAtchlthssssNsls

1076 504 1186 598 uncos
1199 533 1326 586 arsuram
1339 534 1490 600 reliquorum
1504 534 1622 587 labrorum
1637 538 1734 603 putem
1745 541 1856 605 exunt,

1076 642 1102 689 el
1114 638 1194 689 allatis
1208 637 1310 702 reliquis
1327 637 1408 689 tribus
1421 638 1524 689 candem
1538 639 1652 704 pecarrdoe
1670 653 1793 692 summam
1813 655 1857 708 pe·

1077 741 1124 793 tiit.
1158 740 1319 806 Tarquinius,
1339 741 1449 792 mulieris
1467 740 1595 792 consilium
1610 740 1731 804 miratus,
1750 736 1860 808 augnres

1076 842 1205 895 accersivit
1218 846 1261 904 et,
1281 855 1309 894 re
1326 842 1375 895 iilis
1395 843 1523 908 exposite,
1542 844 1604 910 quid
1627 845 1766 900 iaciendum
1783 864 1858 915 quar-

1076 948 1141 1001 slrit.
1175 948 1212 1027 illi
1230 963 1304 1012 vero,
1319 964 1377 1002 cnm
1394 964 1427 1003 ex
1437 950 1585 1016 quibusdum
1597 951 1672 1015 simis
1685 952 1858 1017 cognovissent

1075 1049 1233 1101 camdenum
1247 1050 1366 1103 divinitus
1382 1053 1485 1105 missum
1501 1055 1678 1121 adspernatum
1692 1054 1784 1116 tuisse,
1800 1069 1856 1107 nae·

1075 1167 1197 1219 gnsmqne
1209 1154 1331 1206 ίιιοιιιιειιι
1355 1156 1446 1207 iactam
1464 1156 1598 1218 dixissent,
1609 1156 1681 1222 quod
1702 1171 1752 1208 non
1771 1171 1859 1210 οιαιιοε

1075 1255 1151 1307 libros
1166 1256 1281 1318 emisset,
1298 1258 1422 1334 iusserunt
1432 1272 1487 1310 eam
1502 1258 1613 1324 φοσιιιιίιο
1627 1271 1751 1310 summsm
1759 1260 1859 1312 mulieri
1874 1293 1879 1301 -

1075 1362 1208 1423 numerari,
1222 1376 1297 1427 quam
1307 1361 1422 1427 petebat,
1432 1367 1457 1412 ci
1472 1361 1572 1412 oracula
1584 1374 1642 1427 ques
1654 1366 1802 1427 supererant
1814 1375 1857 1415 re·

1075 1464 1145 1515 dimi.
1177 1464 1275 1528 lluiicr,
1288 1468 1373 1516 aulem
1388 1477 1447 1515 eum
1460 1463 1535 1515 libros
1546 1463 1690 1515 indidisset
1707 1466 1786 1529 utque
1798 1465 1859 1518 ditid

1075 1572 1161 1633 genter
1177 1569 1363 1620 asservarentur
1385 1567 1537 1628 monuisset,
1547 1580 1673 1631 nunquam
1689 1571 1776 1632 postea
1793 1568 1858 1620 inter

1076 1670 1187 1722 homines
1216 1669 1360 1736 comparuit.
1392 1668 1538 1734 Tarquinius
1568 1683 1627 1720 vero
1651 1669 1797 1722 duumviros
1825 1684 1857 1722 cx

1075 1775 1191 1826 nobilium
1200 1787 1303 1826 nurnero
1317 1774 1412 1825 crearit
1420 1772 1519 1836 eisque,
1531 1770 1631 1822 duobus
1644 1771 1750 1837 publicis
1769 1773 1857 1824 minis·

1076 1873 1121 1924 tris
1134 1873 1235 1932 additis,
1252 1873 1371 1924 librorum
1389 1869 1526 1922 custodiam
1540 1868 1683 1928 mandarit;
1701 1871 1856 1934 quorumal·

1075 1975 1171 2031 terurn,
1182 1972 1215 2021 ll.
1230 1970 1340 2030 Abdum,
1352 1969 1419 2033 qnod
1438 1968 1512 2020 ladem
1526 1981 1574 2018 noo
1587 1980 1700 2018 servasse
1719 1967 1856 2029 rideretur,

1076 2077 1102 2125 et
1112 2072 1144 2124 ab
1154 2074 1232 2124 altero
1246 2072 1344 2138 publico
1354 2072 1466 2124 ministro
1482 2074 1614 2123 accusatus
1631 2070 1720 2123 inisset
1733 2073 1763 2121 nt
1774 2072 1856 2136 parri-

1076 2177 1169 2238 cidam,
1183 2177 1208 2227 in
1222 2175 1330 2226 culleum
1344 2175 1463 2236 insutum,
1478 2174 1503 2224 in
1515 2187 1584 2224 mere
1598 2172 1708 2237 proiecit.
1740 2173 1788 2223 sed
1799 2178 1860 2238 post

1075 2292 1147 2342 reges
1166 2281 1281 2339 exactos,
1306 2276 1445 2341 respublica
1462 2275 1619 2327 oraculorum
1647 2274 1784 2340 patrocinio
1801 2289 1859 2326 sus·
1916 2250 1921 2257 ¹

1076 2385 1159 2446 oepto,
1174 2380 1333 2431 nobilissimis
1347 2378 1408 2430 viris
1421 2392 1509 2430 eorum
1521 2379 1661 2430 custodium
1672 2377 1833 2430 consmiiebat
1848 2401 1858 2430 ·.

1075 2478 1118 2543 qui
1139 2491 1183 2543 per
1201 2480 1281 2527 totum
1295 2477 1355 2527 vitae
1368 2479 1468 2541 tenipus
1489 2475 1537 2526 hoc
1550 2489 1653 2527 munere
1672 2476 1817 2541 iunguntur,
1842 2491 1858 2526 a

1075 2583 1202 2635 militiast
1223 2579 1325 2647 reliquis
1342 2580 1444 2630 urbanis
1466 2578 1559 2629 muniis
1570 2577 1656 2639 liberi,
1681 2582 1758 2643 alque
1772 2591 1858 2629 servos

1076 2684 1185 2748 publicos
1203 2682 1251 2734 iliis
1263 2681 1382 2748 adponit,
1404 2681 1457 2732 sine
1470 2679 1562 2746 quibus
1583 2693 1631 2730 non
1651 2679 1745 2744 putitiu
1770 2693 1859 2745 quem·

1075 2797 1151 2846 quam
1164 2781 1266 2833 oracula
1286 2780 1417 2846 inspicere.
1450 2782 1496 2842 Et,
1507 2783 1537 2830 ut
1550 2792 1601 2830 rem
1617 2779 1701 2843 paucis
1711 2778 1854 2843 expediam,

1075 2881 1179 2932 Romani
1189 2879 1282 2932 nullam
1293 2893 1345 2931 rem
1354 2880 1465 2929 sanctam
1477 2880 1520 2928 ant
1531 2889 1627 2928 sacram
1641 2889 1714 2939 saque
1727 2875 1858 2942 diligenter

1075 2987 1151 3049 atquc
1170 2984 1288 3047 sibyllina
1303 2983 1404 3034 oracula
1424 2980 1579 3032 custodiunt.
1612 2982 1648 3030 Ea
1666 2982 1752 3030 autem
1765 2993 1857 3041 opusn-

1074 3071 1128 3121 lunt
1139 3072 1236 3135 quotics
1247 3074 1349 3121 senaim
1359 3069 1385 3119 id
1398 3067 1517 3129 decernit,
1528 3069 1572 3118 aut
1580 3066 1606 3117 in
1618 3066 1741 3131 republica
1752 3069 1808 3116 orta
1820 3079 1858 3116 se·

1073 3169 1179 3230 ditione,
1192 3173 1237 3219 aut
1248 3169 1273 3219 in
1282 3168 1347 3219 bello
1358 3167 1426 3232 gravi
1436 3167 1517 3231 alique
1526 3169 1553 3216 et
1562 3164 1650 3229 insigni
1663 3163 1732 3214 clade
1744 3167 1855 3229 accepts,

1073 3282 1117 3330 aut
1128 3292 1186 3328 eum
1196 3278 1278 3341 aliqua
1286 3275 1396 3341 prodigia
1406 3277 1450 3326 aut
1458 3276 1556 3339 specim
1569 3269 1650 3337 (quod
1660 3282 1727 3334 saepe
1737 3268 1855 3333 contigit)

1073 3378 1207 3441 apparent,
1221 3388 1277 3439 quae
1291 3386 1408 3437 magnum
1418 3368 1520 3435 aliquod
1533 3371 1559 3420 et
1572 3366 1672 3432 cognitu
1686 3364 1790 3416 difficile
1798 3379 1855 3416 rnn-

1074 3472 1126 3525 lum
1140 3471 1299 3538 portendunt.
1333 3469 1366 3520 ili
1377 3467 1536 3519 oraculorum
1547 3464 1604 3516 libri
1618 3477 1699 3527 nsque
1717 3462 1750 3514 sd
1763 3462 1857 3515 bedain

1074 3573 1206 3626 Marsicum
1216 3573 1404 3639 permanserunt
1417 3569 1567 3629 incolumes,
1592 3567 1639 3617 sub
1658 3570 1724 3618 terra
1744 3565 1854 3627 conditi,

1073 3680 1098 3731 in
1110 3678 1202 3743 templo
1214 3677 1279 3728 lovis
1291 3673 1437 3740 capitolini,
1452 3674 1476 3724 in
1487 3685 1544 3723 orca
1555 3669 1663 3736 lapidee,
1678 3681 1693 3719 a
1706 3667 1855 3719 decemviris

1072 3782 1200 3832 asservati.
1234 3782 1295 3831 Post
1305 3782 1416 3829 exactem
1427 3789 1485 3827 sero
1499 3774 1597 3824 tertiam
1611 3784 1687 3836 supra
1698 3784 1761 3822 enxx
1772 3770 1856 3834 olym·

1053 3880 1056 3885 ’
1073 3881 1170 3946 piadem
1187 3877 1278 3942 templo
1293 3877 1407 3933 incenso,
1421 3874 1474 3926 sire
1487 3887 1532 3938 per
1543 3870 1645 3922 insidias
1662 3869 1809 3933 aliquorum,
1826 3870 1856 3920 ut

1072 3982 1181 4033 nonnulli
1193 3981 1354 4043 arbitrantur,
1369 3979 1422 4030 sire
1435 3991 1511 4037 caru,
1523 3975 1549 4025 bi
1566 3988 1665 4039 quoque
1680 3986 1737 4024 curn
1750 3970 1856 4035 reliquis

1072 4083 1112 4136 dei
1131 4082 1240 4135 donariis
1255 4081 1310 4146 igne
1331 4076 1455 4141 absumpti
1477 4076 1544 4123 suni.
1577 4069 1684 4122 oracula
1701 4083 1776 4131 rem,
1796 4081 1854 4132 quse

1065 4199 1139 4238 nunc
1153 4187 1266 4246 exstant,
1281 4197 1312 4233 ex
1328 4180 1404 4231 variis
1415 4177 1477 4229 locis
1490 4176 1548 4226 sunt
1566 4174 1720 4237 comportata
1734 4189 1740 4201 ·
1762 4169 1809 4221 alia
1822 4181 1854 4218 ex

1073 4284 1165 4335 italicis
1176 4282 1289 4341 urbibus,
1302 4279 1350 4330 aba
1362 4291 1394 4329 ex
1415 4275 1528 4340 Erythris
1548 4269 1675 4330 Asianeis,
1688 4283 1721 4321 ex
1737 4269 1853 4320 senatus-

1073 4382 1186 4434 consulto
1195 4380 1276 4431 missis
1282 4377 1378 4443 legetis,
1389 4375 1433 4439 qui
1440 4384 1526 4425 eorum
1538 4366 1854 4433 exempinrdescriberent3

1071 4487 1119 4537 atie
1135 4498 1166 4536 ea
1189 4482 1243 4534 aliis
1263 4478 1382 4538 urbibus,
1403 4480 1430 4528 et
1451 4471 1583 4539 apriratis
1610 4466 1752 4519 homiuibus
1768 4469 1855 4517 trans·

1072 4582 1165 4645 cripta,
1179 4575 1305 4641 inquibus
1317 4572 1433 4638 quiedam
1445 4569 1507 4621 ielso
1516 4565 1666 4618 carminibus
1675 4562 1800 4626 Sibyllinis
1813 4562 1854 4613 in·

1072 4681 1137 4731 serta
1149 4674 1312 4740 reperiuntur,
1325 4683 1381 4734 qua
1394 4665 1613 4733 deprehenduntur
1626 4670 1656 4712 aa
1672 4657 1852 4712 acrosticlrisin.

1072 4784 1132 4835 Dico
1145 4784 1230 4833 autem
1251 4791 1290 4840 ea,
1307 4789 1363 4841 que
1377 4774 1507 4826 Terentius
1521 4774 1603 4823 Varro
1614 4767 1708 4819 insuia
1724 4777 1855 4817 commen·

1071 4887 1140 4937 tactis
1152 4897 1235 4938 semen
1244 4881 1384 4934 divinarum
1395 4874 1521 4929 memoria
1531 4872 1649 4940 prodidit.

1102 4986 1189 5035 Lillll.
1206 4979 1354 5048 Tarquinius
1366 4990 1424 5030 curn
1437 4976 1492 5026 hoo
1504 4985 1566 5040 pace
1577 4971 1691 5036 belloque
1700 4966 1816 5034 gessisset
1825 4966 1854 5017 et

1070 5075 1133 5125 duas
1146 5073 1254 5125 colonias
1270 5068 1436 5131 condidisset,
1447 5077 1523 5116 unam
1536 5060 1638 5127 quidem
1647 5072 1707 5123 qun
1718 5057 1799 5122 signis
1808 5068 1852 5105 ro·

1072 5162 1182 5225 cabatu,
1195 5175 1244 5212 non
1256 5159 1389 5222 industria,
1405 5154 1448 5206 scd
1469 5166 1530 5204 casn
1547 5149 1628 5214 (quod
1646 5147 1671 5199 in
1687 5160 1718 5199 eo
1731 5146 1787 5197 ioco
1803 5143 1852 5194 mi·

1070 5252 1129 5304 lites
1141 5250 1324 5309 bibemassent,
1338 5248 1470 5306 castraque
1480 5243 1518 5292 ila
1531 5237 1694 5290 induisissent
1705 5239 1733 5286 nl
1746 5233 1808 5285 nibil
1819 5230 1853 5283 ab
