3986 5938
272 361 332 421 utu

794 354 963 423 DlONYSII
983 353 1359 416 nltlcnuussssnsts

271 494 326 552 τῶν
340 488 421 572 φίλων
436 486 502 568 πρδς
521 486 570 558 τὴν
587 484 721 557 ἀναύολὴν
734 483 780 544 καὶ
804 484 843 561 μὴ
867 489 985 563 μεθεῖναι
1004 486 1050 545 τὸν
1107 493 1298 546 adversantibus
1315 493 1403 545 amicis
1416 493 1566 553 vadimonio,
1586 506 1617 545 ne
1631 495 1733 546 occasio
1750 508 1767 545 e
1786 495 1916 546 manibus
1945 464 1946 501 ί

274 581 364 659 καιρὸν
379 581 410 637 ἐκ
420 582 473 637 τῶν
484 580 582 654 χειρῶν
597 574 748 642 ἀξιούντων.
771 573 865 635 Valet.
883 574 986 635 Λαιόν.

309 667 381 748 (ll).
402 662 788 740 tertiumdecimum&
807 661 904 743 Πύρρῳ
919 662 987 739 μετὰ
999 664 1053 721 τῶν

1107 584 1162 649 ejus
1171 582 1282 647 effugiat,
1297 583 1487 634 arbitrantibus.

1138 674 1222 730 Quum
1242 672 1318 736 igitur
1336 676 1447 723 montem
1464 672 1561 724 subiret
1581 673 1668 738 Pyrrhi
1686 674 1834 725 exercitus
1856 689 1915 726 cum

273 753 423 837 ἐλεράντων
443 751 564 824 αίσθησιν
578 754 603 811 οἳ
625 750 756 828 Ῥωμαῖοι
776 751 903 816 λαύόντες
925 749 1052 828 σκνμνίον
1107 760 1252 824 elephantis,
1267 772 1348 823 neque
1365 758 1392 809 id
1406 761 1529 810 Romanos
1548 759 1672 821 latuisset,
1686 760 1716 811 hi
1733 762 1850 825 pultum
1864 762 1914 813 ete·

235 860 249 898 a
275 841 414 919 ἐλίραντος
447 838 651 920 τιτρώσκουσιν,
676 838 690 898 ό
715 838 817 910 πολλὴν
846 836 977 914 ἀκοσμίαν
1000 841 1055 906 τοῖς

1109 848 1193 913 pbanti
1215 848 1356 909 vulnerant,
1378 846 1446 913 quod
1469 849 1554 899 nauita
1577 849 1675 900 Graecis
1700 849 1916 914 pu’mrirationis

273 928 406 1002 Ἕλλησιν
421 930 558 1002 ἐνεποίησε
573 929 620 989 καί
643 928 741 1007 φυγήν·
761 931 786 988 oi
810 927 839 986 δέ
860 925 992 1004 Ῥωμαῖοι
1007 925 1054 985 δύο
1108 951 1183 988 musa
1191 938 1290 988 exstitit
1301 950 1331 987 ac
1344 937 1416 1000 tuga.
1428 937 1531 987 Romani
1541 951 1600 988 vero
1610 937 1662 988 duo
1673 938 1840 1004 elephantos
1853 941 1916 990 oeci

275 1019 324 1097 μίν
338 1019 482 1099 ἐλίραντας
496 1017 709 1089 ἀποκτιίνουσιν,
725 1015 796 1076 ὀκτὼ
816 1015 845 1075 δέ
859 1014 1056 1075 κατακλείσαν-
1108 1023 1181 1081 dunt,
1190 1026 1295 1087 octoque
1301 1024 1371 1086 aiios,
1380 1024 1429 1075 sub
1436 1024 1501 1075 clavi
1508 1026 1680 1091 complexosin
1691 1026 1753 1077 loco
1762 1029 1826 1078 sine
1833 1027 1916 1085 exitu

274 1131 316 1176 τες
330 1111 365 1174 εἷς
386 1108 483 1187 χωρίον
507 1105 626 1175 ἀνέξοδον
649 1106 822 1187 παραδόντων
841 1108 894 1162 τῶν
912 1104 953 1163 ἐπ’
966 1108 1054 1171 αὐτοῖς

1109 1112 1254 1163 traditosac
1263 1113 1387 1175 equitatus
1393 1112 1427 1163 ab
1441 1113 1552 1177 ipsorum
1562 1113 1723 1179 [rectoribus]
1738 1114 1831 1173 indis,
1843 1116 1917 1164 viror

275 1197 363 1259 Ἰνδῶν
377 1200 477 1265 ζῶντας
496 1194 823 1275 παραλαμύάνουσι·τῶν
843 1195 871 1252 δὲ
886 1198 1056 1273 στρατιωτῶν
1109 1201 1229 1265 capiunt:
1243 1200 1353 1251 militum
1366 1214 1425 1252 vero
1440 1201 1564 1265 ingentem
1581 1205 1688 1265 stragem
1708 1207 1915 1268 exsequuntur.

223 1302 249 1339 ¹⁰
275 1286 357 1346 πολύν
372 1284 448 1367 ρόνον
463 1287 625 1364 ἐργαζονται.
640 1284 743 1345 Λαιόν.

316 1378 397 1438 ΧΙΙΙ.
420 1375 485 1455 (θθ,
509 1376 544 1450 l)
574 1370 609 1433 ‘0
637 1370 735 1439 ύπατος
763 1368 916 1449 Φαύρίκιος
938 1367 1056 1447 τιμητὴς

275 1465 412 1547 γενόμενος
424 1513 430 1535 ,
445 1464 529 1543 ἄνδρα
543 1461 603 1521 δυσί
615 1460 663 1538 μίν
679 1460 835 1532 ύπατείαις,
854 1468 904 1540 μεθΙ
922 1455 950 1517 δὲ
963 1459 1056 1516 δικτα-

274 1557 364 1636 τορεία
379 1552 594 1630 κεκοσμημένον,
607 1550 727 1610 Πόπλιον
741 1549 887 1629 Κορνήλιον
902 1545 1054 1628 Ῥουφῖνον,

275 1643 397 1713 ἐξέύαλεν
411 1644 442 1701 ἐκ
455 1646 501 1699 τοῦ
517 1640 654 1719 συνεδρίου
668 1644 715 1711 τῆς
730 1639 827 1718 βουλῆς
840 1682 848 1709 ,
861 1637 901 1696 ότι
914 1639 1018 1713 πρῶτος
1029 1637 1056 1693 ἐν

225 1755 248 1791 ιε
276 1737 397 1813 ἀργυρῶν
432 1729 600 1805 ἐκπωμάτων
633 1730 787 1806 κατασκευῇ
813 1724 960 1795 πολυτελὴς
985 1723 1057 1791 ἔδοξε

275 1821 411 1899 γενέσθαι,
425 1818 489 1878 δίκα
504 1817 595 1897 λίτρας
618 1817 786 1893 ἐκπωμάτων
808 1815 984 1891 κτησάμενος·
1008 1803 1057 1872 ab·

275 1932 320 1969 ται
351 1910 374 1968 δ’
399 1908 466 1966 είσὶν
489 1906 570 1987 ὀλίγῳ
596 1905 701 1972 πλείους
726 1901 797 1963 ὀκτὼ
823 1907 895 1981 μνῶν
920 1900 1056 1964 Ἀττικῶν.

277 1997 380 2059 Λαιόν.

318 2086 358 2167 (9)
382 2084 514 2157 Ἀθηναῖοι
526 2082 574 2162 μίν
589 2081 664 2151 δόξης
677 2080 786 2161 ἔτυχον,
797 2078 838 2138 ὅτι
848 2079 907 2146 τοὺς
922 2077 1055 2159 ῥᾳθύμους

222 2194 249 2231 au
276 2175 323 2234 καί
339 2173 446 2255 ἀργούς,
461 2172 507 2232 καί
525 2169 607 2265 μηδὲν
622 2170 822 2241 ἐπιτηδεύοντας
834 2172 888 2227 τῶν
902 2170 1055 2248 χρησίμων,

276 2270 311 2333 ῶς
323 2267 478 2328 ἀδικοῦντας
490 2261 521 2320 τδ
532 2260 617 2320 κοινδν
635 2258 771 2337 ἐζημίουν·
786 2254 995 2335 Λακεδαιμόνιοι
1011 2254 1056 2332 di,

276 2353 317 2412 ὅτι
337 2353 390 2422 τοῖς
410 2349 603 2432 πρεσύυτάτοις
626 2348 769 2428 ἐπέτρεπον
786 2346 845 2415 τούς
876 2349 1058 2422 ἀκοσμοῦντας

276 2448 329 2503 τῶν
343 2444 459 2502 πολιτῶν
476 2443 502 2500 ἐν
516 2438 657 2521 ὁτῳδήτινι
680 2440 731 2496 τῶν
758 2434 894 2512 δημοσίων
907 2433 982 2515 τόπῳ
1000 2440 1057 2501 ταῖς

279 2530 433 2612 βακτηρίαις
445 2528 544 2588 παίειν·
555 2529 607 2586 τῶν
626 2525 655 2585 δέ
670 2526 729 2585 κατ’
741 2524 825 2584 οἰκίαν
837 2522 984 2604 γενομένων
994 2520 1054 2581 οὔτε

222 2635 249 2671 ²³
276 2620 402 2702 πρόνοιαν
415 2606 608 2697 ούτάρυλακὴν
622 2616 774 2688 ἐποιοῦντο,
788 2614 836 2685 τὴν
857 2611 959 2673 αὔλειον
976 2608 1057 2691 θύραν

277 2710 382 2779 ἑκάστῳ
396 2708 454 2788 όρον
469 2696 535 2764 ε’ίναι
550 2709 597 2776 τῆς
612 2702 758 2783 ἐλευθερίας
771 2708 817 2762 roi}
830 2701 888 2782 βίου
901 2699 1057 2777 νομίζοντες.

278 2798 464 2876 (3)Ῥωμαῖοι
489 2793 516 2851 δὲ
540 2803 630 2851 πᾶσαν
654 2791 869 2855 ἀναπετάσαντες
887 2789 991 2859 οἰκίαν,
1013 2787 1059 2846 καί

278 2885 357 2964 μέχρι
370 2888 415 2942 τοῦ
431 2880 566 2957 δωματίου
579 2881 628 2951 τὴν
641 2879 727 2958 ἀρχὴν
742 2882 794 2936 τῶν
805 2882 925 2954 τιμητῶν
938 2898 1058 2955 προαγα·

276 2972 378 3053 γόντες,
392 2968 516 3030 ἁπάντων
532 2968 657 3040 ἐποίησαν
672 2967 815 3025 ἐπίσκοπον
826 2965 871 3023 καί
884 2964 991 3045 ρύλακα
1004 2966 1058 3022 τῶν

222 3081 250 3119 ευ
278 3062 304 3117 ἐν
314 3060 406 3126 αὗταῖς
414 3055 568 3136 γινομίνων,
582 3053 641 3113 ούτε
651 3053 781 3125 δεσπότην
793 3052 908 3128 οἰόμενοι
917 3053 970 3111 δεῖν
982 3051 1056 3129 ῶμδν

229 3209 232 3213 ,
277 3139 344 3208 εἶναι
358 3147 420 3227 περὶ
433 3143 481 3212 τάς
494 3142 623 3223 τιμωρίας
636 3144 756 3214 οἰκετῶν,
769 3140 829 3200 οὔτε
843 3139 947 3220 πατέρα
962 3140 1056 3219 πικρόν

277 3236 294 3307 ἢ
316 3232 451 3313 μαλθακόν
470 3232 540 3314 πίρα
556 3236 603 3290 τοῦ
622 3228 728 3311 μετρίου
741 3228 803 3310 περὶ
823 3228 921 3287 τέκνων
940 3227 1056 3307 ἀγωγός,

276 3323 334 3384 οὔτε
351 3322 434 3403 ἀνδρα
457 3321 519 3401 περί
542 3317 680 3379 κοινωνίαν
702 3323 821 3396 γαμετῆς
846 3318 969 3394 γυναικός
995 3315 1057 3374 ἀδι-

252 3454 258 3461 -
276 3438 338 3490 κον,
351 3412 411 3474 οὔτε
434 3412 533 3479 παῖδας
551 3413 671 3488 γηραιῶν
693 3409 809 3474 ἀπειθεῖς
830 3406 972 3486 πατίρων,
997 3402 1057 3465 ούτε

221 3520 249 3558 ss
276 3501 402 3583 diripui<
415 3500 537 3580 γνησίους
550 3489 580 3558 τδ
594 3501 683 3559 πλεῖον
702 3496 761 3556 ἀντὶ
773 3502 820 3556 τοῦ
832 3495 889 3554 ίσου
905 3495 1057 3567 διώκοντας,

276 3596 305 3653 ού
329 3590 464 3669 συμπόσια
482 3588 528 3648 καὶ
549 3588 630 3664 μίθας
648 3585 826 3666 παννυχίους,
846 3585 893 3643 ούκ
916 3580 1054 3661 ἀσελγείας

275 3680 321 3741 καί
336 3679 432 3762 ρθοράς
452 3681 561 3750 ἡλικιῶν
575 3675 656 3749 νέων,
680 3676 731 3754 ούχ
751 3673 860 3752 imbui
883 3672 974 3754 τάρων
988 3695 1056 3752 προ·

275 3770 380 3845 γονικάς
405 3766 484 3846 τιμὰς
499 3764 679 3839 ἐκλιπούσας,
694 3765 743 3822 ούκ
765 3765 832 3823 ἀλλο
851 3765 903 3821 τῶν
927 3760 1002 3840 παρὰ
1026 3759 1057 3821 ri

277 3862 391 3930 καθῆκον
404 3856 423 3930 ἢ
438 3856 570 3937 συμιρίρον
585 3853 706 3935 τῇπόλει
722 3850 912 3933 πραττομένων
929 3849 1015 3911 οὐδέν.

223 3963 250 3996 ⁴⁰
316 3948 471 4016 Ἐληίζοντο
484 3946 532 4012 τάς
548 3942 654 4015 κτήσεις
672 3945 724 4002 τῶν
739 3943 855 4001 πολιτῶν
867 3941 936 4000 κατδι
950 3942 998 4012 τὴν
1010 3944 1056 4000 τοῦ

278 4038 420 4117 βασιλίζεεν
442 4035 540 4095 αἰτίαν.
554 4032 657 4095 Ambr.

317 4127 399 4189 XlV.
425 4124 499 4206 (ab,
523 4123 559 4203 d)
582 4120 713 4201 Νεμίριος
736 4119 842 4187 uitro<
866 4119 988 4199 Πίκτωρ,
1010 4118 1056 4178 καί

279 4216 387 4282 ίίόιντος
410 4214 514 4280 Φάύιος
539 4211 672 4290 Μάξιμος,
697 4209 744 4271 καί
770 4209 880 4277 Κόιντος
906 4206 1058 4286 Ὀγούλνιος

276 4305 341 4386 πρὸς
365 4301 409 4362 τδν
437 4301 608 4383 Φιλάδελφον
634 4301 803 4376 Πτολεμαῖον
826 4294 1055 4376 πρεσύεύσαντες,

222 4413 248 4453 ts
277 4392 360 4474 [περὶ
379 4390 546 4473 πρεσύείας]
564 4390 611 4451 καί
623 4391 733 4470 δωρεαῖς
749 4389 826 4456 ίθίαις
848 4384 1001 4464 τιμηθίντες
1012 4387 1049 4442 bn

276 4486 375 4545 αὐτοῦ·
394 4473 462 4560 ἦρχε
474 4479 503 4539 δὲ
516 4485 562 4551 τῆς
574 4478 712 4559 Αἰγύπτου
723 4477 842 4556 δεύτιρος
852 4474 921 4554 μετὰ
934 4473 979 4532 τδν
995 4475 1058 4533 Μα-

277 4571 370 4634 κεδόνα
400 4568 585 4648 Ἀλέξανδρον·
614 4566 704 4639 ἐπειδὴ
736 4566 918 4626 κατίπλευσαν
944 4564 980 4630 είς
1007 4562 1056 4633 τὴν

277 4661 371 4734 πόλιν,
397 4658 432 4718 τά
458 4682 487 4719 τε
507 4657 576 4717 ἀλλα
611 4656 776 4737 ἀπήγγειλαν
805 4654 855 4714 όσα
887 4650 1059 4731 διεπράξαντο

277 4749 346 4812 κατά
362 4747 410 4822 τὴν
432 4748 603 4823 ἀποδημίαν,
619 4746 665 4806 καὶ
680 4745 726 4813 τάς
741 4742 840 4825 δωριίις
860 4741 891 4809 ἀς
915 4739 990 4818 παρά
1012 4744 1058 4799 τοῦ

223 4858 251 4897 σο
279 4838 406 4922 βασιλίοις
425 4837 521 4898 ἔλαύον
539 4839 577 4904 είς
597 4834 627 4896 rb
645 4836 771 4911 δημόσιον
787 4833 951 4910 ἀνήνεγκαν·
974 4828 1018 4896 οθς
1039 4834 1056 4902 ἡ

278 4929 372 5011 βουλὴ,
381 4928 487 4989 πάντων
504 4929 649 5007 ἀγασθεῖσα
660 4929 713 4985 τῶν
728 4924 824 5002 ἐργων,
838 4923 885 4982 ούκ
895 4918 968 4980 είασε
979 4920 1060 4995 δημο·

278 5025 373 5081 σιῶσαι
387 5019 435 5086 τδις
451 5015 589 5096 βασιλικὰς
609 5016 740 5095 χάριτας,
755 5015 813 5074 ἀλλ’
826 5015 862 5079 εἰς
873 5009 933 5077 τούς
954 5012 1056 5068 ἑαυτῶν

278 5107 364 5173 οίκους
378 5105 584 5183 ἀπενίγκασθαι,
598 5103 678 5181 τιμάς
689 5104 784 5183 ἀρετῆς
794 5101 840 5159 καί
854 5097 969 5176 κόσμους
983 5095 1058 5174 ίκγό·

279 5217 341 5262 νοις.
358 5194 463 5255 Ambr.

1141 1377 1207 1426 llllt.
1221 1374 1349 1426 Fabricius
1360 1375 1508 1433 consularis,
1522 1389 1610 1426 censor
1630 1376 1724 1435 tactus,
1738 1358 1837 1427 ‘airum
1851 1377 1914 1428 dno

1111 1464 1158 1515 bns
1175 1464 1348 1516 consulatibus
1367 1479 1471 1530 unaque
1489 1464 1616 1515 dictatura
1629 1465 1768 1529 insignern,
1789 1467 1915 1519 Publim

1111 1554 1253 1605 Cornelium
1268 1553 1393 1615 Rufinum,
1405 1568 1437 1604 ex
1447 1554 1566 1605 concione
1581 1557 1684 1605 senatus
1697 1555 1835 1619 expulsit,
1856 1559 1915 1622 quia

1110 1645 1207 1709 primus
1221 1649 1395 1709 argenteorum
1411 1643 1558 1710 poculorum
1578 1644 1729 1709 supellectili
1743 1660 1818 1698 usus
1836 1648 1911 1698 luxu·

1111 1734 1157 1785 rice
1168 1734 1292 1799 specimen
1311 1733 1424 1794 dedunt,
1437 1733 1525 1785 decem
1541 1733 1623 1798 pondo
1640 1733 1738 1798 argenti
1761 1735 1909 1799 possideris

1112 1825 1173 1874 linc
1192 1837 1253 1875 vero
1271 1837 1370 1874 summa
1393 1823 1474 1874 minas
1492 1822 1587 1874 Atticas
1608 1823 1685 1887 panio
1710 1823 1835 1890 amplius
1856 1831 1912 1876 octo
1948 1860 1949 1867 ι

1111 1912 1198 1964 etbcit.
1220 1915 1297 1964 Porro
1320 1912 1483 1964 Athenienses
1501 1911 1601 1962 taudem
1624 1911 1823 1975 obtinuerunt,
1843 1918 1910 1979 qnod

1112 2002 1217 2067 ignaros
1238 2001 1372 2054 etotiosos
1394 2001 1507 2066 nihilque
1530 2000 1647 2051 utilitatis
1670 2000 1834 2065 praebentes.
1856 2008 1910 2053 taa-

1113 2103 1189 2153 quam
1209 2088 1296 2141 noxios
1317 2088 1462 2154 reipublice
1484 2087 1572 2153 punire
1586 2088 1716 2153 solebant,
1743 2091 1907 2142 hoedum
1949 2086 1950 2089 ’

1113 2179 1162 2230 niis
1186 2192 1261 2240 rero,
1282 2177 1352 2244 quod
1376 2177 1509 2229 tradebant
1534 2177 1674 2229 senioribus
1696 2178 1768 2229 male
1796 2186 1909 2231 moratos

1113 2268 1191 2327 cives,
1200 2270 1230 2318 ut
1239 2280 1285 2319 eos
1293 2269 1319 2318 in
1330 2280 1484 2332 quocunqne
1496 2265 1596 2332 publico
1606 2267 1662 2317 loco
1673 2267 1756 2331 virgis
1767 2268 1907 2321 caederent.

1114 2361 1207 2410 verum
1217 2358 1520 2424 remmqnaedomitiunt,
1534 2356 1908 2423 nequeprovidentiamneqne

1113 2461 1199 2499 curam
1214 2447 1292 2498 uitam
1309 2446 1437 2512 gerebant,
1457 2445 1621 2497 domesticam
1640 2446 1753 2510 ianuam
1768 2448 1908 2513 unicuique

1114 2538 1170 2588 vitas
1182 2536 1322 2587 libertatem
1334 2536 1513 2587 existimantes.
1527 2537 1560 2586 st
1569 2534 1684 2595 Romani,
1701 2534 1859 2587 universam
1867 2535 1908 2586 do

1113 2640 1183 2677 mum
1196 2624 1381 2690 patefacientes,
1398 2628 1425 2675 et
1444 2622 1568 2689 usquead
1581 2622 1664 2687 ipsum
1678 2624 1809 2677 cunctare
1825 2640 1907 2677 οειιεο

1114 2716 1178 2767 riam
1189 2716 1338 2780 potestatem
1351 2713 1527 2778 provehentes,
1546 2712 1658 2763 omnium
1677 2713 1810 2764 creabant
1829 2716 1907 2781 expio

1113 2786 1224 2855 ratorem
1236 2802 1450 2868 inspectoremque
1461 2816 1546 2854 rerum
1562 2814 1619 2866 qun
1633 2801 1704 2853 intus
1715 2801 1789 2854 liunt
1803 2825 1811 2854 :
1830 2819 1909 2869 neqm

1113 2892 1241 2943 dominum
1252 2890 1381 2943 uadentes
1393 2890 1485 2949 debere
1493 2889 1622 2942 crudelem
1631 2903 1688 2941 esse
1699 2890 1728 2940 in
1741 2893 1909 2958 castigatione

1114 2978 1273 3039 lamubrnm,
1281 2992 1361 3043 neque
1369 2982 1466 3043 putrem
1474 2978 1607 3029 immodice
1617 2976 1740 3029 acerbum
1748 2983 1799 3031 ant
1810 2982 1909 3032 rnottua

1114 3069 1255 3120 initiorum
1265 3068 1420 3130 educatione,
1433 3081 1515 3134 neque
1526 3068 1607 3118 virum
1615 3066 1745 3131 iniustum
1754 3068 1782 3118 in
1792 3072 1909 3121 muritta

1113 3172 1171 3209 cum
1189 3158 1301 3221 conjuge,
1316 3170 1398 3223 neque
1408 3170 1499 3223 pueros
1516 3155 1658 3208 senioribus
1674 3154 1808 3208 indociles
1817 3138 1908 3223 'parea-

1113 3247 1189 3305 tibus,
1217 3259 1297 3309 neque
1316 3245 1439 3310 legitimos
1461 3244 1551 3296 tratres
1574 3245 1696 3309 majorem
1721 3245 1816 3310 potius
1834 3261 1909 3312 quan

1113 3344 1211 3396 nquam
1223 3333 1322 3396 partem
1342 3329 1391 3381 sibi
1408 3329 1548 3389 vindicare3
1563 3342 1645 3393 neque
1656 3329 1721 3380 item
1735 3333 1866 3383 conriria
1882 3348 1909 3382 nr

1113 3419 1327 3472 comminationes
1339 3433 1384 3485 per
1396 3423 1493 3477 noctes,
1513 3431 1594 3484 neque
1604 3419 1783 3472 sumitates
1798 3428 1848 3473 aut
1857 3437 1908 3474 eor-

1113 3508 1240 3574 ruptiones
1252 3508 1503 3568 adolescentulomm,
1513 3521 1595 3571 neque
1606 3521 1740 3559 sacrorum
1756 3516 1809 3562 ant
1827 3514 1908 3579 sepul·

1113 3612 1214 3649 crurum
1232 3597 1393 3648 ceremonias
1407 3596 1572 3662 amatoribus
1588 3595 1698 3647 traditas
1710 3597 1815 3657 deseri,
1833 3616 1911 3669 nsque

1114 3686 1182 3739 aliud
1194 3686 1335 3753 quidquam
1346 3690 1439 3751 prater
1449 3684 1541 3738 decens
1554 3690 1599 3736 aut
1610 3685 1673 3738 utile
1687 3686 1749 3738 urbi
1763 3688 1834 3741 lieri.

1143 3944 1322 3997 Pradabantnr
1342 3942 1509 4007 possessiones
1527 3941 1634 3999 οῖνῖιιιιι,
1654 3942 1793 4006 arguendo
1809 3960 1857 3998 ως
1873 3962 1910 3998 η.

1112 4034 1179 4099 εἰναι
1192 4038 1308 4099 appetere
1316 4034 1475 4095 potestatem.
1650 4034 1653 4040 '

1145 4125 1211 4174 XIV.
1225 4121 1359 4173 Numerius
1375 4120 1468 4170 Fabius
1481 4119 1575 4182 Pictor,
1592 4118 1702 4176 Quintus
1716 4118 1822 4172 Fabius
1835 4124 1911 4173 llari-

1115 4242 1173 4280 mus
1184 4232 1210 4280 et
1220 4226 1329 4286 Quintus
1342 4225 1473 4291 Ogulnius,
1485 4225 1517 4276 ad
1528 4224 1693 4275 Ptolemaeum
1705 4225 1907 4292 Philadelphum

1049 4385 1057 4408 ‚
1114 4337 1190 4401 legati
1204 4336 1275 4388 missi
1291 4337 1401 4401 [pmpter
1421 4331 1578 4398 legationen]
1598 4337 1625 4384 et
1643 4331 1717 4384 donis
1737 4335 1867 4399 privatim
1880 4338 1910 4387 ab

1112 4458 1143 4496 eo
1170 4443 1253 4495 allecti
1276 4441 1406 4505 (regnabat
1428 4444 1514 4491 autem
1533 4440 1555 4489 is
1576 4438 1603 4489 in
1625 4441 1736 4503 AEgypto
1758 4442 1833 4491 atter
1856 4448 1909 4507 post

1113 4550 1282 4602 Alexandrum
1297 4547 1474 4609 Macedonem).
1488 4548 1574 4604 Quum
1590 4547 1623 4596 ad
1643 4545 1736 4596 urbem
1752 4547 1909 4614 adnavigas-

1113 4658 1268 4719 contemnis
1277 4657 1424 4708 nontiamnt
1433 4669 1490 4719 qun
1502 4655 1567 4706 tacta
1574 4657 1659 4705 essem
1669 4667 1713 4719 per
1724 4656 1835 4718 ternpus
1847 4657 1908 4720 lega

1113 4767 1197 4825 tionis,
1217 4769 1309 4818 ettam
1321 4777 1426 4815 munera
1440 4776 1524 4828 quasa
1539 4774 1597 4825 rege
1609 4763 1769 4825 acceperant,
1785 4761 1817 4811 in
1829 4762 1908 4826 publi

1114 4889 1173 4926 cum
1183 4854 1300 4925 ararium
1315 4871 1463 4922 intulerunt.
1477 4871 1548 4928 Quos
1564 4874 1677 4927 εοιιιιιυσ,
1691 4867 1813 4919 omnium
1823 4868 1905 4919 lauda-

1113 4985 1154 5032 tur
1168 4994 1250 5031 rerum
1270 4978 1445 5042 perlactamm,
1465 4989 1515 5025 non
1529 4974 1642 5040 pemuisit
1657 4974 1739 5038 regias
1756 4973 1905 5039 largitiones

1114 5085 1242 5152 publicari.
1274 5096 1361 5134 verum
1384 5081 1410 5132 in
1429 5080 1566 5144 legatorum
1582 5079 1672 5131 domos
1688 5078 1784 5130 auferri
1814 5079 1901 5135 voluit

1114 5191 1216 5257 promia
1225 5189 1327 5242 virtutis
1335 5192 1362 5240 et
1374 5191 1522 5240 ornamenta
1535 5186 1684 5253 posteritati.
