4088 5936
258 419 319 479 204

258 550 289 610 τὸ
299 549 414 632 ἀσφαλὲς
426 554 480 617 τοῖς
493 558 617 631 γεωργοῖς
636 550 762 631 παρέχειν
784 549 974 626 δυνησομένους
986 555 1036 633 ὄχ-

259 645 317 707 θους
332 638 503 720 κρησφύγετα
524 639 737 711 κατεσκεύασεν,
754 637 922 711 Ἑλληνικοῖς
938 640 1038 718 ὀνόμα-

259 746 300 784 σιν
313 725 380 786 αὐτόν
398 729 485 786 καλῶν
503 726 623 804 Πάγους,
637 725 699 785 ἔνθα
718 725 872 806 συνέφευγον
891 730 986 788 ἐκτῶν
1005 731 1038 787 ά-

259 816 328 896 γρῶν
342 814 468 886 ἅπαντας,
480 813 558 872 ὁπότε
571 816 672 890 γένοιτο
687 814 819 892 πολεμίων
833 813 992 894 teodomiri
1004 813 1039 874 τίι

220 935 233 971 5
258 901 345 961 πολλὰ
373 902 564 980 δανυκτέρευον
594 904 715 963 ἐνταῦθα.
768 902 907 983 Ἄρχοντες
936 904 964 964 δὲ
993 904 1040 964 καί

257 989 357 1051 τούτοιν
371 982 452 1063 ἦσαν,
468 983 507 1058 οἷς
518 992 640 1063 ἐπιμελὲς
654 992 752 1071 ἐγένετο
769 994 802 1053 τά
815 991 839 1051 τ’
853 993 972 1070 ὀνόματα
987 997 1038 1052 τῶν

258 1085 381 1160 γεωργῶν
394 1080 502 1151 εἰδέναι,
514 1082 565 1137 τῶν
581 1084 773 1141 συντελούντων
786 1082 875 1148 είςτὸν
891 1085 971 1143 αὐτὸν
984 1084 1040 1144 πά·

258 1192 322 1247 γον,
339 1168 384 1226 καί
406 1167 453 1233 τὰς
470 1169 591 1241 κτήσεις,
607 1171 634 1227 έν
656 1161 698 1236 οἷς
714 1175 728 1228 ὁ
752 1169 807 1249 βίος
828 1171 913 1229 αὐτῶν
928 1163 970 1244 ῆν·
993 1170 1040 1231 καί

258 1259 336 1316 ὁπότε
349 1255 427 1337 χρεία
439 1255 552 1336 γένοιτο,
567 1259 609 1316 lei
624 1256 658 1316 τὰ
667 1256 805 1327 ὁπλατυὺς
817 1263 935 1340 χωρίτας
948 1263 1040 1322 καλεῖν

207 1374 233 1414 10
258 1344 275 1418 ῆ
299 1345 445 1427 χρημάτων
467 1347 588 1428 εἰσφορὰς
605 1351 666 1407 κατ’
682 1349 764 1429 ἄνδρα
778 1348 908 1429 ἐκλέγειν,
922 1343 992 1411 οὗτοι
1006 1350 1041 1410 rt

256 1458 286 1494 τε
311 1436 424 1513 σώματα
442 1442 554 1515 συνῆγον
576 1437 621 1495 καί
646 1437 680 1497 τὰ
702 1437 830 1518 χρήματα
854 1439 1038 1521 εἰσέπραττον.

257 1519 318 1583 Ἵνα
329 1525 356 1583 δὲ
374 1525 419 1584 καί
434 1525 531 1585 τούτων
545 1530 561 1598 ἡ
577 1523 677 1596 πληθύς
691 1526 729 1601 μῆ
745 1526 907 1606 δυσεύρετος,
928 1527 987 1587 ἀλλ’
996 1529 1039 1586 εύ·

258 1610 375 1689 λύγιστος
388 1603 405 1693 ᾖ
420 1614 465 1672 καί
478 1612 593 1695 φανερθι,
606 1613 710 1692 βωμοὺς
720 1615 855 1675 ἐκέλευσεν
867 1617 953 1682 αὐτοῖς
963 1614 1040 1695 ίδρύ-

260 1694 357 1759 σασθὸιι
370 1705 434 1760 θεῶν
455 1703 608 1762 ἐπεσκόπουν
624 1726 652 1760 τε
666 1701 712 1760 καί
727 1702 853 1784 φυλάκων
874 1708 921 1763 τοῦ
938 1702 1041 1782 πάγου,

208 1820 233 1861 rb
260 1788 303 1857 οὓς
312 1789 386 1859 ἔταξε
394 1791 500 1869 ,θυσίαις
509 1798 608 1859 κοιναῖς
619 1789 749 1871 γεραίρειν
762 1794 820 1850 καθ’
833 1789 943 1851 ἕκαστον
960 1794 1042 1851 ίνιαυ·

258 1879 303 1938 τόν
322 1878 379 1956 ἅμα
401 1880 622 1959 συνερχομένους,
638 1879 731 1959 ἒορτῆν
752 1900 812 1938 τινα
832 1879 879 1939 καί
900 1877 998 1953 ταύτην
1014 1881 1041 1937 έν

258 1972 312 2037 τοῖς
337 1968 406 2028 πάνυ
429 1970 520 2044 τιμίαν
546 1967 801 2044 καταστησάμενος,
826 1967 860 2026 τὰ
888 1967 1041 2046 καλούμενα

259 2055 434 2134 Παγανάλια·
449 2055 495 2115 καί
512 2054 606 2134 νόμους
630 2053 696 2134 ὑπὲρ
710 2058 762 2116 τῶν
777 2058 854 2135 ἱερῶν
872 2054 985 2130 τούτων,
998 2054 1043 2124 οὓς

260 2147 299 2206 ἔτι
317 2145 360 2204 td
374 2148 492 2226 φυλακῆς
507 2145 600 2224 έχουσι
619 2144 762 2222 Ῥωμαῖοι,
782 2146 952 2229 συνέγραψεν.
995 2149 1043 2215 Ere

206 2266 235 2305 ρο
260 2234 288 2293 δέ
297 2235 345 2306 τῆν
354 2234 443 2294 θυσίαν
452 2230 550 2308 ταύτην
560 2233 606 2293 καί
617 2235 665 2307 τὴν
673 2230 779 2294 σύνοδον
791 2232 912 2304 ἅπαντας
920 2232 1042 2295 ἐκέλευσε

259 2316 318 2389 τούς
338 2322 488 2401 ὁμοπάγους
507 2320 577 2382 κατὰ
590 2323 707 2404 κεφαλὴν
718 2321 866 2401 ὡρισμένον
877 2322 1005 2402 ’νόμισμά
1016 2348 1042 2383 τι

261 2412 451 2492 συνεισφέρειν,
467 2410 555 2490 έτερυν
572 2411 620 2487 μέν
632 2436 657 2471 τι
672 2406 857 2493 τυθςέάνδρας,
872 2413 960 2492 ἕτερον
974 2415 1042 2475 δέτι

261 2498 308 2568 τίς
324 2501 460 2578 γυναῖκας,
476 2499 542 2560 ἄλλο
561 2500 589 2560 δέ
601 2525 627 2561 τι
641 2500 700 2570 τούς
720 2500 846 2574 ἀνήὸυυς·
868 2502 895 2571 ἐξ
913 2494 943 2561 oi
963 2527 1043 2563 συνα-

262 2588 431 2669 ριθμηθέντος
440 2588 490 2647 ὑπὸ
497 2591 549 2647 τῶν
561 2590 744 2667 ἐφεστηκότων
756 2600 810 2658 τοῖς
820 2593 898 2671 ίεροῐς
908 2593 1018 2671 φανερός
1028 2597 1042 2652 ὁ

207 2698 236 2739 κο
262 2681 314 2737 τῶν
328 2676 473 2760 άνθράνπων
488 2677 597 2758 άριθμὸς
611 2679 711 2756 έγίνετυ
721 2680 790 2739 κατὰ
800 2678 862 2758 γίνη
876 2704 906 2739 τε
921 2682 967 2740 καὶ
982 2682 1042 2740 καθ’

262 2766 378 2838 ἡλικίας.
422 2765 471 2834 Ὡς
487 2766 513 2826 δέ
532 2768 637 2829 Πείσων
652 2768 762 2836 Λεύκιος
777 2771 804 2827 έν
821 2774 855 2850 τῇ
879 2770 973 2849 πρώτη
987 2773 1039 2829 τῶν

263 2855 401 2917 ένιαυσίων
420 2856 590 2939 Ἀναγραφιῗνν
611 2861 728 2939 ἱστορεῖ,
747 2860 907 2938 βουλόμενος
920 2860 966 2919 καὶ
990 2863 1043 2918 τῶν

263 2948 291 3006 έν
306 2945 379 3005 άστει
394 2944 580 3025 ὁιατριύόντων
594 2945 625 3006 τό
635 2950 736 3018 πλῆθος
749 2946 859 3020 είθέναι,
870 2952 923 3007 τῶν
937 2972 968 3008 τε
983 2972 1044 3027 γεν-

262 3032 387 3113 νωμένων
411 3035 457 3095 καί
481 3037 533 3095 τῶν
550 3036 756 3113 ἀπογινομένων,
770 3036 880 3095 καὶτῶν
896 3038 933 3102 εἷς
946 3037 1044 3116 ἄνδρας

210 3151 237 3192 ευ
263 3123 483 3207 ἐγγραφομένων,
500 3123 590 3193 ἔταξεν
609 3121 669 3184 ὅσον
683 3125 735 3183 ἔδει
749 3126 869 3201 νόμισμα
882 3130 1043 3206 καταφέρειν

262 3214 330 3295 ὑπὲρ
344 3214 458 3273 ἑκάστου
470 3212 535 3280 τούς
549 3212 743 3294 προσήκοντας,
759 3215 795 3280 είς
810 3213 859 3290 μέν
873 3214 917 3273 τὸν
935 3218 982 3286 τῆς
997 3217 1046 3275 Εἶ-

261 3302 377 3368 λειθυίας
388 3304 531 3382 θησαυρὸν,
542 3302 575 3375 ἣν
589 3301 721 3378 Ῥωμαῖοι
733 3305 859 3363 καλοῦσιν
867 3300 958 3384 Ἥραν
973 3326 1046 3383 φωσ-

242 3428 243 3432 =
263 3390 356 3471 φόρον,
372 3388 437 3469 ὁπέρ
451 3393 503 3449 τῶν
525 3390 710 3470 γεννωμένων·
734 3393 769 3459 είς
788 3391 816 3450 δέ
830 3389 874 3451 τὸν
887 3396 936 3464 τῆς
952 3390 1045 3474 Ἀφρο-

264 3477 347 3551 δύτης,
360 3483 407 3551 τῆς
419 3483 445 3538 έν
463 3478 539 3538 άλσει
554 3479 762 3559 καθιδρυμένης,
772 3480 805 3552 ῆν
820 3480 1044 3562 προσαγορεύουσι

208 3578 237 3616 ³⁵
263 3566 417 3640 Διύιτίνην,
444 3567 510 3649 ὑπὲρ
530 3571 583 3627 τῶν
605 3567 824 3647 ἀπογενομένων·
839 3570 875 3638 εἰς
891 3568 919 3629 δέ
933 3571 978 3629 τὸν
998 3576 1045 3645 τῆς

263 3656 396 3730 Νεότητος
411 3654 478 3733 ύπέρ
493 3660 545 3717 τῶν
561 3661 597 3725 είς
612 3661 707 3740 repa<
721 3659 876 3737 ἀρχομένων
898 3661 1045 3719 συντελεῖν·

263 3746 290 3815 ἐξ
299 3738 336 3805 ὧν
349 3745 450 3823 ἤμελλε
462 3747 652 3824 διαγνώσεσθαι
667 3751 726 3806 καθ’
739 3748 850 3807 έκαστον
862 3747 978 3808 ένιαυτὸν
990 3749 1046 3809 ὅσοι

262 3861 292 3896 τε
306 3837 330 3896 ol
347 3835 499 3913 σύμπαντες
512 3827 595 3909 ἦσαν,
609 3837 655 3895 καὶ
667 3835 737 3904 τίνες
751 3835 777 3904 ti
797 3839 883 3895 αὐτῶν
898 3838 948 3909 τῆν
962 3861 1043 3919 στρα-

263 3922 386 4002 τεύσιμον
401 3925 506 3998 ἡλικίαν
520 3914 601 4004 εἶχον.
624 3925 720 3984 Ταῦτα
735 3924 981 4001 καταστησάμενος,
993 3924 1047 3984 έκέ·

218 4032 247 4073 ευ
263 4016 354 4073 λευσεν
366 4016 484 4081 ἅπαντας
497 4013 648 4091 Ῥωμαίους
658 4012 859 4093 ἀπογράφεσθαί
869 4037 897 4072 τε
907 4013 953 4073 καί
962 4024 1046 4091 τιμᾶ-

265 4108 326 4162 σθαι
339 4101 386 4169 τὰς
395 4101 484 4170 οὐσίας
494 4101 560 4182 πρὸς
571 4101 706 4182 ἀργύριον,
716 4100 866 4180 ὀμόσαντας
877 4101 922 4162 τὸν
934 4103 1045 4177 νόμιμον

264 4188 358 4270 ὁρκον,
380 4181 399 4263 ἢ
414 4187 465 4268 μὴν
481 4192 583 4264 τάληθῆ
598 4191 644 4249 καλ
664 4190 718 4248 άπὸ
734 4189 832 4258 παντὸς
845 4196 891 4250 τού
909 4190 1045 4268 βελτίστου

265 4283 433 4357 τετιμῆσθαι,
449 4279 571 4362 πατέρων
586 4304 616 4341 τε
627 4273 664 4339 ὧν
688 4283 739 4339 εἶσι
751 4280 915 4361 γράφοντας,
928 4280 973 4340 καί
989 4282 1046 4351 ῆλι·

265 4369 326 4430 κίαν
337 4368 370 4442 ῆν
381 4369 473 4450 έχουσι
482 4370 635 4443 δηλοῦντας,
648 4369 773 4448 γυναῖκάς
785 4392 813 4428 τε
825 4369 870 4428 καί
882 4371 977 4434 παῖδας
989 4372 1046 4429 ὄνο-

210 4484 239 4524 ιε
266 4458 406 4537 μάζυντας,
422 4457 469 4520 καί
481 4460 507 4517 έν
522 4456 573 4517 τίνι
587 4463 754 4518 κατοικοῦσιν
766 4457 873 4517 ἕκαστοι
887 4461 933 4529 τῆς
946 4457 1047 4524 πόλεως

266 4551 335 4629 φυλῇ
358 4545 471 4629 ἢπάγῳ
492 4552 540 4620 τῆς
558 4546 647 4627 χώρας
674 4545 874 4628 προστιθέντας·
899 4550 937 4626 τῷ
960 4548 988 4605 δέ
1009 4547 1047 4623 μῆ

265 4636 439 4719 τιμησαμένῳ
453 4636 582 4718 τιμωρίαν
598 4635 678 4715 ὥρισε
694 4642 743 4710 τῆς
757 4659 785 4695 τε
802 4634 891 4703 οὐσίας
906 4635 1045 4714 στέρεσθαι

266 4727 311 4786 καί
324 4727 401 4788 αὐτὸν
415 4726 615 4805 μαστιγωθέντα
634 4730 782 4804 πραθῆναι·
795 4725 840 4783 καί
856 4724 936 4804 μέχρι
947 4726 1046 4785 πολλοῦ

266 4816 379 4894 διέμεινε
398 4817 473 4897 παρά
485 4816 633 4896 Ῥωμαίοις
647 4806 719 4882 οὗτος
733 4822 747 4877 ὁ
759 4815 845 4892 νόμος.

214 4940 241 4980 ⁵0
306 4909 385 4970 XVI.
397 4907 595 4985 Τιμησαμένων
605 4905 633 4965 δέ
643 4903 761 4975 πάντων,
771 4900 911 4963 θναλαύὼν
922 4901 1047 4984 τὸιγραμ-

268 5002 364 5071 ματεῐα
374 4994 420 5055 καί
431 4995 551 5074 διαγνούς
564 4995 595 5055 τό
605 5018 634 5054 τε
645 4996 744 5067 πλῆθος
754 4995 840 5053 αὐτῶν
851 4989 937 5053 καὶτὸ
950 4992 1047 5071 μεγέθη

267 5084 321 5141 τῶν
345 5083 424 5162 βίων,
444 5084 595 5165 σοφώτατον
619 5084 745 5143 ἁπάντων
767 5084 916 5160 πολίτευμα
939 5082 1047 5163 εἰσηγῆ-

269 5193 334 5230 σατο
354 5172 400 5231 καί
418 5172 550 5250 μεγίστων
566 5171 710 5250 Ῥωμαίοις
725 5173 830 5249 άγαθῶν
853 5169 951 5246 αίτιον,
965 5173 1001 5239 ὡς
1014 5169 1048 5229 τά

269 5258 334 5343 έργα
356 5259 483 5334 ἐδήλωσε.
525 5258 565 5322 Tb
580 5259 608 5321 δέ
631 5259 780 5336 πολίτευμα
801 5255 900 5317 τοιόνδε
913 5247 961 5329 ῆν·
983 5255 1046 5334 μίαν

778 416 949 479 DlONYSlI
974 417 1355 482 Hntlcnltnnssudsrs

1091 560 1140 612 loci
1153 565 1244 612 natura
1255 560 1344 612 muniti
1355 560 1473 626 agricnlns
1486 561 1557 614 tucile
1566 563 1640 615 tutari
1651 566 1766 629 possem,
1780 565 1874 630 retugiu

1092 664 1188 730 pararit
1197 703 1203 727 ,
1213 679 1270 731 quen
1283 666 1370 717 Groeco
1384 666 1482 716 nomine
1490 669 1570 729 Pagos
1581 668 1687 718 vocavit.
1721 670 1875 721 lluccontu·

1092 769 1191 835 glebunt
1201 783 1233 821 ex
1243 771 1308 832 agris
1321 782 1421 833 omues,
1436 784 1493 821 curn
1511 771 1596 822 trustes
1605 772 1783 836 adventarent,
1797 779 1820 825 et
1834 774 1876 826 hic

1094 873 1241 938 plerumque
1248 872 1433 937 pernoctabant.
1467 875 1669 938 Hommquoque
1680 889 1796 940 pagorum
1804 880 1876 927 erunt

1093 974 1217 1039 magistri,
1228 973 1259 1024 ad
1273 986 1380 1038 quemn
1391 988 1476 1025 curum
1496 975 1633 1039 pertinebat
1645 978 1708 1028 seire
1721 979 1820 1030 nomina
1831 993 1876 1028 eo·

1093 1077 1215 1138 lonnrurn,
1230 1076 1273 1142 qui
1291 1077 1318 1127 in
1333 1077 1420 1127 eodem
1433 1090 1496 1142 pago
1519 1078 1724 1143 uentribuebant,
1737 1086 1764 1133 et
1784 1085 1878 1147 praedia

1094 1178 1452 1247 undesealehunt3etquoties
1459 1188 1878 1249 opusesset,autrustieesadsnna

1095 1294 1192 1343 uocare,
1211 1283 1256 1333 aut
1267 1283 1382 1347 pecnmas
1399 1283 1491 1335 viritirn
1510 1286 1621 1352 exigere,
1636 1289 1677 1340 bic
1695 1304 1738 1341 eos
1754 1305 1876 1345 conrosu-

1094 1385 1154 1436 bant
1165 1388 1192 1437 et
1200 1387 1316 1451 pecunias
1326 1388 1460 1452 exigebant.
1495 1393 1529 1440 Ut
1542 1396 1625 1444 autam
1638 1398 1665 1446 et
1674 1396 1806 1448 rusticante
1815 1400 1878 1452 rnul-

1094 1489 1208 1540 titudinis
1223 1502 1341 1541 numerus
1357 1490 1426 1542 facilc
1441 1494 1555 1557 cognosci
1570 1500 1595 1545 ct
1610 1501 1694 1560 aperte
1708 1499 1761 1549 iniri
1778 1505 1877 1566 posset,

1095 1578 1877 1670 iussiteosdiistutelaribusetcnstodibuspugirrasexstruere,

1095 1714 1157 1765 quas
1177 1700 1307 1764 quotannis
1327 1700 1454 1752 sacrificiis
1473 1705 1646 1758 communibus
1670 1709 1703 1759 ab
1724 1712 1790 1761 omni
1811 1718 1879 1765 coetu

1095 1804 1211 1856 bonorari
1220 1804 1300 1864 iussit,
1313 1805 1387 1855 terius
1395 1807 1515 1869 quasdam
1526 1822 1618 1874 easque
1629 1812 1736 1864 maxime
1746 1813 1879 1868 honoratus

1096 1908 1240 1969 instituens,
1252 1920 1309 1972 qun
1323 1912 1443 1959 vocantur
1457 1910 1604 1975 Paganalr'az
1620 1914 1740 1991 etde'bis
1757 1917 1834 1968 sacris
1846 1917 1880 1969 le·

1095 2026 1148 2078 ges,
1160 2026 1224 2077 quas
1244 2013 1345 2062 Romani
1359 2010 1442 2063 adhuc
1461 2017 1574 2076 servant,
1591 2018 1744 2082 conscripsit.
1779 2020 1818 2070 Ad
1832 2019 1880 2071 Ινοο

1096 2119 1180 2167 autem
1191 2114 1347 2174 sacrificium,
1358 2121 1385 2167 ct
1396 2117 1426 2167 ad
1439 2119 1515 2170 istum
1531 2127 1681 2173 conventum
1694 2122 1765 2174 iussit
1776 2138 1877 2187 omues,

1096 2221 1140 2284 qui
1154 2219 1261 2270 eundem
1269 2233 1359 2284 pagum
1370 2216 1517 2282 incolebant,
1535 2223 1561 2274 iu
1575 2224 1671 2288 singula
1688 2226 1769 2290 capita
1782 2228 1879 2277 certum
1933 2276 1938 2285 ,

1096 2326 1221 2391 quendam
1238 2339 1369 2376 nummum
1391 2325 1515 2389 conferre,
1540 2327 1678 2379 sedulium
1701 2330 1781 2392 viros,
1803 2329 1879 2381 aliurn

1096 2431 1227 2492 mulieres,
1248 2430 1323 2481 εθιιιιι
1352 2428 1503 2494 impuberes.
1532 2431 1629 2490 Quibus
1653 2433 1815 2486 dinumeratis
1837 2449 1882 2500 per

1097 2549 1223 2587 suenorum
1235 2533 1503 2599 presidesappnrebat,
1513 2535 1570 2600 quis
1579 2540 1645 2587 esset
1654 2537 1879 2589 liumiunm'nume·

1096 2652 1149 2698 rus,
1164 2650 1208 2702 per
1217 2650 1292 2711 serus
1301 2639 1325 2687 et
1339 2649 1383 2701 per
1393 2639 1479 2686 estates
1488 2636 1627 2690 distinctus.
1663 2640 1720 2698 Sed,
1738 2644 1767 2691 ut
1779 2640 1807 2692 L.
1822 2642 1882 2693 Piso

1097 2742 1172 2794 tradit
1181 2742 1207 2792 in
1219 2740 1300 2806 primo
1312 2740 1441 2791 Annalium
1453 2739 1526 2804 libre,
1540 2741 1626 2793 voleus
1636 2742 1700 2794 scire
1711 2747 1736 2794 ct
1747 2744 1804 2810 quis
1816 2749 1882 2798 esset

1097 2860 1217 2898 numerus
1230 2845 1331 2897 urbanus
1343 2845 1526 2910 multitudinis,
1544 2848 1572 2898 et
1586 2860 1672 2897 eorum
1685 2847 1729 2913 qui
1748 2848 1880 2900 nasceban-

1099 2955 1140 3001 tur
1155 2952 1276 3001 eteorum
1286 2947 1329 3012 qui
1343 2946 1518 3006 moriebantur,
1532 2951 1559 2999 et
1572 2961 1659 2998 eorum
1674 2950 1719 3014 qui
1729 2950 1755 3001 in
1771 2952 1879 3004 virorum

1098 3065 1228 3104 numerum
1246 3049 1422 3103 reserebantur.
1446 3049 1532 3100 statuit
1554 3052 1641 3116 quanti
1661 3051 1731 3115 pretii
1751 3067 1881 3105 nummum

1097 3173 1143 3224 pro
1156 3154 1258 3220 singulis
1268 3151 1365 3217 cognati
1381 3152 1471 3203 inferre
1483 3152 1603 3204 deberent
1614 3156 1641 3203 in
1653 3154 1769 3205 cerarium
1781 3156 1879 3221 llithym

1100 3261 1189 3323 (quarn
1208 3254 1311 3307 Romani
1323 3258 1413 3305 vocant
1435 3259 1554 3307 lunonem
1576 3258 1711 3320 Lucinam)
1732 3274 1777 3324 pm
1791 3261 1820 3311 iis
1839 3262 1883 3326 qui

1099 3362 1267 3422 nascerentur,
1285 3350 1351 3411 etin
1372 3362 1499 3410 crarium
1512 3361 1616 3411 Veneris
1627 3360 1653 3411 iu
1669 3362 1738 3423 luco,
1753 3377 1829 3428 quam
1843 3366 1883 3418 Li·

1100 3470 1204 3522 bitinam
1213 3469 1367 3532 nuncupant,
1380 3478 1426 3530 pm
1438 3464 1469 3515 iis
1478 3465 1521 3528 qui
1533 3466 1697 3527 monimntum
1712 3470 1738 3519 et
1750 3469 1776 3518 in
1791 3462 1880 3521 luseu-

1101 3574 1174 3633 iutis‚
1188 3584 1234 3638 pro
1246 3570 1277 3621 iis
1297 3569 1341 3635 qui
1353 3569 1418 3619 inter
1432 3567 1499 3619 viros
1519 3569 1609 3621 reterri
1631 3571 1770 3636 inciperent
1787 3593 1794 3623 ε
1817 3574 1883 3627 unde

1099 3677 1244 3742 dignoscere
1263 3676 1361 3739 poterat
1371 3672 1518 3737 quotannis,
1533 3672 1628 3737 etquis
1641 3678 1708 3725 esset
1722 3676 1833 3727 omnium
1849 3677 1884 3729 ci-

1100 3781 1169 3831 riuru
1179 3790 1310 3836 numerus,
1322 3778 1348 3827 et
1359 3775 1404 3841 qui
1414 3788 1446 3826 ex
1456 3775 1504 3826 illis
1514 3776 1616 3827 militari
1626 3781 1707 3828 essent
1719 3780 1802 3830 aetote.
1838 3780 1883 3831 llis

1100 3881 1255 3943 constitutis,
1267 3880 1340 3931 iussit
1350 3892 1437 3931 omnes
1445 3882 1568 3931 ltornuuos
1582 3878 1647 3930 bonu
1663 3880 1771 3932 indicare
1784 3885 1811 3933 et
1821 3896 1882 3935 een·

1101 3999 1156 4037 sere
1170 3984 1282 4050 pecunia
1302 3982 1479 4044 estimatione,
1499 3982 1638 4033 iusiurando
1657 3984 1818 4047 interposito,
1831 3997 1882 4047 quo

1100 4089 1212 4140 iurarent
1223 4100 1280 4139 rere
1296 4088 1323 4138 et
1333 4052 1427 4152 optima
1438 4085 1486 4136 lide
1497 4085 1580 4136 omnia
1592 4099 1637 4135 suu
1650 4085 1714 4136 bonu
1729 4099 1804 4136 censa
1813 4100 1882 4147 esse,

1101 4196 1126 4244 ot
1139 4193 1238 4243 numina
1251 4195 1382 4257 pareutum
1395 4188 1528 4252 exquibus
1546 4190 1630 4240 esseut
1647 4190 1770 4252 procreati
1784 4190 1882 4242 adsed-

1101 4297 1210 4357 bcre,et
1223 4294 1305 4345 utatis
1329 4307 1382 4345 suu
1404 4280 1494 4343 anuum
1514 4291 1656 4352 declarare,
1680 4293 1755 4356 utque
1775 4292 1882 4357 ipserum

1100 4415 1199 4466 quinqua
1216 4400 1348 4464 coniugum
1360 4400 1386 4449 et
1398 4368 1531 4448 liberorum
1549 4395 1647 4446 nemina
1664 4395 1786 4454 scribere,
1798 4395 1883 4446 addito

1100 4510 1125 4555 et
1140 4504 1207 4554 urbis
1226 4503 1292 4553 tribu
1310 4507 1336 4553 et
1351 4503 1403 4566 agri
1422 4515 1484 4566 pugo
1503 4501 1546 4551 ubi
1561 4500 1650 4564 singuli
1675 4500 1819 4550 habitarent.
1853 4499 1882 4549 El

1101 4622 1175 4668 vero,
1194 4609 1237 4673 qui
1250 4623 1340 4659 census
1356 4623 1404 4658 non
1419 4606 1502 4667 luerit,
1515 4605 1684 4669 huncprenam
1700 4602 1840 4667 proposuit,
1853 4607 1882 4652 ut

1102 4711 1172 4762 bouis
1197 4711 1354 4776 spoliaretur,
1370 4715 1397 4762 et
1410 4711 1486 4773 uirgis
1512 4722 1592 4760 cresus
1614 4707 1661 4757 sub
1687 4705 1759 4756 hasta
1778 4704 1880 4756 veniret.

1101 4815 1182 4878 Atque
1191 4811 1233 4862 lex
1246 4811 1295 4862 ista
1306 4812 1350 4862 dds
1362 4810 1430 4875 apud
1441 4813 1563 4861 Romanos
1574 4806 1682 4858 duravit.

1133 4928 1198 4976 xvi.
1216 4929 1319 4977 Peracto
1325 4928 1409 4977 ευθειιι
1416 4938 1490 4976 censu
1500 4926 1526 4975 ct
1536 4923 1635 4982 tabulis,
1643 4917 1882 4984 inquibusomnium

1102 5041 1200 5091 nornine
1211 5040 1303 5105 scripta
1311 5042 1391 5101 erant,
1403 5039 1518 5103 acceptis,
1528 5039 1675 5103 cognitoque
1680 5048 1768 5087 eorurn
1779 5044 1882 5085 numeru

1102 5158 1128 5205 et
1153 5155 1306 5207 fortunarum
1322 5154 1502 5221 magnitudine,
1524 5153 1595 5217 longe
1612 5151 1825 5217 sapientissimum
1843 5150 1883 5199 iu·

1103 5265 1221 5317 stitutum
1229 5270 1255 5318 et
1262 5269 1378 5317 ltnmanae
1388 5264 1533 5330 reipublice
1544 5260 1882 5316 saluberrimumlntrndnuti
