4048 5924
281 418 341 476 458
816 416 988 478 DIONYSll
1012 414 1387 478 HALlCARNASSENSlS

283 547 370 609 ούκέτι
398 547 503 606 πολλῶν
527 548 656 627 ἐγκρατὴς
683 549 784 627 ἐγένετο
799 550 869 610 κατδι
891 530 991 623 ταύτην
1011 550 1058 623 τὴν
1087 559 1090 593 ⁵
1117 558 1282 620 ingenuorum
1303 555 1449 620 corporibus
1464 554 1490 604 in
1508 551 1719 617 bacerpeditione
1732 551 1771 601 est
1790 551 1898 616 potitus.

285 638 434 717 στρατείαν·
451 639 475 694 ol
500 636 551 717 γδιρ
568 635 700 718 ἄνθρωποι
722 638 756 697 τδι
770 639 894 698 πλείστου
913 640 973 708 ἄξια
1002 662 1063 698 ouc-
1117 646 1186 709 (lam
1201 645 1265 695 euim
1279 644 1357 695 multo
1375 647 1433 695 onte
1446 642 1578 694 carissimis
1599 642 1741 705 quibusque
1755 642 1832 692 rebus
1849 642 1902 692 col·

285 724 457 801 κευασάμενοι
480 725 639 805 παλαίτερον
653 725 692 785 ἔτι
708 727 955 807 κατεπεφεύγεσαν,
970 730 994 787 σί
1014 728 1062 804 μὲν
1116 734 1362 797 lectiscoulugemut,
1375 732 1418 783 alii
1428 732 1455 782 iu
1466 731 1563 791 urbem,
1576 730 1653 781 aliiin
1662 730 1775 795 proxima
1786 730 1898 790 castella,

287 816 321 880 εἷς
335 812 383 884 τὴν
398 812 485 885 πόλιν,
500 817 524 873 οἱ
537 814 560 872 δ’
576 817 612 880 είς
625 817 658 873 τδι
673 814 785 885 πλησίον
801 816 923 896 φρούρια,
936 814 961 874 εί
970 819 1018 872 τιν’
1032 807 1063 888 ἦν
1102 836 1172 887 'quar
1185 822 1350 873 munitissima
1363 824 1446 885 erant)
1459 821 1504 873 sed
1513 833 1600 870 eorum
1614 833 1698 884 pecus,
1713 819 1783 883 quod
1798 823 1898 872 mature

244 939 256 976 g
285 899 450 980 ἐχυρώτατα·
465 898 538 958 τδιδέ
552 900 700 979 βοσκήματ’
714 902 883 974 αὐτῶν,ὅσα
903 905 953 982 οὐχ
969 889 1019 964 οἷοί
1035 925 1063 960 τε
1117 911 1215 974 abigere
1229 925 1278 963 oon
1302 913 1449 976 potuerant,
1471 921 1606 973 servosque
1625 908 1650 960 id
1672 911 1800 973 pascentes
1813 909 1898 973 cepit,
2004 907 2006 910 ⁴

286 982 355 1061 ἦσαν
367 988 510 1064 airaldum,
517 990 561 1047 καὶ
576 989 636 1059 τοὺς
649 990 775 1067 νέμοντας
788 993 948 1071 θεράποντας
959 990 1065 1068 λαμόοί-
1119 1003 1334 1065 frumentumque,
1346 1000 1414 1065 quod
1430 1000 1512 1051 adhuc
1533 1000 1558 1049 in
1577 998 1643 1050 areis
1658 998 1773 1055 iacebat.
1789 1000 1901 1066 aliasque

286 1100 323 1136 νει
336 1076 380 1137 τόν
392 1101 421 1136 τε
431 1085 502 1136 σῖτον
510 1079 554 1136 τὸν
562 1082 588 1138 ἐν
597 1080 654 1147 ταῖς
662 1078 761 1139 άλωσιν
771 1079 810 1139 ἔτι
821 1078 941 1151 κείμενον
949 1078 994 1136 καὶ
1007 1075 1065 1142 τοὺς
1118 1089 1216 1155 fruges,
1237 1103 1294 1155 quae
1312 1088 1351 1139 rel
1375 1088 1459 1139 adbuc
1473 1089 1497 1138 in
1522 1088 1639 1139 manibus
1653 1101 1801 1139 pressorum
1814 1092 1898 1148 erant,

287 1164 382 1232 ἄλλους
395 1164 522 1243 καρποὺς,
537 1165 595 1234 τούς
604 1166 652 1245 μὲν
668 1170 694 1226 ἒν
708 1168 799 1248 χερσίν
815 1168 902 1241 ὄντας,
912 1166 970 1233 τοὺς
979 1165 1006 1226 δὲ
1019 1168 1065 1225 καὶ
1120 1182 1160 1231 vel
1170 1182 1218 1230 ium
1228 1179 1338 1229 collectae
1348 1179 1455 1237 lucrant,
1468 1176 1628 1241 absportavit.
1642 1180 1708 1227 Cum
1723 1177 1801 1242 lgitur
1816 1179 1900 1229 omnia

287 1253 539 1328 συγκεκομισμένους
550 1256 707 1334 ἀναιρεῖται.
719 1255 904 1334 Προνομεύσας
915 1257 942 1315 δὲ
954 1256 999 1313 καί
1012 1257 1066 1314 δια·
1120 1272 1242 1321 vastasset
1257 1265 1466 1332 diripuissetque,
1492 1266 1561 1316 nullo
1580 1252 1664 1318 seculo
1684 1267 1801 1331 congredi
1822 1281 1899 1325 auso.

236 1367 260 1405 ιο
287 1339 421 1418 πορθήσας
435 1338 552 1416 ἅπαντα,
567 1343 669 1410 οθθενθι
685 1343 768 1420 θμόσε
782 1347 906 1423 χωρῆσαι
916 1342 1066 1418 τολμήσειν·
1120 1359 1203 1423 copias
1219 1356 1311 1421 ingenti
1329 1355 1414 1421 prada
1435 1358 1539 1406 οουοιοα
1550 1358 1627 1420 atqua
1643 1355 1699 1407 ideo
1714 1355 1781 1407 lente
1801 1357 1849 1406 iter
1863 1356 1902 1407 ts-

285 1451 340 1501 τος,
353 1431 455 1504 ἀπῆγεν
466 1432 508 1489 ἐπ’
522 1430 594 1491 οἴκου
604 1430 652 1503 τὴν
661 1431 787 1511 στρατιάν
798 1437 909 1511 βαρεῖαν
920 1424 1000 1493 οὖσαν
1012 1433 1063 1506 ἤδη
1120 1448 1213 1499 cientes
1225 1446 1329 1497 domum
1340 1443 1460 1497 reduxltt.

285 1520 323 1596 τῷ
344 1518 438 1589 πλήθει
453 1522 506 1577 τῶν
520 1520 652 1599 ώρελειῶν
669 1518 715 1580 καί
730 1524 815 1602 σχολῇ
830 1521 1022 1602 πορευομένην.

326 1607 416 1668 xvii.
441 1606 701 1670 uitiosorum
723 1612 754 1670 τὸ
774 1611 880 1685 μέγεθος
895 1616 942 1682 τῆς
957 1613 1066 1688 κομιζο-
1152 1622 1230 1671 xvii.
1248 1618 1332 1670 Volsci
1349 1622 1448 1678 autem,
1461 1632 1517 1669 cunr
1539 1620 1635 1668 tantun
1648 1615 1903 1683 praedamab'errivi-

287 1692 367 1768 μένης
381 1691 453 1760 λείας
469 1697 595 1772 δρῶντες,
616 1697 740 1776 καὶπερὶ
759 1702 806 1768 τῆς
826 1696 969 1776 Ῥωμαίων
985 1696 1065 1757 άτολ-
1122 1709 1218 1768 dorent,
1232 1712 1258 1759 et
1268 1711 1436 1759 Romanorum
1457 1707 1619 1758 timiditatem
1631 1706 1761 1766 audirent,
1773 1706 1831 1771 qui,
1844 1720 1903 1757 curn

236 1803 259 1842 ιε
288 1781 349 1860 μίας
360 1782 508 1860 ἀκούοντες,
521 1782 547 1842 οἳ
557 1783 588 1857 δὴ
599 1786 664 1853 τέως
673 1786 720 1855 την
728 1788 868 1867 ἀλλοτρίαν
878 1792 1066 1859 λεηλατοῦντες
1122 1801 1181 1849 ante
1196 1796 1300 1847 aliorum
1312 1810 1385 1862 agros
1395 1795 1443 1859 ipsi
1455 1793 1640 1859 popularentur,
1651 1808 1718 1846 nunc
1726 1795 1903 1845 suosincons-

287 1873 369 1938 ἀδεῶς
383 1872 443 1932 τότε
457 1873 505 1947 τὴν
521 1878 608 1935 αύτῶν
622 1880 673 1954 γῆν
685 1877 821 1957 ἠνείχοντο
832 1880 977 1960 δῃουμένην
989 1882 1066 1958 ὁρῶν·
1123 1890 1197 1951 pectu
1219 1899 1265 1935 suo
1277 1885 1378 1949 impune
1392 1883 1485 1934 vastari
1499 1886 1652 1948 paterentur,
1669 1897 1772 1948 magnos
1788 1898 1902 1950 sumpse·

285 1984 344 2036 τες,
359 1962 516 2041 αὐχήματός
527 1987 555 2022 τε
570 1965 688 2042 μεγάλου
707 1967 904 2042 ἐνεπίμπλαντο
919 1967 964 2026 καλ
980 1968 1066 2025 ἐλπίδι
1124 1977 1183 2025 runt
1196 1974 1311 2038 spiritus,
1331 1977 1356 2025 et
1370 1972 1468 2037 imperii
1487 1985 1558 2036 spem
1573 1976 1758 2037 conceperunt,
1770 1974 1843 2037 quasi
1854 1974 1903 2026 iarn

287 2041 354 2123 ἦσαν
370 2052 532 2129 ἡγεμονίας,
553 2055 588 2119 ώς
603 2052 635 2124 δὴ
651 2053 740 2134 ῥᾴδιον
763 2055 808 2113 καλ
824 2059 850 2115 ἐν
865 2055 963 2136 ἑτοίμῳ
978 2053 1065 2133 σρίσιν
1124 2062 1195 2114 facile
1207 2065 1233 2113 et
1250 2062 1352 2112 minimo
1367 2062 1463 2126 negotio
1483 2062 1682 2113 adversariorum
1696 2065 1832 2126 potentiam
1843 2078 1904 2128 pos·

286 2136 317 2198 δν
344 2142 494 2199 καταλῦσαι
514 2140 633 2211 τὴντῶν
657 2142 808 2201 ἀντιπάλων
831 2143 918 2223 ἰσχύν.
964 2143 1066 2209 Θυσίας
1124 2155 1179 2204 sent
1192 2155 1312 2204 evertere.
1346 2155 1378 2202 Et
1393 2152 1583 2217 supplicationes
1592 2151 1641 2202 diis
1649 2152 1820 2214 decreverunt,
1834 2152 1903 2204 dica·

234 2260 261 2300 20
287 2254 316 2288 τε
326 2229 513 2309 χαριστηρίους
523 2234 576 2296 τοῖς
592 2237 656 2298 θεοῖς
672 2234 806 2290 ἐποιοῦντο
817 2232 864 2291 καί
877 2232 981 2291 σκύλων
997 2234 1065 2288 άνα-
1125 2241 1206 2305 tisque
1226 2241 1315 2306 spoliis
1337 2242 1426 2304 templa
1451 2244 1477 2291 et
1492 2241 1544 2291 tora
1567 2244 1703 2302 ornarunt3
1726 2254 1859 2304 omnesque
1875 2241 1905 2292 in

287 2318 356 2377 θέσει
372 2316 430 2383 τούς
444 2315 508 2384 νεὼς
522 2318 568 2376 καλ
581 2315 628 2385 τδις
646 2318 744 2398 ιἰγορθις
765 2318 913 2397 ἐκόσμουν,
937 2319 983 2378 καὶ
996 2311 1064 2391 Ιἦσαν
1125 2331 1307 2397 epulationibus
1319 2335 1344 2382 et
1363 2330 1451 2381 loetitia
1471 2330 1647 2393 versabantur,
1670 2333 1696 2382 et
1713 2332 1832 2382 Marcium
1845 2346 1904 2383 cnm

288 2406 401 2474 ἅπαντες
423 2409 449 2466 ἐν
465 2411 567 2488 ἑορταῖς
588 2409 634 2467 καὶ
649 2408 812 2477 εὐπαθείαις,
831 2409 875 2467 τόν
892 2432 921 2468 τε
942 2410 1064 2489 Μάρκιον
1126 2420 1286 2471 admiratione
1294 2419 1394 2471 assidue
1409 2419 1582 2481 celebrabant,
1597 2423 1654 2471 tum
1665 2420 1734 2484 quod
1746 2421 1781 2471 rei
1790 2421 1903 2472 militaris

289 2495 415 2574 ἀγάμενοι
431 2494 477 2553 καὶ
493 2499 631 2573 ὑμνοῦντες
645 2497 790 2570 διετέλουν,
810 2498 845 2564 ῶς
860 2496 901 2569 εἴη
915 2497 949 2557 τά
968 2522 998 2557 τε
1012 2519 1064 2557 πο-
1125 2514 1221 2560 ceteros
1244 2509 1361 2560 mortales
1384 2512 1528 2573 superaret,
1551 2512 1605 2559 turn
1622 2509 1689 2570 quod
1711 2508 1848 2574 inoperatur
1860 2524 1902 2561 es-

287 2584 367 2661 λέμια
382 2584 528 2653 δεινότατος
544 2586 688 2666 ἀνθρώπων
705 2587 750 2646 καὶ
763 2588 926 2665 στρατηγὸς,
944 2579 995 2653 οἷος
1005 2586 1064 2647 οὔτε
1125 2603 1172 2659 set,
1188 2598 1271 2661 qualis
1282 2597 1365 2647 nullus
1382 2598 1444 2647 alius
1460 2601 1505 2648 aut
1517 2599 1685 2647 llomanorum
1703 2600 1746 2648 aut
1761 2599 1903 2648 Graecorum

235 2700 260 2738 rs
287 2672 422 2751 Ῥωμαῖος
432 2672 485 2731 οὔτ’
497 2672 575 2742 ἄλλος
588 2673 771 2754 [στρατηγὸς]
786 2673 923 2745 Ἑλλήνιον
938 2674 955 2745 ἢ
968 2673 1065 2753 βαρὸά·
1125 2685 1170 2732 aut
1184 2682 1345 2732 barbarorum
1362 2681 1469 2731 luisset:
1487 2680 1531 2730 sed
1550 2680 1677 2745 praecipue
1694 2681 1749 2731 eius
1762 2681 1902 2732 latinitatem

289 2783 339 2839 ρων
354 2763 448 2827 οὐδείς.
493 2763 622 2822 Μάλιστα
637 2761 665 2822 δέ
681 2768 727 2835 τῆς
741 2762 825 2842 τύχης
839 2763 918 2821 αὐτὸν
933 2763 1064 2842 ἐμακάρι·
1124 2768 1304 2834 predicabant,
1326 2768 1393 2831 quod
1417 2767 1513 2825 omnia,
1535 2780 1593 2830 quae
1617 2780 1748 2832 aggressus
1775 2772 1849 2829 esset,
1873 2783 1902 2819 ur

288 2850 347 2918 ζον,
372 2847 478 2906 ἅπαντα
497 2848 566 2917 ὅσοις
585 2853 761 2931 ἐπιχειρήσειε
776 2851 846 2910 κατά
864 2851 971 2930 γνώμην
994 2854 1066 2931 αὐτῷ
1122 2857 1199 2908 animi
1207 2858 1329 2908 sententia
1337 2857 1446 2907 sineullo
1459 2855 1544 2906 labore
1552 2855 1599 2919 ipsi
1608 2856 1901 2909 succedereriderentur.

288 2941 476 3017 προχωροῦντα
493 2940 604 3017 δρῶντες
625 2939 688 3017 δίχα
703 2940 793 3000 πόνου.
823 2936 911 2999 Ὥστε
932 2941 1015 3008 οὐδεὶς
1033 2932 1065 3012 ἦν
1125 2949 1282 3011 Quapropter
1298 2946 1381 2996 nullus
1400 2949 1453 2995 erat
1467 2943 1581 2994 militaris
1596 2942 1695 3003 aetatis,
1708 2943 1820 3006 quieius
1835 2944 1903 2995 ducis

287 3027 338 3083 τῶν
352 3022 528 3103 ἐχόντωντὴν
549 3026 741 3105 στρατεύσιμον
762 3025 886 3099 ἡλικίαν,
909 3026 936 3097 δς
957 3029 1066 3088 άπολεί-
1124 3035 1233 3100 auspicia
1244 3034 1315 3097 sequi
1335 3037 1479 3084 recusaret:
1497 3032 1540 3082 sed
1553 3044 1639 3081 omnes
1662 3045 1747 3081 rerum
1762 3032 1795 3082 ab
1809 3047 1901 3097 coges·

235 3143 262 3182 το
287 3115 383 3172 πεσθαι
396 3116 442 3171 τοῦ
457 3111 548 3189 ἀνδρὸς
562 3112 635 3184 ἠξίου
645 3158 653 3191 ,
668 3111 737 3172 aiil
747 3113 844 3183 πάντες
855 3113 979 3194 ώρμηντο
990 3116 1066 3195 μετί-
1124 3128 1207 3175 tarum
1219 3122 1352 3189 participes
1366 3136 1421 3172 esse
1438 3121 1587 3186 cupiebant,
1601 3123 1627 3170 ct
1643 3133 1675 3170 ex
1688 3121 1806 3172 omnibus
1819 3107 1909 3188 popul

286 3223 343 3280 χειν
358 3203 411 3259 τῶν
426 3199 563 3279 πράξεων,
579 3202 624 3260 καλ
635 3201 766 3283 συνῄεσαν
776 3206 812 3270 ὡς
827 3204 907 3262 αὐτὸν
918 3203 944 3273 ἐξ
959 3206 1066 3279 δπάσης
1123 3213 1155 3263 lis
1166 3213 1199 3263 ad
1215 3226 1273 3262 eum
1290 3212 1453 3262 confluebant.
1473 3213 1507 3261 At
1525 3210 1668 3274 imperator.
1682 3214 1816 3275 postquam
1834 3213 1905 3264 Vols-

287 3290 400 3356 πολεωτ.
443 3288 478 3350 Ὁ
504 3290 531 3349 δὲ
554 3292 716 3371 στρατηγὸς,
738 3292 829 3365 ἐπειδὴ
854 3294 903 3365 τὴν
917 3293 1065 3374 προθυμίαν
1123 3317 1209 3354 corum
1223 3302 1376 3353 alacritatem
1391 3299 1711 3358 oonlirmavit,etbostium
1728 3300 1904 3354 fortitudinem

286 3381 338 3436 τῶν
353 3377 530 3439 Οὐολούσκων
546 3379 695 3459 ίπέρρωσε,
707 3380 754 3440 καὶ
767 3380 798 3439 τδ
806 3383 857 3439 τῶν
871 3382 1006 3459 πολεμίων
1017 3385 1064 3440 ἂν·
1123 3391 1156 3442 ad
1175 3390 1297 3442 humilem
1309 3395 1335 3441 et
1346 3390 1460 3455 ignaram
1472 3387 1569 3439 consilii
1581 3388 1689 3452 inopiam
1703 3386 1806 3452 redegit,
1820 3390 1905 3441 socias

288 3467 372 3549 δριῖον
382 3467 418 3534 εἷς
428 3466 555 3539 ταπεινὴν
569 3468 616 3527 καί
630 3469 756 3548 ἄνανδρον
770 3468 938 3529 κατέκλεισεν
952 3472 1065 3549 άμηχα-
1124 3492 1209 3531 eorum
1222 3479 1345 3540 civitates,
1355 3493 1413 3543 quoe
1422 3477 1506 3528 iulide
1516 3476 1658 3535 manebant,
1671 3475 1808 3527 exercitum
1827 3478 1904 3530 duxit

235 3590 262 3628 γε
288 3558 659 3642 νίαν,ἐπλτδιςσυμμαχίδας
675 3564 762 3620 αὐτῶν
777 3563 867 3630 πολεις
886 3560 986 3622 δ’σαιτδ
1001 3586 1067 3623 πισ·
1124 3569 1249 3632 rebusque
1269 3568 1302 3618 ad
1317 3566 1524 3633 oppugnationem
1545 3567 1686 3618 necessaria
1707 3568 1838 3617 contestim
1852 3583 1899 3633 pa·

288 3649 333 3708 τδν
348 3646 519 3730 διεφύλαττον
534 3640 583 3730 ἦγε
597 3649 646 3722 τὴν
661 3651 781 3729 δύναμιν·
796 3650 841 3710 καὶ
857 3652 951 3710 αὐτίκα
963 3655 1069 3729 ἕτοιμα·
1126 3657 1204 3719 ratis,
1219 3657 1245 3707 in
1261 3646 1403 3717 Tolerinus,
1422 3653 1501 3705 Latini
1512 3653 1619 3704 nominis
1636 3654 1769 3718 populum,
1784 3655 1903 3720 impetum

289 3736 401 3815 σάμενος
416 3737 465 3796 ὅσα
481 3739 516 3804 εἰς
530 3738 685 3818 πολιορκίαν
700 3738 824 3821 χρήσιμα
837 3732 885 3811 ἦν,
898 3739 941 3798 ἐπὶ
955 3740 1067 3821 Τολερί·
1125 3745 1185 3797 lecit
1228 3745 1334 3797 Tolerini
1354 3758 1430 3805 vero,
1445 3745 1495 3794 iam
1508 3742 1586 3793 multo
1600 3747 1658 3793 ante
1670 3745 1766 3808 paratis
1783 3743 1857 3795 rebus
1872 3744 1903 3795 ad

288 3851 346 3895 νους
353 3827 456 3887 ἐλαύνει
464 3833 509 3887 τοῦ
516 3827 637 3886 Λατίνων
647 3827 725 3897 ὄντας
737 3828 833 3896 ἔθνους.
844 3832 880 3889 Οἱ
895 3830 921 3888 δὲ
934 3831 1066 3909 Τολερῖνοι
1124 3835 1216 3886 bellum
1233 3834 1388 3894 necessariis,
1404 3837 1429 3884 et
1441 3832 1524 3892 rebus,
1537 3844 1594 3895 quoe
1605 3831 1632 3880 in
1646 3833 1712 3896 agris
1729 3836 1815 3894 erant,
1827 3833 1852 3882 in
1863 3847 1904 3883 ur·

288 3916 340 3994 πρδ
354 3918 454 3977 πολλοῦ
473 3919 743 3997 παρασκευασάμενοι
761 3919 796 3977 τά
820 3920 855 3987 είς
870 3919 913 3978 τὸν
932 3919 1065 3997 πολεμον,
1124 3926 1180 3977 bem
1196 3924 1366 3991 comportatis,
1376 3924 1430 3975 eius
1440 3925 1560 3988 impetum
1569 3924 1727 3991 excipiebant
1738 3929 1780 3977 :et
1790 3925 1905 3988 aliquaru-

236 4032 263 4069 ru
289 4005 335 4063 καί
357 4006 391 4066 τδι
406 4009 436 4065 ἐκ
458 4012 506 4080 τῆς
528 4005 616 4088 χώρας
636 4007 734 4080 εἰςτὴν
757 4006 834 4067 πολιν
850 4008 1067 4085 συγκεκομικότες
1123 4015 1167 4067 diu
1187 4029 1219 4066 ex
1240 4014 1318 4065 muris
1337 4015 1385 4078 ipsi
1408 4013 1567 4075 restiterunt,
1583 4014 1725 4079 multosque
1740 4013 1772 4064 dc
1792 4013 1904 4064 bostibus

289 4090 411 4170 ἰδέχοντο
421 4094 503 4171 αύτδν
518 4094 635 4155 ἐπιόντα·
649 4094 694 4155 καλ
704 4095 798 4176 χρόνον
817 4094 865 4170 μέν
883 4097 932 4153 τιν’
947 4098 1066 4177 ἀντεῖχον
1123 4105 1299 4167 vulnerarunt,
1324 4103 1441 4154 deindea
1462 4102 1628 4155 funditoribus
1647 4102 1760 4167 depulsi,
1782 4108 1859 4169 atque
1871 4103 1903 4154 ad

290 4178 344 4237 δπδ
358 4183 411 4238 τῶν
427 4187 523 4264 τειχῶν
538 4184 702 4266 μαχόμενοι,
717 4185 763 4245 καλ
782 4181 894 4252 πολλοὺς
913 4187 966 4244 τῶν
985 4189 1067 4246 πολε-
1123 4195 1290 4260 vespertinum
1313 4206 1393 4257 usque
1409 4192 1585 4257 crepusculum
1607 4192 1721 4257 fatigati,
1738 4193 1826 4244 multis
1844 4193 1904 4242 locis

291 4265 357 4345 μίων
372 4268 551 4348 κατέτρωσαν·
566 4270 658 4333 ἔπειτα
670 4271 723 4332 ίιπδ
740 4275 793 4332 τῶν
804 4272 984 4352 σφενδονητῶν
1000 4275 1067 4333 dua·
1122 4282 1213 4332 moenia
1226 4281 1419 4345 dereliquerunt.
1453 4284 1550 4339 Quare
1563 4280 1668 4345 cognita,
1686 4281 1795 4331 Marcius
1810 4284 1904 4331 ceteros

289 4355 442 4434 τελλίμενοι
465 4361 510 4418 καλ
534 4361 613 4440 μέχρι
633 4361 719 4434 δείλης
742 4361 818 4444 δψίας
838 4363 1067 4442 ταλαιπωροῦντες
1122 4372 1212 4423 milites
1235 4370 1268 4421 ad
1282 4371 1388 4422 nudatas
1408 4384 1537 4421 murorum
1560 4374 1645 4435 partes
1664 4370 1746 4421 scalas
1770 4371 1903 4421 admovere

237 4473 262 4510 ιο
289 4445 455 4526 πολλδιμέρη
469 4452 515 4506 τοῦ
529 4451 630 4530 τείχους
644 4450 773 4519 ἐξέλιπον.
807 4451 895 4510 Τοῦτο
905 4451 1067 4528 καταμαθών
1122 4459 1209 4519 iussit,
1225 4459 1278 4524 ipse
1294 4472 1354 4510 vero
1368 4458 1807 4509 cumlectissimistotiusexercitus
1822 4458 1903 4511 militi

290 4542 303 4597 δ
320 4535 457 4616 Μάρκιος,
477 4538 531 4605 τοῖς
548 4535 595 4615 μὲν
608 4537 697 4608 ἄλλοις
717 4539 890 4620 στρατιώταις
905 4540 1067 4619 παρήγγειλε
1123 4547 1169 4597 λκιο
1182 4546 1215 4597 ad
1227 4549 1312 4612 portas
1328 4548 1470 4611 contendit,
1490 4547 1549 4619 licet
1561 4546 1619 4598 telis
1631 4547 1664 4598 de
1678 4547 1790 4599 turribus
1808 4551 1901 4614 peloro·

289 4624 422 4704 κλίμακας
435 4626 590 4708 προσφέρειν
610 4631 678 4688 κατὰ
699 4628 733 4689 τδι
753 4629 922 4707 γυμνούμενα
938 4628 1005 4706 μέρη
1020 4634 1066 4687 τοῦ
1124 4640 1186 4687 tur:
1204 4636 1337 4701 tractisque
1348 4637 1480 4702 repagulis,
1494 4637 1591 4702 primus
1606 4636 1692 4687 urbem
1709 4636 1856 4701 ingreditur.
1868 4640 1901 4687 Ao

290 4714 452 4795 περιόόλου,
478 4716 555 4784 αὐτὸς
573 4717 600 4776 δέ
621 4715 682 4785 τούς
706 4716 860 4799 κρατίστους
883 4719 929 4788 τῆς
943 4727 1068 4795 στρατιᾶς
1124 4728 1301 4794 portasautem
1314 4726 1399 4792 ingens
1414 4731 1440 4778 et
1457 4727 1539 4778 valida
1556 4726 1667 4779 hostium
1682 4739 1771 4776 manus
1785 4724 1900 4777 substite-

290 4801 433 4863 ἀναλαύὼν
448 4803 492 4863 ἐπὶ
512 4802 559 4873 τδις
576 4806 660 4873 πύλας
682 4803 752 4866 ἵεται
768 4806 928 4886 βαλλόμενος
949 4804 1002 4864 άπὸ
1016 4809 1068 4864 τῶν
1124 4820 1172 4876 rat,
1184 4814 1228 4880 qui
1242 4813 1425 4880 eiusimpetuur
1441 4815 1537 4867 fortiter
1558 4819 1726 4879 exceperunt,
1742 4818 1769 4865 et
1783 4813 1827 4865 dlu
1838 4816 1901 4864 stre·

236 4915 263 4954 so
289 4890 416 4973 πύργων,
441 4894 487 4954 καλ
517 4895 657 4977 διαρρήξας
680 4896 738 4964 τοὺς
770 4894 884 4978 μοχλούς
898 4893 1068 4977 ,παρέρχεται
1123 4918 1174 4956 nuc
1190 4908 1325 4970 pugnantes
1334 4905 1381 4969 ipsi
1395 4904 1540 4955 restiterunt
1556 4903 1713 4955 :scdmultis
1722 4916 1811 4956 eorum
1820 4901 1902 4959 casis,

288 4983 391 5058 πρῶτος
406 4983 441 5049 εἰς
454 4983 502 5054 τὴν
517 4984 606 5046 πόλιν.
622 4976 676 5046 Ἧν
695 4985 717 5043 δ’
733 4984 876 5064 ἐφεστηκὸς
895 4988 953 5054 ταῖς
972 4987 1069 5050 πύλαις
1125 4994 1213 5059 reliqui
1237 4998 1306 5060 terga
1327 4996 1469 5053 verterunt,
1492 4995 1518 5044 et
1534 4992 1640 5059 dispersi
1662 5006 1706 5057 per
1728 4991 1799 5044 uicos
1821 4992 1903 5057 lugere

287 5068 357 5126 πολύ
370 5071 417 5129 καὶ
431 5074 558 5154 καρτερὸν
573 5075 663 5154 στῖφος
679 5079 731 5136 τῶν
742 5075 890 5151 πολεμίων,
905 5074 931 5135 οἳ
947 5069 1069 5156 δέχονταί
1124 5084 1264 5147 coeperunt,
1282 5083 1327 5134 ille
1343 5096 1403 5133 vero
1416 5095 1430 5131 a
1445 5084 1515 5146 tergo
1530 5080 1653 5143 instabat,
1669 5080 1770 5132 cadens
1782 5080 1866 5132 hostes
1878 5081 1904 5129 et

290 5154 315 5209 τ’
331 5155 408 5215 αύτδν
430 5158 584 5239 ἐρρωμένως
606 5164 652 5223 καὶ
668 5163 747 5242 μέχρι
765 5165 864 5221 πολλοῦ
887 5162 1068 5242 διεκαρτέρουν
1123 5185 1287 5236 quoscunque
1300 5170 1489 5234 assequebatur,
1503 5174 1529 5221 et
1538 5172 1662 5234 quotquot
1673 5170 1777 5221 abiectis
1791 5168 1903 5220 armisse

291 5241 483 5320 θγωνῑζύμενοι·
498 5249 602 5309 πολλῶν
624 5248 646 5306 δ’
667 5250 862 5329 ἀναιρεθέντων,
883 5248 1025 5329 τρέπονται
1042 5253 1066 5309 οἱ
1131 5260 1164 5311 od
1177 5273 1262 5321 preces
1276 5274 1325 5310 non
1346 5259 1532 5312 convertebant.
1566 5261 1662 5311 Interea
1683 5273 1744 5310 rero
1766 5258 1837 5309 etei
1858 5251 1903 5318 (pli
