4034 5922
463 639 902 768 ΔΙΟΝΥΣΙΟΥ

558 862 811 925 ΑΛΕΞΑΝΔΡΟΥ
1088 768 1092 957 ί

1322 645 1690 775 DlONYSll

1368 869 1591 932 ALEXANDRI
1610 871 1646 931 F.

385 1041 976 1143 ΑΛΙΚΑΡΝΑΣΕΩΣ
1053 1044 1091 1144 ,l
1141 1041 1879 1150 Halileahhhssahsls

403 1246 627 1313 Pennana
653 1246 961 1311 inmroaornn
1194 1240 1520 1325 nnnreurmruh
1551 1242 1829 1314 Romanarum

539 1411 641 1458 ΛΟΓΟΣ
658 1407 827 1456 ΔΕΥΤΕΡΟΣ.
1370 1404 1463 1454 LlBEli
1479 1405 1649 1455 SECUNDUS.

602 1568 753 1582 —-
1450 1558 1560 1577 —

331 1717 352 1773 l.
381 1711 416 1770 ‘ii
438 1707 581 1786 Ῥωμαίων
595 1707 668 1773 πολις
690 1704 793 1784 ἵδρυται
815 1703 862 1777 μὲν
878 1704 904 1760 ἐν
919 1708 973 1765 τοῖς
986 1702 1063 1757 ἔσπε-
1153 1710 1174 1757 i.
1188 1705 1254 1756 Urba
1265 1709 1341 1757 Roma
1353 1708 1400 1757 sita
1409 1710 1447 1758 eat
1461 1708 1486 1758 ln
1497 1710 1687 1761 accidentalibus
1697 1712 1774 1762 ltallre
1783 1715 1895 1777 parlihut

295 1804 356 1882 θίθῑί
375 1798 464 1878 δέρω*
479 1800 527 1866 τῆς
541 1794 656 1884 Ἰτθόίθί
670 1791 744 1871 παρὰ
757 1787 876 1866 ποταμὸν
890 1787 1018 1865 mimi
1038 1785 1065 1853 ὃς
1120 1811 1150 1861 ad
1160 1813 1267 1863 Tiberim
1280 1814 1377 1873 humen,
1388 1812 1527 1875 quodcirca
1536 1814 1644 1864 medinm
1656 1815 1732 1865 terme
1741 1816 1798 1865 litus
1807 1816 1894 1876 eliud,

292 1888 360 1947 κατὰ
374 1885 457 1963 μέσην
473 1885 588 1961 μάλιστα
602 1881 650 1952 τὴν
666 1880 748 1949 ἀκτὴν
765 1877 912 1951 ἐκδίδωσιν,
927 1874 1064 1954 ἀπέχουσα

291 1981 337 2047 τῆς
346 1977 513 2055 Τυρρηνικῆς
526 1972 654 2042 θαλάττης
666 1967 758 2027 έκατδν
770 1964 851 2024 είκοσι
861 1962 987 2028 σταδίους.
1029 1964 1065 2021 Οἱ

250 2094 263 2128 ιι
291 2065 319 2123 δέ
340 2062 516 2142 κατασχόντες
534 2059 614 2129 αὐτὴν
636 2060 735 2136 πρῶτοι
757 2058 809 2112 τῶν
831 2049 1064 2129 μνημονευομένων

293 2152 420 2233 Ιθάρόαροί
443 2173 510 2215 τινες
528 2140 596 2220 ἦσαν
612 2145 767 2224 αὐτόχθονες
791 2139 897 2200 Σικελοὶ
917 2141 1063 2216 λεγόμενοι,

290 2239 377 2299 πολλὰ
400 2238 447 2295 καὶ
474 2237 542 2295 άλλα
566 2238 613 2304 τῆς
636 2232 749 2294 Ἰταλίας
762 2228 846 2309 χωρία
870 2226 1063 2304 κατασχόντες,

291 2321 327 2388 ὧν
340 2332 386 2388 ούκ
405 2326 480 2403 ὀλίγα
496 2325 622 2399 διέμεινεν
632 2321 685 2380 οὔδ’
697 2322 784 2398 ἀρανῆ
796 2317 911 2392 μνημεῖα
926 2315 1004 2391 μέχρι
1012 2317 1064 2372 τῶν

291 2420 351 2475 καθ’
367 2421 437 2493 ἡμᾶς
451 2414 568 2493 χρόνων,
587 2413 613 2470 ἐν
627 2398 665 2474 σ’ίς
689 2407 735 2465 καὶ
747 2404 834 2464 τόπων
848 2406 926 2462 τινῶν
947 2405 1063 2478 ὀνόματα

239 2537 263 2572 ι..
294 2503 421 2566 Σικελικὰ
440 2501 582 2578 λεγόμενα,
598 2495 730 2575 μηνύοντα
743 2492 791 2563 τὴν
806 2493 890 2551 πάλαι
904 2494 962 2548 ποτ’
979 2493 1063 2548 αὐτῶν

292 2594 434 2666 ἐνοίκησιν.
483 2587 599 2653 Τούτους
630 2582 783 2647 έκύαλόντες
810 2579 967 2657 Ἀύοριγῖνες
990 2581 1063 2636 αύτολ

291 2682 420 2761 κατέσχον
439 2677 482 2737 τθν
502 2676 595 2746 τόπον,
611 2673 752 2752 Οἰνώτρων
776 2669 846 2735 ὄντες
874 2666 995 2745 ἀπόγονοι
1012 2671 1064 2725 τῶν

293 2767 483 2829 κατοικούντων
503 2762 551 2836 τὴν
577 2763 630 2822 ἀπὸ
654 2763 791 2842 Τάραντος
811 2758 872 2838 ἄχρι
888 2757 1064 2821 Ποσειδωνίας

1122 1921 1196 1981 alque
1210 1932 1225 1968 a
1240 1918 1302 1968 mari
1319 1916 1446 1982 Tyrrheno
1463 1918 1533 1969 abest
1546 1932 1592 1969 cxx
1609 1919 1701 1970 stadiis.
1735 1923 1794 1970 Eam
1807 1926 1894 1972 lenne-

1120 2025 1178 2073 runt
1197 2022 1269 2087 primi
1287 2022 1397 2073 emnium
1414 2022 1541 2073 hominnm
1557 2023 1600 2087 qui
1616 2030 1782 2074 memorantur
1797 2025 1896 2076 harhari

1120 2125 1220 2190 quidam
1236 2124 1361 2188 indigente,
1377 2123 1451 2175 Siculi
1470 2123 1593 2188 appellati,
1606 2126 1649 2188 qni
1666 2126 1739 2176 etiam
1753 2127 1831 2177 muita
1846 2127 1895 2177 alia

1120 2227 1198 2278 ltaliae
1212 2228 1265 2277 loca
1277 2226 1446 2290 oeenpahant,
1459 2240 1563 2289 quarum
1574 2241 1620 2277 οοο
1635 2242 1712 2291 panea
1729 2242 1773 2277 nen
1786 2229 1893 2279 abacum

1119 2336 1276 2384 monumenta
1290 2331 1322 2382 ad
1335 2335 1420 2382 rinalra
1427 2344 1506 2396 usque
1526 2335 1636 2397 tempora
1649 2338 1790 2397 permanent
1807 2352 1816 2386 ε
1829 2334 1895 2385 inter

1119 2448 1175 2499 ηοω
1190 2437 1249 2485 sunt
1266 2433 1339 2484 etiarn
1352 2433 1407 2483 laea
1425 2434 1537 2497 quandam
1549 2434 1630 2484 Sicula
1647 2435 1786 2498 nominata,
1806 2439 1894 2500 prisea

1119 2536 1480 2590 illorumhahilaliouisindieia.
1504 2534 1549 2587 ilis
1560 2538 1637 2601 pulaia
1646 2539 1786 2603 Aborigines
1796 2540 1895 2591 oriundi

1121 2644 1153 2693 ab
1168 2641 1288 2702 (Εοοιτίε,
1306 2642 1349 2703 qni
1368 2654 1436 2691 aram
1459 2641 1607 2691 maritimam
1630 2645 1762 2694 aTarento
1782 2646 1890 2693 Paestum

1120 2758 1200 2809 nsque
1218 2744 1436 2802 incelebratum
1454 2743 1534 2792 locum
1545 2750 1704 2807 occuparunt.
1738 2748 1797 2795 lime
1808 2748 1894 2796 aulem

290 2857 429 2935 παράλιον.
470 2851 543 2930 Ἱερά
561 2874 601 2918 τις
616 2849 682 2922 αὕτη
696 2848 786 2919 νεότης
800 2845 988 2905 adhortatoriam
999 2847 1065 2909 θεοῖς
1120 2853 1196 2903 luisse
1213 2849 1418 2900 ierturiuventua
1438 2849 1549 2912 quedam
1564 2850 1722 2913 marepatrio
1741 2850 1889 2900 dliaconae·

238 2975 262 3012 ιε
291 2944 360 3005 κατδι
377 2944 420 3002 τὀν
442 2940 583 3019 ἐπιχώριον
606 2938 685 3015 νόμον
708 2935 758 2995 ύπδ
781 2938 833 2994 τῶν
852 2933 973 3012 πατέρων
997 2934 1064 2991 ἀπο·

290 3037 419 3106 σταλῆναι
433 3030 548 3106 λέγεται,
561 3028 651 3108 χώραν
666 3024 811 3097 οἰκήσουσα
823 3022 870 3092 τὴν
886 3021 936 3080 ὑπὸ
947 3026 994 3079 τού
1004 3024 1061 3080 δαιι,

291 3125 381 3204 μονίου
402 3121 475 3202 σρίσι
504 3115 692 3195 δοθησομένην.
734 3112 774 3172 Τὸ
802 3108 829 3169 θλ
855 3112 907 3168 τῶν
922 3107 1064 3188 Οἰνώτρων

291 3211 364 3291 γένος
389 3204 542 3287 Ἀρκαδικὸν
566 3194 615 3279 ἦν,
637 3202 666 3258 ίκ
690 3204 737 3271 τῆς
757 3196 814 3256 τότε
835 3194 881 3271 μέν
904 3193 1065 3272 καλουμένης

291 3296 450 3371 Λυκαονίας,
468 3293 522 3353 νυνὶ
541 3290 563 3350 δ’
583 3287 734 3368 Ἀρκαδίας,
754 3282 876 3350 ἑκουσίως
897 3281 995 3351 ἐξελθὸν
1016 3282 1060 3340 ἐπὶ

236 3410 264 3448 ao
290 3392 339 3466 γῆς
353 3390 443 3456 κτῆσιν
463 3380 609 3458 ἀμείνονος,
634 3373 779 3454 ἡγουμένου
801 3375 848 3442 τῆς
873 3371 994 3436 ἀποικίας
1013 3371 1063 3430 Ol·

1120 2960 1188 3008 crata
1201 2960 1227 3006 et
1242 2954 1274 3004 ad
1287 2952 1434 3019 quaerendas
1454 2954 1535 3014 serlus,
1551 2968 1709 3017 quascunque
1727 2954 1893 3018 ipsiaiartnua

1119 3061 1263 3122 obtulisset,
1281 3072 1295 3108 a
1309 3058 1449 3123 parantibus
1461 3054 1544 3107 nrisaa.
1578 3057 1662 3109 Genus
1677 3060 1761 3106 autem
1779 3060 1894 3107 (tnntru

1119 3178 1175 3215 rum
1185 3162 1329 3214 Arcadicum
1348 3164 1409 3221 erat,
1422 3173 1454 3210 ex
1465 3173 1494 3210 ea
1503 3159 1601 3222 regione
1621 3172 1677 3221 qum
1694 3163 1753 3209 tnnc
1764 3159 1893 3221 Lycaonia,

1118 3280 1184 3318 nune
1204 3279 1263 3316 rara
1284 3262 1387 3313 Arcadia
1403 3261 1552 3320 nominatur,
1575 3263 1662 3322 sponte
1692 3259 1842 3322 pmleeturn,
1865 3261 1894 3309 nt

1119 3381 1204 3432 agrum
1227 3365 1353 3415 meliorem
1371 3362 1418 3412 sihi
1441 3363 1554 3424 pararet,
1575 3360 1638 3409 duee
1662 3359 1765 3409 nolonte
1788 3361 1895 3408 OEmtro

293 3476 391 3554 νώτρου
406 3478 451 3532 τοῦ
470 3468 616 3539 Λυκάονος,
637 3465 676 3547 έρ’
691 3456 721 3523 ού
736 3462 783 3533 τὴν
798 3462 936 3530 ἐπίκλησιν
954 3459 984 3517 τὸ
995 3458 1065 3526 έθνος

292 3564 396 3624 έλαόεν.
439 3557 603 3640 Ἀόοριγίνων
620 3553 648 3613 δέ
661 3551 824 3632 κατεχόντων
839 3546 873 3606 τδι
884 3546 980 3626 χωρία,
996 3550 1065 3624 πρῶ·

290 3677 331 3712 τοι
350 3650 397 3727 μέν
412 3650 498 3713 αὐτοῖς
512 3646 627 3723 γίνονται
645 3640 758 3700 σύνοικοι
773 3635 917 3714 Πελασγοί,
932 3633 1063 3704 πλάνητες

290 3746 320 3802 έκ
340 3746 387 3813 τῆς
405 3737 465 3797 τότε
485 3734 532 3812 μίν
552 3728 714 3807 καλουμένης
727 3725 867 3805 Αἱμονίας,
886 3728 932 3781 νῦν
951 3722 978 3781 δέ
997 3724 1066 3796 Oet·

237 3866 264 3904 η,
291 3831 396 3900 ταλίας,
425 3815 488 3901 ἕνῇ
514 3822 607 3902 χρόνον
639 3815 697 3877 τινθ
723 3815 844 3897 ᾤκησαν·
865 3810 931 3888 μετδι
955 3809 983 3870 δέ
1007 3810 1064 3876 τοὺς

293 3915 449 3996 Πελασγούς
472 3913 594 3993 Ἀρκάδες
619 3911 649 3968 ἐκ
675 3903 841 3966 Παλλαντίου
865 3899 965 3965 πόλιυις
993 3898 1064 3965 ἐξελ·

292 4008 391 4074 θόντες,
414 4003 548 4080 Εὔανδρον
567 3996 686 4074 ἡγεμόνα
706 3989 879 4066 ποιησόμενοι
908 3992 955 4057 τῆς
983 3989 1063 4044 ἀποι·

292 4096 364 4171 κίας,
383 4090 485 4169 Ἑρμοῦ
503 4090 548 4148 καλ
568 4086 669 4163 νύμφης
687 4080 801 4157 Θέμιδος
819 4077 886 4136 υἱόν·
904 4074 930 4134 οἳ
947 4077 1011 4154 πρὸς
1027 4076 1064 4134 ivi

292 4186 343 4241 τῶν
363 4178 430 4236 έπτδι
449 4177 535 4255 λόρων
559 4173 725 4242 πολίζονται,
753 4166 780 4233 θς
800 4169 826 4224 έν
846 4165 919 4245 μέσῳ
948 4165 1064 4240 μάλιστα

1119 3465 1235 3531 Lycaonis
1250 3464 1308 3523 tilia,
1318 3477 1333 3512 a
1342 3459 1467 3525 nungenti
1477 3472 1565 3509 nomen
1582 3458 1695 3508 inditum.
1730 3460 1793 3507 cum
1807 3460 1892 3508 autem

1118 3569 1261 3634 Aborigines
1279 3582 1308 3618 aa
1322 3567 1375 3616 loca
1391 3568 1513 3625 tenerent,
1529 3562 1600 3627 primi
1611 3575 1667 3611 eum
1690 3562 1725 3611 eis
1745 3561 1816 3612 sedea
1831 3575 1893 3612 onn-

1119 3674 1254 3724 iunxerunt
1266 3669 1374 3732 Pelasgi,
1390 3667 1485 3732 profugi
1505 3679 1536 3715 ea
1557 3679 1586 3715 ea
1608 3671 1681 3724 terra,
1694 3679 1752 3728 qum
1763 3671 1822 3715 lunc
1834 3667 1894 3715 flae-

1119 3774 1214 3832 monia‚
1228 3784 1292 3820 nunc
1301 3782 1360 3819 reru
1371 3767 1495 3817 Thessalia
1507 3769 1618 3825 vocatur,
1633 3764 1675 3812 uhi
1686 3761 1833 3826 aliquamdiu
1847 3762 1892 3810 ha·

1119 3878 1263 3927 hhaverant.
1310 3877 1368 3923 Poat
1389 3872 1504 3932 Pelasgae
1532 3881 1591 3918 rem
1619 3868 1734 3928 Arcades,
1751 3879 1782 3915 ex
1802 3866 1903 3930 oppido.

1120 3976 1235 4027 Pallantia
1262 3973 1380 4038 proiecti,
1407 3971 1507 4021 mioniae
1532 3969 1621 4017 ducem
1649 3966 1726 4016 secuti
1749 3964 1894 4014 Evandrum

1119 4078 1235 4129 hlereurii
1248 4080 1274 4127 et
1297 4074 1410 4140 nympha
1428 4069 1554 4121 Themidis
1569 4068 1659 4127 tilium,
1676 4066 1719 4131 qui
1742 4066 1814 4115 senen
1835 4079 1894 4116 suas

1119 4188 1254 4250 posuerunt
1273 4184 1298 4234 in
1311 4194 1361 4231 una
1381 4193 1395 4229 e
1412 4181 1505 4241 septem
1528 4175 1644 4227 collibus.
1665 4173 1689 4223 in
1710 4172 1791 4224 media
1816 4172 1893 4222 terma

238 4296 265 4337 αι)
293 4278 378 4327 κεῖται
396 4268 442 4335 τῆς
456 4263 577 4339 Ῥώμης,
596 4258 761 4320 Παλλάντιον
775 4253 948 4329 ὀνομάσαντες
966 4248 996 4306 τὸ
1009 4273 1064 4329 χω·

295 4357 348 4438 ρίον
379 4351 423 4412 ἐπὶ
445 4355 491 4423 τῆς
513 4352 540 4408 ἐν
561 4350 692 4428 Ἀρκαδίᾳ
711 4343 844 4421 πατρίδος.
906 4339 1016 4418 Χρόνοις
1042 4337 1065 4389 δ’

293 4449 323 4506 οὗ
343 4444 448 4507 πολλοῖς
458 4439 564 4517 ὕστερον
576 4435 739 4516 Ἡρακλέους
758 4425 930 4508 καταχθέντος
949 4427 984 4493 είς
994 4425 1065 4483 Ἰτα-

293 4533 364 4609 λίαν,
384 4529 427 4589 ότι
455 4527 502 4600 τὴν
532 4521 657 4602 στρατιδιν
686 4519 712 4587 ἐξ
731 4517 865 4598 Ἐρυθείας
888 4513 971 4574 οἴκαδ’
991 4513 1064 4584 ἀπή-

294 4645 378 4700 γαγε,
400 4618 480 4698 μοῖρά
498 4639 537 4681 τις
557 4613 741 4687 θπολειρθεῖσα
761 4610 808 4677 τῆς
827 4604 873 4663 σύν
893 4604 963 4681 αὐτῷ
983 4601 1064 4659 δυνά·

238 4750 267 4787 35
295 4733 363 4786 μεως
383 4707 541 4779 Ἑλληνικῆς
563 4697 674 4770 πλησίον
693 4693 808 4775 ἱδρύεται
826 4697 871 4750 τοῦ
898 4691 1065 4751 Παλλαντίου

294 4798 358 4878 πρὸς
385 4795 466 4876 ίτέρῳ
484 4798 535 4853 τῶν
555 4783 808 4865 συμπεπολισμένων
828 4786 860 4860 τῇ
879 4781 952 4838 πόλει
970 4779 1064 4856 λόφων,

295 4886 323 4953 θς
340 4884 399 4945 τότε
419 4885 465 4959 μέν
485 4883 537 4941 ὑπὸ
552 4882 604 4937 τῶν
623 4872 772 4954 θπιχωρίων
790 4870 930 4948 Σατόρνιος
951 4866 1065 4945 ἐλέγετο,

295 4978 340 5031 νῦν
365 4970 392 5032 δέ
421 4970 603 5032 Καπιτωλῖνος
633 4962 684 5023 ὑπὸ
712 4958 865 5035 Ῥωμαίων.
918 4952 1023 5013 Ἐπειοί
1041 4956 1065 5012 οἱ

295 5059 400 5125 πλείους
416 5058 514 5117 τούτων
533 5047 600 5126 ἦσαν
612 5054 641 5111 ίκ
659 5048 760 5115 πόλεως
778 5042 887 5110 Ἤλιδος
907 5041 1065 5110 ἐξαναστάν-

241 5181 272 5218 ςο
296 5171 356 5217 τες,
386 5138 630 5223 διαπεπορθημένης
669 5138 756 5204 αύτοῖς
790 5136 836 5203 τῆς
867 5129 990 5207 πατρίδος
1023 5125 1065 5207 θρ’

297 5234 469 5317 Ἡρακλέους.

1119 4284 1180 4335 urhe
1198 4283 1259 4342 ailn3
1278 4294 1351 4344 quem
1367 4278 1448 4328 locum
1466 4275 1573 4340 apalria
1593 4286 1638 4322 sun
1654 4271 1771 4322 Arcadica
1793 4269 1892 4319 Pallan·

1118 4394 1180 4446 lium
1196 4386 1354 4452 appellarunt.
1388 4381 1437 4433 Sed
1456 4394 1504 4430 nun
1522 4378 1600 4429 multu
1621 4379 1692 4441 pust,
1711 4390 1767 4426 cnm
1797 4378 1890 4426 Hercu-

1117 4499 1153 4549 lea
1170 4496 1195 4545 in
1207 4492 1301 4545 ltaliam
1317 4489 1456 4540 devenisset
1470 4485 1602 4538 exereitum
1623 4496 1655 4534 ex
1668 4482 1774 4545 Erythea
1790 4480 1891 4531 domurn

1119 4599 1248 4657 reducens,
1261 4608 1319 4661 para
1335 4593 1449 4659 quadam
1462 4592 1604 4642 Graecarum
1624 4586 1750 4651 copiarum
1764 4598 1890 4648 querum

1118 4722 1148 4759 ea
1160 4708 1277 4758 venerant
1291 4701 1326 4753 ibi
1346 4699 1431 4751 relleta
1448 4708 1524 4760 pmpe
1543 4693 1689 4743 Pallantium
1704 4691 1775 4742 ardea
1789 4690 1842 4740 hxit
1863 4689 1890 4739 in

1120 4815 1166 4866 aiio
1182 4813 1243 4864 ualle
1262 4824 1294 4861 ex
1310 4809 1350 4867 iia,
1371 4818 1433 4871 qnos
1446 4815 1518 4853 nunc
1537 4798 1597 4849 urba
1610 4797 1687 4847 muris
1708 4794 1886 4859 complectitur,

1120 4915 1164 4979 qui
1176 4917 1235 4965 tunc
1249 4911 1280 4962 ab
1290 4906 1406 4971 indigenis
1416 4900 1544 4955 Saturnius
1563 4896 1708 4955 vacabatur,
1719 4906 1786 4943 nune
1800 4905 1860 4942 uere
1875 4906 1890 4942 a

1120 5022 1236 5069 Romame
1248 5011 1406 5077 capitalium.
1439 5008 1532 5057 iinrnm
1542 5000 1650 5065 plerique
1660 4999 1730 5046 erant
1740 4994 1807 5058 Epei,
1821 4993 1890 5044 Elida

1119 5135 1151 5173 ex
1172 5119 1233 5170 urbe
1258 5115 1337 5181 puisi,
1356 5126 1412 5163 eum
1427 5108 1545 5159 llereulea
1561 5104 1670 5168 ipsorum
1690 5099 1794 5164 putrium
1815 5098 1889 5148 armia

1120 5220 1282 5285 expugnatam
1296 5213 1434 5265 evertisset.

1093 5324 1134 5383 70
