4048 5924
237 446 298 508 ὁθθ
760 428 926 500 DIONYSll
948 420 1329 523 Haticiublssurtsls

240 579 381 662 «φέρωσιν
399 580 449 637 ὁσα
473 573 505 635 ἀν
533 574 620 640 αθτοῖς
642 572 726 649 δοκῇ,
753 565 800 626 καὶ
818 562 910 643 μηδείς
930 564 944 620 ὁ
963 584 1016 619 κω-

240 697 254 725 υ
268 671 357 729 λύσων
386 663 433 730 τθις
457 658 626 741 παρανομίας
649 658 735 716 αὐτῶν
759 645 793 736 ᾖ,
818 651 887 731 μήτε
910 648 1018 718 ἰδιώτης

240 781 254 810 α
269 751 334 830 μήτε
362 749 451 831 ἄρχων
474 745 595 814 δεδοικώς
616 743 661 805 τὸν
690 742 787 820 νόμον,
812 739 840 807 δς
868 740 1019 819 ἀφαιρεῖται

239 841 312 900 «καὶ
334 837 378 899 τδν
400 837 477 915 λόγον
507 837 581 913 ὑμῶν
610 832 668 910 ἅμα
697 839 751 898 τοῖς
775 829 875 910 ἔργοις,
907 828 1018 886 θάνατον

199 958 213 996 ς
239 957 253 985 α
266 926 387 992 ἐπιτιθεὶς
411 925 508 1003 ζημίαν
533 927 587 990 τοῖς
614 918 753 1000 ίλενθέραν
783 916 871 999 φωνήν
898 914 1019 995 ἀφιεῖσι,

239 1045 253 1073 κ
266 1015 293 1078 τί
306 1019 437 1098 προσῆκεν
457 1012 540 1090 ὄνομα
553 1012 644 1071 θέσθαι
657 1014 691 1091 τῇ
705 1003 845 1085 δυναστεία
861 1003 945 1083 ταύτῃ
960 1000 1020 1070 τούς

239 1134 254 1162 «
265 1111 325 1167 νοῦν
344 1103 453 1184 ἔχοντας
467 1102 571 1183 ἕτερον,
585 1099 603 1172 ή
617 1104 695 1158 τοῦτο
706 1094 771 1176 ὅπερ
786 1093 856 1155 ἐστίν
868 1089 963 1164 ἀληθές
974 1090 1020 1150 καί

175 1250 178 1257 ,
239 1222 254 1253 α
266 1196 361 1261 πάντες
379 1192 409 1252 δν
424 1190 634 1272 ὁμολογήσαιτε,
652 1185 812 1271 τυραννίδα;
828 1187 851 1243 εἷ
868 1182 895 1242 δέ
911 1183 962 1261 ούχ
975 1183 1019 1262 ὑφ’

239 1313 253 1340 a
268 1282 322 1351 ένδς
345 1281 452 1364 ἀνδρὸς,
474 1278 532 1340 ἀλλ’
557 1281 601 1362 ὑφ’
622 1276 683 1337 ὅλου
700 1274 894 1356 τυραννούμεθα
917 1269 1020 1347 δήμου,

188 1409 214 1448 1,
240 1370 294 1431 «τί
321 1374 399 1431 τοῦτο
422 1368 554 1448 διαφέρεις
585 1366 616 1426 τὸ
637 1365 688 1446 γδιρ
711 1364 786 1445 ἔργον
806 1359 833 1430 έξ
862 1362 960 1441 ἀμφοῖν
990 1357 1021 1418 rb

240 1460 340 1520 cebro.
385 1457 534 1539 Κρέτισταν
552 1454 600 1534 μέν
613 1446 657 1515 οῖίν
668 1447 700 1527 ἧν
716 1452 783 1531 μηδὲ
805 1450 835 1511 τδ
850 1447 960 1530 σπέρμα
973 1451 1020 1520 τῆς

240 1549 385 1620 «ἐξουσίας
418 1545 515 1618 ταύτης
552 1548 630 1606 idest
662 1540 913 1616 καταύαλλύμενον,
950 1535 1020 1596 ἀλλά

240 1664 253 1691 α
267 1638 355 1697 πάντα
365 1642 505 1713 ὑπομεῖναι
521 1634 664 1716 πρότερον,
680 1635 716 1698 ώς
729 1626 842 1695 Ἄππιος
856 1630 871 1685 ὁ
887 1626 1023 1707 βέλτιστος

241 1730 303 1789 «ἐκ
314 1728 413 1786 πολλοῦ
429 1723 462 1783 τδι
482 1722 554 1782 δεινθ
567 1720 751 1803 προορώμενος
770 1716 860 1790 ήξίου·
875 1718 899 1774 εί
918 1715 946 1774 δέ
968 1715 1022 1791 μὴ,

188 1847 213 1886 ts
241 1821 313 1877 «vic
343 1839 373 1894 γε
402 1812 569 1892 ὁμοθυμαδὸν
597 1810 716 1877 ἅπαντας
740 1806 911 1887 ἐξορύξαντας
936 1802 1021 1875 αύτήν

241 1934 254 1967 α
269 1904 407 1986 πρόρριζον
417 1906 448 1962 ἐκ
459 1906 505 1975 τῆς
519 1900 619 1968 πόλεως
631 1899 768 1969 intelam,
779 1894 828 1963 ἕως
841 1893 950 1966 ἀσθενής
965 1895 1023 1951 ἐστι

241 2022 254 2049 α
269 1996 314 2054 καὶ
337 1992 588 2074 προσπολεμηθῆναι
610 1986 698 2069 ρφδία.
741 1982 797 2046 Καὶ
811 1980 881 2043 τοῦτ’
904 1983 932 2040 ού
946 1978 1022 2059 πρώ·

242 2111 256 2139 α
270 2106 323 2151 τοις
344 2085 423 2158 ύμῖν,
439 2069 573 2158 ώβουλή,
594 2075 652 2136 οὐδὲ
670 2072 757 2152 μόνοις
771 2068 900 2148 έξεγένετο
912 2070 1020 2143 παθεῖν,

242 2198 256 2224 «
270 2171 376 2236 πολλοῖς
396 2167 424 2227 δέ
447 2168 492 2227 καί
510 2161 639 2230 πολλάκις
659 2161 711 2234 ήδη
731 2163 785 2226 τοῖς
808 2159 844 2224 εἰς
861 2152 1022 2224 ἀύονλήτους

188 2289 216 2330 20
243 2287 257 2313 υ
272 2258 388 2336 ἀνάγκας
408 2264 572 2327 καταστᾶσι,
593 2251 702 2331 γνώμης
721 2248 870 2327 ἁμαρτοῦσι
883 2247 931 2313 τῆς
946 2239 1023 2323 ἀρίσ·

243 2375 256 2403 α
272 2373 318 2421 της
333 2346 394 2427 περὶ
408 2345 442 2404 τθι
456 2345 587 2424 μέγιστα,
609 2339 700 2410 ἐπειδὴ
723 2335 771 2404 τθς
792 2334 877 2415 ἀρχθς
891 2334 939 2392 οὐκ
953 2329 1022 2391 ἐκώ-

242 2440 352 2498 «λυσαν
375 2440 419 2495 τοῦ
443 2437 544 2507 κακοῦ,
565 2428 612 2498 τδις
630 2427 751 2501 αθξήσεις
768 2427 910 2504 πειρᾶσθαι
929 2425 1023 2479 καθαι·

242 2623 322 2676 «νεῖν
336 2613 423 2687 ἥττων
438 2600 505 2670 ούσα
519 2613 566 2680 τῆς
579 2604 719 2686 προνοίας,
737 2602 795 2662 καθ’
812 2601 899 2681 ἕτερον
914 2587 949 2657 αύ
963 2596 1023 2677 τρύ-

189 2734 216 2774 ςς
243 2729 257 2756 α
270 2726 321 2763 πον
335 2704 363 2760 οὗ
376 2698 472 2781 χείρων
492 2686 559 2756 ούσα
581 2692 769 2776 ἀναφαίνεται,
789 2693 823 2770 τῇ
846 2685 959 2746 κωλύσει
976 2691 1024 2745 τοῦ

243 2817 257 2844 α
271 2790 360 2857 τέλους
374 2786 538 2868 ἀφανίζουσα
551 2783 582 2845 τθ
596 2785 623 2845 έν
642 2787 676 2862 τῇ
691 2784 762 2862 ἀρχῇ
781 2775 925 2857 &pientii-1

282 2880 388 2941 XXill.
412 2904 425 2931 o
448 2879 482 2938 Εί
497 2873 526 2936 δέ
542 2898 610 2935 τισιν
623 2874 696 2950 ὑμῶν
711 2868 783 2930 δεινά
799 2867 847 2945 μέν
866 2864 900 2926 τθι
914 2870 959 2924 τοῦ
975 2865 1023 2938 δή·

244 2997 258 3025 α
274 2990 324 3047 μου
339 2965 403 3048 έργα
418 2954 488 3025 εἶναι
510 2966 598 3037 δοκεῖ,
615 2959 661 3021 καί
681 2959 849 3019 κεκωλῦσθαι
865 2953 942 3013 αύτὸν
957 2950 1024 3012 cioc-

245 3085 260 3113 a
272 3079 318 3118 ται
337 3056 391 3115 δεῖν
406 3052 441 3115 τθ
457 3050 539 3112 λοιπθι
560 3048 791 3131 ἐξαμαρτάνοντα,
816 3042 871 3111 δέος
894 3040 916 3102 δΙ
938 3040 1024 3122 είσέρ·

85 3174 88 3181 ·
190 3183 218 3224 ³0
247 3169 370 3228 αχεται,
394 3141 432 3221 μὴ
450 3140 544 3211 δόξωσι
573 3139 645 3198 λύειν
665 3133 712 3204 τάς
738 3132 879 3212 ὁμολογίας
902 3127 1025 3211 πρότεροι

146 3306 149 3309 ¹
248 3262 262 3290 a
275 3233 321 3295 καὶ
341 3229 517 3312 παραθαίνειν
535 3225 594 3295 τοθς
617 3226 725 3307 θρκους,
745 3219 888 3302 γνώτωσαν
902 3218 958 3292 ὁτι,
978 3218 1025 3276 οὐκ

246 3350 261 3378 ο
275 3322 412 3402 ἄρχοντες,
436 3320 496 3378 ἀλλ’
512 3314 687 3396 ἀμυνόμεναι,
710 3313 764 3372 οὐδ’
788 3312 955 3388 ἀναιροῦντες
978 3306 1025 3373 τάς

246 3409 434 3487 «ὁμολογίας,
458 3407 528 3467 ἀλλά
546 3403 606 3472 τοῦς
629 3401 794 3484 ἀνῃρηκότας
813 3394 1024 3477 τιμωρούμενοι,

246 3526 261 3555 ε
275 3496 340 3558 αύτθ
360 3497 471 3576 δρῶσιν,
493 3491 607 3554 ἀναίτιοί
628 3514 658 3550 τε
678 3489 742 3570 πρὸς
766 3485 839 3553 θεοὺς
862 3486 965 3545 ἔσονται
979 3484 1024 3542 καλ

192 3622 219 3663 γ,
247 3588 320 3648 «ἐπὶ
340 3589 379 3667 τῷ
403 3582 521 3666 σφετέρῳ
542 3581 702 3663 συμφίροντι
725 3578 759 3637 sd
778 3576 869 3636 δίκαια
883 3573 1022 3655 πράξουσι.

247 3706 261 3734 e
276 3675 355 3756 Μέγα
375 3674 403 3735 δὲ
427 3677 488 3751 ὑμῖν
507 3670 620 3753 γενέσθω
640 3666 797 3749 τεκμήριον,
819 3663 860 3724 δτι
883 3668 929 3724 τοῦ
950 3661 1024 3722 λύιιν

247 3793 261 3822 e
274 3765 322 3833 τθις
344 3760 484 3843 ὁμολογίας
505 3762 550 3821 καὶ
567 3758 762 3840 παρασπονδεῖν
778 3756 829 3836 οὐχ
846 3753 935 3831 ὑμεῖς,
955 3751 1025 3811 ἀλλά

248 3853 306 3917 ατδ
325 3849 467 3930 δημοτικδν
482 3849 560 3929 ἀρχαι
581 3846 660 3927 μέρος
680 3846 729 3904 cix
744 3843 831 3912 ἀξιοῦν
846 3840 968 3919 έμμένειν
983 3841 1024 3922 ἐφ’

248 3968 262 3997 α
277 3932 314 4008 οἷς
338 3939 427 4021 εθρετο
452 3935 502 4009 τήν
522 3934 647 3996 κάθοδον·
675 3935 704 3993 ού
727 3931 779 4010 γθρ
806 3929 851 3988 ἐπὶ
873 3931 912 4006 τῷ
937 3930 1026 3993 κακῶς

195 4067 223 4108 ,θ
250 4031 373 4108 «δρᾶσαι
391 4027 439 4100 τήν
465 4020 579 4106 βουλὴν,
601 4023 660 4082 ἀλλ’
685 4021 729 4080 ici
750 4021 788 4098 τῷ
805 4018 842 4095 μή
865 4019 910 4074 ὁπ’
928 4015 1027 4085 ἐκείνης

250 4145 264 4173 α
277 4121 420 4177 κακοῦσθαι
440 4115 488 4188 τήν
511 4114 563 4174 τῶν
589 4112 734 4194 δημάρχων
759 4106 877 4177 ἐξουσίαν
897 4103 1026 4185 ᾐτήσατο.

250 4232 267 4261 a
277 4207 384 4282 Χρῆται
394 4203 421 4263 δὲ
439 4204 506 4283 αὐτῇ
519 4199 607 4261 οὐκέτι
619 4197 685 4266 είςθ
700 4201 740 4257 δεῖ
751 4196 804 4256 οὐδ’
817 4192 858 4276 ἐφ’
873 4183 911 4260 οἷς
925 4190 1025 4272 εθριτο,

250 4322 265 4350 a
281 4294 341 4352 ἀλλ’
363 4290 407 4351 let
422 4292 549 4372 διαφθορᾷ
565 4290 610 4350 καί
624 4289 749 4369 συγχύσει
765 4289 812 4357 τῆς
825 4281 938 4363 πατρίου
949 4281 1026 4340 πολι-

250 4413 265 4442 e
280 4382 361 4449 τείας.
411 4381 554 4458 Μέμνησθι
576 4379 626 4459 γάρ
651 4379 735 4452 δήπου
758 4374 806 4447 τήν
829 4371 922 4434 νεωστλ
948 4393 1027 4450 γινο-

197 4511 224 4551 ts
250 4474 361 4554 «μένην
381 4469 542 4542 ἐκκλησίαν,
562 4468 607 4529 καὶ
631 4465 690 4535 τοῦς
713 4465 765 4526 tei
786 4466 839 4524 τῶν
859 4462 1027 4539 δημαγωγῶν

251 4562 404 4648 «ῥηθέντες
418 4560 444 4618 lv
459 4560 526 4638 αὐτῇ
546 4557 657 4637 λόγους,
673 4555 738 4629 ωηο
753 4552 919 4622 emissem
940 4548 1025 4608 ecee.
1044 4569 1050 4581 ·

252 4653 350 4713 αδειάν
364 4673 393 4710 τε
414 4647 460 4709 καὶ
483 4647 629 4725 ἀκοσμίαν,
649 4645 694 4706 καὶ
709 4651 753 4704 νῦν
773 4645 813 4725 ἀφ’
830 4638 884 4700 σίου
899 4638 964 4698 εἰσὶν
979 4638 1027 4695 αὗ-

253 4742 400 4824 σχήματος
414 4741 438 4799 οῖ
454 4736 536 4816 μηδέν
555 4733 626 4814 ὑγιές
651 4738 821 4816 φρονοῦντες,
835 4726 925 4800 έπειδή
946 4724 1027 4803 έγνω-

253 4857 267 4886 α
282 4853 331 4890 σαν
352 4833 387 4897 ώς
405 4830 432 4887 έν
458 4830 491 4907 τῇ
513 4825 593 4907 ψήφῳ
618 4822 688 4882 ioris
708 4820 780 4880 θπαν
807 4816 838 4878 τθ
859 4821 906 4889 τῆς
925 4813 1028 4883 πόλεως

200 4950 228 4992 ς,
254 4946 268 4974 α
282 4918 391 4999 κράτος,
413 4909 444 4989 ής
459 4917 533 4975 αὐτοὶ
549 4910 712 4994 κρατήσωσι
728 4909 835 4975 πλείους
855 4908 930 4983 ήμῶν
945 4905 1026 4971 ὄντες.

256 5034 270 5063 ο
283 5008 320 5068 Τί
335 4997 379 5066 ούν
393 5004 582 5066 καταλείπεται
596 5011 680 5061 ποιεῖν
694 5005 758 5077 ήμῖν
774 4995 907 5077 ἀρξάντων
922 4992 1027 5053 ἀκτίνων

257 5120 271 5149 c
285 5095 479 5173 παρασπονδεῖν
491 5092 536 5151 καὶ
549 5090 730 5170 παρανομεῖν,
746 5089 768 5147 εί
783 5085 822 5162 μή
837 5083 868 5143 τδ
883 5082 1027 5162 ἀμύνεσθαι

258 5205 272 5234 α
284 5178 343 5245 τοὺς
358 5178 500 5257 ἄρξαντας,
510 5176 557 5238 καί
571 5177 589 5237 θ
600 5175 665 5243 τέως
675 5175 773 5241 ἀδίκως
788 5171 903 5253 ἔχουσιν,
916 5166 1028 5249 ἀφελέσ-

259 5270 333 5328 νθαι
351 5264 397 5327 σῦν
412 5267 488 5346 δίκη,
507 5265 602 5331 καθείς
617 5263 648 5324 τδ
667 5261 760 5322 λοιπὸν
780 5265 883 5320 παῦσαι
903 5257 1029 5319 πλιιὸνων

1074 586 1089 613 ι
1104 564 1235 630 placuerit,
1245 565 1271 616 et
1283 564 1367 616 nullus
1378 560 1420 623 sit,
1430 561 1475 626 qni
1485 574 1574 612 eorum
1592 559 1694 612 imnrim
1705 561 1854 628 probibeat,

1074 665 1087 692 α
1100 661 1148 698 nou
1163 648 1294 713 privatus,
1305 660 1354 699 non
1368 646 1539 711 magistratus,
1559 648 1630 696 mein
1642 644 1703 715 legis
1715 658 1773 710 qua
1782 646 1857 699 vobis

1073 752 1087 777 ο
1100 736 1127 785 et
1145 733 1245 785 dicendi
1266 737 1292 785 et
1308 732 1414 785 ludendi
1438 731 1578 783 libertatem
1596 728 1684 793 eripit,
1709 733 1736 781 et
1755 744 1857 796 ponam

1074 836 1088 863 a
1102 817 1192 868 mortis
1212 817 1323 869 minator
1343 817 1449 869 iberam
1466 802 1555 867 rocem
1575 814 1758 876 emittentibus,
1773 816 1857 880 quod·

1076 921 1089 945 s
1104 916 1160 953 nrm
1173 901 1242 962 aliud
1261 915 1351 953 nomen
1369 901 1430 951 huic
1450 897 1569 965 potestati
1588 898 1693 949 decebat
1713 898 1805 964 imponi
1823 898 1858 949 ab

1074 1007 1088 1032 r
1101 986 1147 1047 iis,
1161 987 1205 1051 qni
1216 999 1301 1037 sanam
1312 988 1420 1036 mentem
1429 983 1534 1044 babent,
1544 994 1620 1046 qoem
1630 982 1779 1046 tyrannidis,
1788 983 1858 1048 quod

1076 1089 1090 1115 a
1103 1083 1191 1121 verum
1204 1082 1259 1120 ease
1275 1070 1314 1119 ret
1334 1068 1446 1118 omniurn
1468 1068 1581 1116 vestrum
1599 1065 1754 1117 confessione
1778 1068 1859 1132 argui·

1075 1174 1088 1199 ε
1106 1154 1165 1204 tori
1185 1151 1246 1216 quid
1260 1150 1327 1202 enim
1343 1151 1434 1213 reteri,
1450 1153 1537 1200 utrum
1556 1149 1630 1200 unius
1646 1150 1706 1207 riri,
1725 1162 1757 1200 an
1777 1151 1857 1200 totius

1076 1256 1088 1280 «ι
1104 1234 1195 1300 plebls‚
1208 1233 1366 1298 tyrannidem
1377 1232 1502 1284 ieramus?
1519 1232 1630 1283 Etlectus
1645 1231 1711 1283 enim
1726 1231 1861 1296 utriusque

1078 1340 1091 1366 ι
1105 1321 1172 1372 idem
1193 1321 1241 1371 ast.
1293 1319 1420 1384 Optimum
1442 1317 1519 1381 igitur
1542 1317 1642 1378 inisset,
1664 1316 1685 1368 si
1710 1330 1742 1367 ue
1765 1316 1861 1368 semina

1076 1425 1089 1452 ε
1106 1405 1208 1471 quidem
1218 1402 1294 1454 huius
1307 1402 1438 1467 potestatis
1451 1400 1500 1452 iaci
1515 1400 1704 1466 permisissetis,
1720 1400 1764 1451 sed
1784 1400 1859 1464 quid·

1077 1509 1090 1534 a
1104 1488 1144 1540 ris
1157 1488 1241 1554 potius
1254 1487 1432 1554 pertulissetis,
1443 1485 1509 1536 sicut
1520 1484 1743 1550 prestantissimus
1755 1485 1859 1550 Appios,

1076 1597 1089 1621 a
1104 1576 1159 1627 haec
1178 1575 1244 1626 mma
1265 1574 1346 1625 multo
1369 1574 1427 1623 ante
1444 1571 1612 1637 prospiciens,
1636 1570 1779 1622 iaciendum
1801 1584 1861 1622 een·

1077 1682 1089 1706 r
1105 1660 1185 1711 sebai.
1239 1656 1315 1717 Quod
1334 1655 1393 1720 quia
1409 1668 1459 1705 non
1488 1656 1582 1705 tactum
1609 1656 1657 1717 est,
1674 1668 1743 1705 nnnc
1771 1655 1861 1705 saltem

1078 1764 1091 1789 ε
1104 1742 1232 1809 oporteret
1237 1754 1284 1791 nos
1294 1752 1380 1793 ornnes
1393 1752 1442 1789 uno
1451 1751 1572 1789 consensu
1584 1737 1650 1787 banc
1661 1736 1782 1788 radicitus
1792 1737 1863 1789 erul-

1078 1844 1091 1870 ι
1104 1842 1158 1878 sam
1175 1841 1189 1878 e
1206 1824 1333 1891 republica
1345 1823 1452 1884 eiicere,
1465 1822 1544 1873 donec
1563 1822 1648 1873 adbuc
1667 1825 1707 1872 est
1726 1816 1824 1873 intimna
1835 1821 1862 1873 et

1079 1934 1091 1958 a
1105 1915 1248 1978 expugnatu
1260 1909 1347 1960 tacitis.
1380 1912 1544 1973 deonerare,
1556 1912 1641 1973 patres
1654 1908 1799 1973 conscripti,
1814 1908 1862 1960 bcc

1078 2020 1091 2043 a
1106 1995 1177 2048 nobis
1191 1994 1278 2060 primis
1291 1996 1336 2044 aut
1350 1992 1411 2045 solis
1430 1991 1549 2055 contigit,
1572 1989 1618 2043 sed
1638 1994 1665 2042 et
1686 1991 1863 2054 multis-aliis,

1079 2106 1092 2130 a
1106 2081 1180 2144 idque
1193 2079 1244 2130 inm
1256 2078 1362 2143 saepius,
1376 2081 1407 2129 ut
1423 2091 1468 2142 por
1482 2075 1716 2129 inconsiderantiam
1730 2076 1761 2126 ad
1775 2090 1864 2128 neces·

1079 2165 1193 2214 asilates
1206 2161 1303 2224 adacti,
1319 2162 1344 2212 iu
1357 2161 1434 2213 rebus
1451 2160 1554 2212 maximi
1574 2160 1695 2211 momenti
1714 2147 1746 2210 ab
1766 2160 1863 2223 optima

1080 2272 1092 2295 e
1104 2248 1226 2299 sententia
1246 2246 1402 2307 aberrantes,
1423 2245 1491 2310 quod
1510 2245 1570 2296 mali
1593 2244 1721 2311 principiis
1743 2259 1792 2295 non
1810 2245 1862 2297 ob·

1080 2351 1092 2376 s
1108 2332 1243 2396 siuissent,
1262 2336 1354 2399 postea.
1364 2332 1419 2383 eius
1431 2331 1587 2383 incrementa
1600 2330 1687 2382 tollere
1699 2334 1861 2382 conarentur.

1080 2436 1093 2459 α
1108 2416 1227 2475 Quamvis
1247 2418 1332 2466 aulem
1345 2414 1489 2477 prmitentia
1509 2427 1610 2475 eorum,
1623 2413 1665 2477 qui
1691 2426 1747 2465 sero
1770 2425 1862 2478 sapere

242 2553 257 2581 u
271 2534 337 2607 ρεῖν·
358 2525 403 2584 καὶ
419 2527 436 2594 ή
460 2520 586 2597 μετάνοια
604 2521 657 2577 τῶν
671 2514 719 2597 δψὸ
738 2509 893 2593 ἀρχομένων
915 2531 1024 2590 coppe.
1081 2500 1240 2581 sincipiuut,
1253 2513 1302 2549 non
1314 2498 1348 2549 sit
1358 2498 1509 2549 conterende
1520 2512 1580 2549 eum
1591 2496 1764 2564 providentia,
1777 2502 1862 2552 tamen

1081 2602 1094 2628 a
1108 2584 1206 2633 constat
1236 2595 1292 2634 enm
1314 2580 1362 2631 alio
1383 2581 1458 2632 modo
1484 2581 1528 2631 illa
1548 2595 1598 2632 nou
1617 2594 1674 2632 esse
1698 2576 1861 2646 interiorem,

1081 2687 1093 2711 c
1108 2667 1167 2733 quia
1188 2665 1256 2717 delet
1277 2664 1384 2732 priorem
1408 2664 1583 2731 ignorantiam,
1607 2666 1674 2741 dum
1698 2664 1802 2732 impedit
1831 2681 1863 2720 ne

1081 2776 1093 2800 a
1107 2769 1148 2806 res
1163 2754 1196 2805 nd
1210 2754 1284 2804 finem
1295 2754 1453 2818 perducatur.

1112 2855 1200 2907 xliiil.
1219 2873 1232 2898 «ι
1249 2852 1323 2912 Quod
1341 2854 1362 2903 si
1374 2852 1539 2916 qulvesirnm
1547 2852 1654 2905 moleste
1668 2852 1864 2920 ieruntgravem

1082 2970 1094 2994 a
1110 2948 1188 3014 plebis
1207 2947 1378 3007 insolentiam,
1398 2948 1425 2996 et
1448 2959 1503 2996 enm
1531 2947 1741 3010 compescendam
1761 2952 1865 3014 putant,

1083 3062 1096 3088 a
1108 3057 1141 3093 ne
1151 3042 1269 3109 peccami
1288 3035 1386 3092 licentia
1398 3041 1504 3092 ulterius
1523 3042 1713 3107 progrediatur;
1727 3044 1770 3095 sed
1781 3049 1865 3095 temen

1082 3155 1095 3180 α
1108 3139 1178 3188 mem
1199 3138 1322 3196 leuentur,
1346 3149 1376 3186 ue
1399 3135 1494 3199 priores
1507 3148 1523 3185 a
1537 3137 1669 3189 conventis
1688 3137 1816 3189 discedere
1837 3142 1864 3189 et

1082 3228 1279 3281 «iusiurandum
1294 3227 1387 3279 violare
1408 3227 1540 3278 videantur
1563 3246 1570 3277 τ
1590 3228 1671 3281 sciant
1691 3231 1747 3292 isti,
1767 3246 1795 3282 se
1811 3246 1865 3284 non

1083 3341 1096 3365 a
1109 3322 1221 3372 illaturos
1236 3317 1364 3380 iniuriam
1378 3316 1424 3368 sed
1441 3318 1538 3371 illatam
1550 3320 1706 3384 repulsores,
1721 3333 1768 3370 nec
1780 3322 1865 3374 viola-

1081 3435 1095 3460 «
1108 3418 1178 3465 turos
1192 3410 1319 3477 peccaset
1332 3423 1417 3461 eornm
1432 3409 1565 3462 violatores
1578 3412 1688 3475 ultraros,
1702 3426 1779 3477 seque
1794 3415 1865 3479 opud

1081 3530 1095 3554 «r
1109 3509 1170 3560 deos
1182 3508 1208 3557 iu
1223 3506 1289 3557 nulle
1303 3504 1376 3569 culpa
1390 3502 1445 3554 ideo
1461 3503 1574 3567 tuturos,
1594 3510 1620 3557 ei
1635 3506 1675 3571 pie
1690 3520 1720 3558 ac
1733 3508 1799 3559 inste
1810 3505 1866 3560 sois

1081 3622 1094 3648 a
1109 3597 1247 3651 commodis
1277 3594 1442 3647 consulturos.
1495 3597 1548 3645 lloc
1574 3599 1663 3647 autem
1690 3609 1806 3660 magnum
1831 3600 1867 3650 sit

1079 3720 1092 3745 a
1107 3697 1178 3750 robis
1195 3696 1365 3760 argumentum
1380 3706 1430 3742 nou
1443 3705 1459 3742 a
1473 3691 1544 3742 vobis
1559 3693 1683 3757 prioribus
1695 3694 1795 3747 imderis
1807 3711 1867 3747 ocn-

1082 3816 1096 3842 a
1109 3793 1216 3845 ditiones
1230 3785 1330 3849 violari,
1348 3786 1393 3838 sed
1404 3801 1420 3837 a
1431 3787 1515 3851 plebe,
1535 3787 1604 3850 qrrod
1617 3790 1682 3840 nolit
1693 3794 1760 3842 stare
1777 3793 1865 3843 condi·

1082 3912 1096 3937 «
1110 3887 1234 3944 tionibus,
1247 3880 1337 3946 quibus
1355 3880 1464 3932 reditum
1481 3882 1632 3946 impetravit.
1668 3886 1723 3935 Non
1735 3885 1813 3947 enlm,
1836 3892 1867 3941 nt

1083 4014 1096 4038 l
1115 3984 1364 4043 marrucinorum,
1383 3981 1428 4033 sed
1446 3993 1478 4030 ne
1491 3980 1523 4030 ab
1538 3980 1581 4030 illo
1591 3979 1739 4044 afficeretur,
1758 3986 1867 4037 triboni-

1083 4107 1096 4131 «ι
1110 4085 1170 4135 tiam
1183 4079 1331 4146 potestatem
1352 4072 1432 4138 petiit.
1468 4073 1522 4122 lam
1535 4085 1595 4122 vero
1617 4086 1646 4124 ea
1662 4055 1815 4138 utitor‚'uou
1833 4078 1867 4129 ad

1084 4197 1098 4223 ι
1109 4189 1167 4241 que
1183 4173 1220 4224 uti
1240 4170 1324 4231 debet,
1338 4168 1418 4230 neque
1440 4162 1472 4213 ad
1484 4164 1643 4228 impetravit,
1660 4167 1704 4218 sed
1715 4168 1748 4218 ad
1759 4183 1867 4236 eorrup-

1083 4286 1097 4312 «
1109 4264 1185 4317 telam
1201 4266 1227 4313 et
1238 4257 1407 4311 confusionem
1424 4252 1498 4317 patrii
1517 4251 1661 4316 reipublicae
1679 4258 1769 4309 status.
1801 4262 1867 4311 itam

1085 4382 1098 4407 α
1109 4365 1176 4413 certe
1199 4356 1345 4410 meministis
1363 4352 1489 4405 concionis
1509 4363 1587 4414 nuper
1605 4349 1711 4415 babitu,
1725 4354 1751 4403 et
1762 4365 1867 4419 eornm,

1084 4475 1097 4499 α
1111 4468 1167 4519 qum
1180 4467 1196 4504 a
1211 4451 1316 4503 tribunis
1333 4447 1369 4498 ibi
1388 4445 1456 4496 dicta
1479 4445 1547 4502 sunt,
1566 4448 1684 4507 ηυειιίαιιι
1699 4444 1868 4509 arrogantiam

1083 4560 1097 4585 ι
1111 4544 1185 4606 atque
1195 4537 1355 4605 petulantiam
1372 4531 1537 4593 ostenderiut;
1549 4535 1575 4582 et
1591 4546 1657 4583 nunc
1670 4531 1775 4596 videtis,
1786 4545 1869 4596 quam

1084 4659 1098 4684 ι
1111 4635 1259 4689 είθοιωιθιιι
1271 4632 1349 4685 insani
1377 4630 1507 4687 homines,
1530 4625 1574 4677 ubi
1594 4623 1762 4690 cognorerunt
1784 4623 1868 4673 totam

1085 4747 1098 4773 ι
1111 4724 1255 4791 reipublice
1266 4716 1402 4788 potentiam
1412 4720 1439 4770 in
1450 4716 1580 4782 suiiragiis
1594 4715 1703 4781 positam
1714 4724 1779 4773 esse,
1789 4724 1867 4776 quam

1085 4815 1185 4879 «facile
1203 4813 1367 4873 obtinebunt,
1383 4809 1451 4876 qnod
1473 4820 1578 4860 numero
1590 4818 1635 4856 nos
1655 4804 1766 4854 vincant.
1799 4798 1868 4858 Quid

1085 4928 1099 4954 α
1111 4908 1189 4971 igitur
1199 4905 1271 4957 nobis
1283 4901 1425 4955 iaciendum
1436 4902 1529 4958 restat,
1541 4895 1660 4963 qnoniam
1669 4891 1719 4959 ipsi
1733 4892 1831 4957 priores
1841 4891 1869 4940 et

1085 5014 1098 5040 ι
1113 4996 1205 5047 lmdera
1216 4998 1242 5046 et
1255 4994 1311 5045 iura
1325 4991 1457 5047 violarunt,
1471 4987 1519 5038 uisi
1530 4989 1557 5036 nt
1570 4974 1686 5036 iniuriam
1698 4980 1793 5031 iliatam
1808 4990 1867 5041 pm·

1085 5100 1100 5128 α
1114 5082 1257 5147 pulsemus,
1274 5082 1300 5133 et
1319 5092 1376 5144 qum
1389 5076 1518 5140 bucusque
1537 5073 1628 5125 iniuste
1644 5068 1737 5121 babent
1747 5105 1754 5129 ,
1765 5079 1797 5118 en
1818 5060 1869 5112 illis

1085 5191 1098 5217 ι
1114 5169 1169 5221 iure
1181 5167 1332 5225 adimamus,
1345 5168 1370 5217 ct
1387 5164 1412 5214 ln
1426 5165 1555 5229 posterum
1569 5159 1634 5210 lranc
1645 5170 1730 5208 rernm
1742 5152 1867 5206 maiorum

1085 5256 1276 5324 «cupiditatem
1298 5264 1484 5320 compescamus
1506 5271 1513 5301 :
1532 5248 1582 5301 diis
1604 5244 1707 5313 grabam
1730 5240 1864 5299 babentes,
