4070 5926
629 425 920 502 custoditurum
942 429 1182 494 numanum.
1206 432 1290 495 Vlll.

146 578 218 618 νοιτο
237 555 351 632 νύκτωρ,
366 556 425 616 τοτὲ
441 554 488 634 μέν
501 553 700 617 interessentes
711 557 815 619 ἐποίουν
827 559 926 637 ἀθρόοι,

145 644 206 705 susi
222 646 245 705 δ’
259 643 351 722 ὥσπερ
365 649 402 713 εἰς
413 644 503 725 μάχην
517 644 666 725 ὁρμώμενοι
677 646 776 724 θαμινά
788 647 928 720 ἐπηλάλα-

145 737 199 803 ζον.
240 736 304 801 Τοῖς
320 731 344 793 θ’
355 731 459 813 Ἕρνιξι
473 732 617 793 καὶταῦτα
640 733 697 801 δέος
711 733 780 813 μέγα
793 734 926 813 παρεῖχε,

145 820 238 891 καλῶς
251 819 406 898 διωκόμενοι
418 820 481 902 πρὸς
493 822 546 880 τῶν
559 819 693 899 πολεμίων
707 821 837 903 σποράδες
847 822 927 881 ἄλλον

106 944 121 983 η
146 913 208 972 κατ’
233 911 317 980 tlte<
343 912 416 977 ὁδούς
436 910 518 970 ίθεον.
571 908 695 992 Ἡμέρας
720 908 748 969 δὲ
770 908 926 989 γενομένης,

148 1001 240 1073 ἐπειδὴ
265 999 429 1081 ἀπήγγειλαν
453 999 541 1064 αὐτοῖς
568 1001 594 1059 σί
622 996 784 1079 πεμφθέντες
807 997 852 1059 inl
878 996 927 1071 τὴν

145 1088 319 1163 κατασκοπὴν
342 1092 447 1161 ἱππεῖς,
465 1090 501 1155 ώς
522 1086 582 1147 οὔτε
602 1085 712 1165 δύναμις
735 1086 812 1166 ἑτέρα
828 1088 927 1168 παρῄει

147 1178 288 1259 σύμμαχος
309 1178 362 1246 τοῖς
385 1175 539 1255 πολεμίοις,
559 1173 588 1235 oi
607 1198 635 1234 τε
646 1181 684 1255 ιτῇ
703 1175 818 1257 προτέρᾳ
837 1199 926 1257 παρα-

1695 439 1756 500 ist

978 569 1150 623 armiscmnes
1167 572 1299 637 strepitum
1311 572 1432 636 edebnnt‚
1450 573 1544 631 modo,
1563 574 1635 639 quasi
1653 575 1678 625 in
1689 589 1757 640 proe·

980 657 1043 709 lium
1056 663 1169 723 ruerent,
1181 661 1281 712 crebros
1291 661 1412 711 clamores
1423 660 1553 728 tollebant.
1586 665 1619 713 m
1629 663 1684 713 bunc
1695 677 1758 727 quo-

980 759 1030 811 que
1042 748 1156 798 Hernicis
1171 749 1296 814 ingentem
1312 752 1433 799 terrorem
1444 749 1615 810 incusserunt;
1631 753 1672 811 el,
1686 750 1758 813 quusi

981 837 1030 888 lam
1042 838 1185 903 insequente
1195 839 1267 891 boste
1284 843 1465 905 premerentur,
1479 839 1584 903 dispersi
1599 840 1641 890 alii
1656 840 1719 891 alias
1731 840 1757 891 in

980 932 1064 991 partes
1081 928 1138 993 luga
1153 929 1303 981 terebantur.
1330 933 1413 989 Quum
1429 933 1514 981 aulem
1526 929 1580 980 dies
1596 929 1719 981 illuxisset
1732 933 1759 980 et

980 1015 1090 1080 equites,
1102 1017 1146 1082 qul
1156 1018 1312 1083 exploratum
1326 1019 1395 1069 missi
1416 1021 1501 1080 crant,
1515 1018 1697 1070 renuntiassent
1710 1030 1756 1068 nec

981 1103 1046 1154 ullas
1070 1118 1147 1156 ncrcs
1167 1106 1252 1170 copias
1279 1106 1394 1157 hostibus
1421 1106 1515 1156 auxilio
1539 1107 1636 1159 uenisse
1666 1120 1758 1171 eosque

981 1192 1089 1257 fugisse,
1104 1194 1149 1259 qui
1166 1194 1247 1259 pridie
1260 1195 1314 1245 acie
1335 1194 1457 1246 instructa
1475 1200 1630 1260 pugnarant,
1648 1194 1759 1260 Aquilius

147 1265 287 1346 ταξάμενοι
300 1265 377 1347 μάχῃ
395 1263 571 1347 πεφεύγασιν,
586 1261 721 1342 ἐξαγαγών
732 1263 780 1336 τὴν
792 1262 928 1342 δύναμινὸ
981 1282 1073 1333 educto
1085 1283 1197 1333 exercitu
1209 1287 1236 1334 et
1248 1283 1359 1333 hostium
1370 1288 1461 1345 castra,
1477 1284 1594 1335 iumentis
1604 1290 1760 1336 etcommea·

95 1384 121 1424 to
147 1352 291 1429 Ἀκύλλιος,
307 1354 351 1413 τόν
365 1376 393 1412 τί
407 1354 516 1435 χάρακα
530 1355 581 1410 τῶν
600 1354 735 1429 πῡλῑμῖων
747 1354 817 1433 “itti
832 1350 928 1429 μῑστῦν
981 1370 1049 1421 tibus
1062 1373 1138 1436 etque
1151 1371 1228 1422 armis
1246 1372 1337 1422 relecta
1356 1373 1435 1437 cepit,
1457 1379 1483 1424 et
1497 1375 1588 1425 milites
1601 1387 1686 1424 eornm
1699 1375 1758 1423 nnl-

147 1441 209 1501 ύντα
223 1441 368 1520 ὑποζυγίων
387 1442 477 1501 τεκαὶ
500 1443 598 1522 ἀγοράς
613 1442 659 1500 καὶ
680 1439 788 1514 ὅπλων,
808 1439 928 1508 καὶτοὺς

146 1532 311 1610 τραυματίας
325 1532 412 1590 αὐτῶν
435 1531 482 1589 οθκ
496 1530 618 1598 θλάττους
631 1530 708 1598 ὄντας
728 1533 779 1589 τῶν
793 1531 925 1610 περιαγά-

145 1643 198 1679 των
209 1618 356 1698 λαμδάνει·
370 1617 419 1691 την
433 1641 463 1678 τε
476 1617 558 1678 ἵππον
570 1617 709 1701 ἐκπέμψας
721 1620 765 1678 ἐπὶ
778 1618 838 1686 τοὺς
849 1622 926 1679 ἐσκε-

147 1708 363 1789 δασμένουςᾰνδ
381 1707 430 1775 τάς
454 1706 528 1776 ὁδούς
550 1730 579 1767 τε
603 1709 648 1769 καὶ
670 1707 716 1775 sd<
740 1706 803 1777 ύλας
821 1710 927 1767 πολλῶν

93 1823 118 1863 te
145 1797 246 1877 γίνεται
260 1796 392 1873 σωμάτων
413 1795 558 1876 θγκρατάς·
583 1795 628 1856 καλ
650 1795 680 1855 τδ
698 1796 790 1857 λοιπὸν
813 1796 866 1869 ἤδη
879 1795 926 1867 τὴν

146 1885 276 1964 Ἑρνίκων
291 1890 340 1963 γῆν
355 1883 431 1963 ἱπῄει
448 1885 586 1958 λεηλατῶν
598 1885 680 1952 ιἰδιῶς
693 1885 795 1952 οθδινθς
810 1885 848 1944 ίτι
862 1888 925 1944 ὑπο·

145 1976 269 2052 μένοντος
293 1976 330 2044 εἰς
356 1981 448 2054 χεῖρας
472 1975 550 2036 ἰέναι.
592 1976 686 2035 Ταῦτα
720 1972 768 2053 μὲν
794 1973 927 2041 Ἀκύλλιος

145 2059 266 2142 ἕδραισιν.

185 2152 303 2213 bxvtl.
326 2148 361 2212 ‘0
377 2151 400 2209 δ’
410 2148 498 2230 έτερος
512 2154 564 2211 τῶν
576 2151 696 2226 ύπάτων,
711 2152 790 2218 Τῖτος
805 2149 925 2229 Σίκκιος,

90 2262 121 2303 su
147 2239 303 2321 ύπεμρθελς
318 2238 362 2299 erl
381 2237 582 2314 Οὐολούσκους,
609 2238 669 2301 ὅσον
682 2231 714 2313 ἦν
726 2241 866 2320 κράτιστον
880 2243 927 2312 τῆς

147 2329 279 2405 δυνάμεως
293 2326 371 2408 μέρος
386 2327 546 2401 tentetis,
557 2329 594 2397 είς
606 2326 656 2400 τὴν
668 2330 853 2406 Οὐελιτρανῶν
869 2328 927 2409 χώ-

147 2440 194 2497 ραν
206 2416 351 2479 είσέύαλεν.
366 2415 498 2476 Ἐνταῦθα
509 2415 561 2498 γθρ
571 2407 603 2490 ἦν
615 2420 642 2479 Τ
643 2417 719 2486 ύλλος
733 2415 834 2485 Ἄττιος
845 2421 860 2476 ὁ
875 2420 927 2476 τῶν

147 2505 321 2568 Οθολούσκων
340 2504 447 2586 ἡγεμών
460 2504 508 2578 τὴν
524 2505 709 2586 ἀκμαιοτάτην
724 2506 927 2584 συσκευασάμε-

147 2618 189 2663 νος
203 2596 346 2676 στρατιθν,
358 2595 467 2675 γνώμην
479 2598 548 2677 ἔχων
567 2597 601 2655 τά
612 2597 772 2679 συμμαχικδι
781 2595 926 2677 Ῥωμαίων

90 2708 119 2749 τε
148 2688 270 2744 κακῶσαι
283 2689 409 2765 πρῶτον,
424 2685 514 2766 ὥσπερ
526 2690 541 2746 ὁ
555 2685 676 2766 Μάρκιος
688 2688 815 2767 ἔδρασεν,
830 2684 869 2745 ὅτ’
878 2686 927 2766 ἥρ·

146 2796 210 2855 χετο
223 2779 268 2834 τοῦ
285 2774 416 2852 πολέμου,
446 2775 522 2844 δόξας
548 2778 575 2834 έν
599 2778 637 2857 τῷ
663 2778 735 2856 αὐτῷ
753 2777 827 2858 ρύύῳ
852 2775 927 2839 Ῥω-

148 2862 241 2939 μαίους
255 2862 294 2923 ίτι
308 2864 441 2942 διαμένειν
464 2865 510 2924 καλ
525 2865 657 2943 μηδεμίαν
677 2874 731 2931 τοῖς
751 2865 819 2947 ὑπὲρ
841 2867 927 2926 αὐτῶν

147 2951 325 3011 κινδυνεύουσι
344 2951 459 3033 πέμψειν
477 2951 639 3032 ἐπικουρίαν.
683 2952 730 3021 Ὡς
749 2952 777 3012 δὲ
799 2951 926 3035 ώρθησάν

147 3062 176 3098 τε
189 3040 235 3100 καί
247 3030 315 3101 εἶδον
329 3041 447 3109 ἀλλήλας
461 3043 488 3099 nl
500 3040 639 3117 δυνάμεις,
651 3041 725 3101 οὐδέν
742 3041 780 3103 ἔτι
793 3040 927 3102 άναύαλά-

93 3166 121 3207 30
147 3151 224 3203 μεναι
247 3129 377 3209 συνῄεσαν
392 3132 428 3197 εἷς
439 3130 470 3190 τὸ
490 3129 563 3190 αὐτά.
603 3120 659 3191 Ἦν
672 3131 723 3191 δ’ὁ
740 3134 827 3211 χῶρος
845 3135 860 3191 ὁ
879 3155 927 3210 με·

146 3217 211 3286 ταξδ
227 3221 280 3278 τῶν
294 3218 496 3297 στρατοπέδων,
522 3220 549 3276 έν
564 3208 586 3300 ᾧ
602 3216 650 3291 τὴν
675 3220 765 3300 μάχην
787 3219 839 3280 ἔδει
854 3219 927 3300 γενέ-

147 3311 223 3384 σθαι,
243 3306 477 3390 λύροςπετρώδης
498 3309 624 3389 πολλαχῇ
639 3308 849 3389 περικατεαγώς·
864 3308 927 3369 ἔνθα

146 3395 289 3476 σιἰδετέροις
306 3393 417 3467 ἡίππος
438 3395 549 3472 ἔμελλεν
565 3399 671 3457 ἔσεσθαι
685 3398 818 3478 χρησίμη.
861 3402 927 3459 Μα-

148 3481 235 3551 θύντες
247 3486 275 3544 δὲ
287 3488 365 3543 τοῦτο
383 3486 407 3544 cl
427 3486 480 3542 τῶν
495 3482 639 3561 Ῥωμαίων
660 3487 750 3552 ἱππεῖς
764 3484 810 3544 καί
826 3488 852 3545 έν
866 3489 926 3548 cic·

90 3604 119 3645 ος
148 3571 216 3653 χύνη
230 3572 354 3647 θέμενοι,
370 3573 393 3631 εί
406 3571 533 3652 παρύντες
555 3574 593 3653 τῷ
612 3575 693 3651 ἀγῶνι
715 3571 796 3645 μηδὲν
817 3598 926 3654 προσοι-

149 3659 305 3742 μελήσουσιν
317 3703 325 3732 ,
343 3660 443 3719 ἐδέοντο
460 3668 505 3721 τοῦ
519 3660 620 3720 θπάτου
633 3661 819 3740 προσελθόντες
835 3664 925 3746 ἀθρόοι

147 3751 226 3808 θᾶσαι
250 3756 317 3828 σφᾶς
339 3747 505 3816 καταθάντας
530 3750 584 3809 ἀπὸ
605 3752 657 3808 τῶν
677 3748 766 3809 ίππων
793 3750 927 3831 μάχεσθαι

148 3838 261 3907 πεζοὺς,
278 3839 301 3895 εἰ
316 3835 386 3895 τοῦτ’
405 3839 478 3917 αύτῷ
499 3837 568 3896 δοκεῖ
588 3837 727 3918 κράτιστον
749 3828 827 3900 εἶναι.
870 3841 928 3900 Κά-

147 3934 230 3994 κεῖνος
244 3923 332 3986 nolli
350 3923 491 3993 ἐπαινέσας
515 3924 608 3993 αὐτούς
627 3926 802 3997 καταύιύάζει
826 3931 850 3987 τ’
873 3927 928 3987 ἀπὸ

92 4047 122 4087 40
148 4017 200 4074 τῶν
210 4012 316 4087 ἵππων,
332 4015 377 4074 καὶ
401 4016 448 4074 σὺν
468 4017 554 4094 έαυτῷ
573 4008 749 4092 τεταγμένους
765 4007 836 4096 εἶχεν
852 4021 928 4078 ίπισ·

148 4104 244 4172 κύτους
258 4128 286 4164 τε
304 4108 349 4165 καί
364 4102 547 4183 ἐπανορθωτὰς
560 4110 606 4163 τοῦ
617 4107 762 4181 κάμνοντος
776 4107 925 4183 ἐσομένους.

152 4193 205 4252 Καὶ
223 4193 341 4270 ίγίνοντο
354 4196 402 4262 τῆς
417 4192 477 4251 τότε
503 4190 575 4264 νίκης
600 4195 726 4272 λαμπρᾶς
742 4192 843 4274 σράδρα
857 4217 929 4272 γενο-

150 4282 230 4360 μένης
241 4273 310 4341 οὸτοι
325 4281 470 4357 Ῥωμαίοις
484 4278 575 4341 αίτιοι.
608 4281 648 4342 Τὸ
658 4282 706 4357 μίν
721 4281 772 4361 γδιρ
784 4281 861 4351 πεζὸν
877 4284 930 4360 άμ-

150 4369 265 4450 ροτέρων
275 4369 370 4442 πλήθει
380 4393 408 4428 τε
423 4365 568 4485 ἀνθρώπων
577 4373 613 4438 ώς
626 4372 744 4448 μάλιστα
754 4364 787 4445 ἦν
796 4372 842 4431 καί
852 4374 929 4433 ὁπλι-

93 4495 124 4535 ,ς
151 4461 226 4536 σμοῖς
245 4458 434 4538 ὁμοιότροπον,
454 4460 550 4530 τάςεώς
565 4485 594 4521 τε
606 4461 700 4545 κόσμῳ
717 4461 814 4522 καθ’
775 4487 866 4544 μαχης
877 4465 928 4540 tp-

981 1464 1091 1520 nerrtcs,
1113 1474 1162 1510 nen
1182 1461 1312 1525 panciores
1334 1463 1378 1524 iis,
1400 1463 1444 1527 qui
1467 1461 1594 1527 ingerant,
1621 1465 1647 1513 et
1668 1462 1758 1513 emisso

981 1548 1093 1610 equitatu
1105 1548 1130 1598 in
1147 1561 1205 1609 eos,
1221 1548 1264 1613 qui
1280 1549 1334 1600 vias
1344 1552 1371 1599 ct
1390 1549 1466 1600 silvas
1477 1549 1583 1614 dispersi
1598 1553 1684 1611 erant,
1697 1548 1764 1599 mni·

982 1634 1090 1686 lissinis
1109 1637 1203 1701 potitus
1222 1642 1276 1700 est;
1300 1642 1376 1703 atque
1388 1642 1476 1703 postea
1491 1637 1652 1689 Hernicorum
1670 1652 1758 1703 apros,

982 1722 1055 1774 luctis
1078 1725 1103 1774 in
1128 1739 1171 1776 ecs
1192 1726 1398 1790 excursionibus,
1426 1727 1525 1791 impune
1549 1726 1681 1790 populatus
1703 1731 1757 1789 est,

981 1813 1050 1876 quod
1061 1815 1143 1866 nullus
1161 1816 1267 1880 emplius
1282 1829 1339 1866 cum
1354 1831 1384 1867 ee
1400 1830 1488 1866 manns
1509 1816 1623 1867 conterre
1644 1816 1756 1868 auderet.

982 1904 1062 1965 Atque
1082 1904 1137 1954 bec
1154 1905 1254 1969 quidem
1273 1904 1305 1956 ab
1322 1904 1420 1970 Aquilio
1437 1907 1507 1969 gesta
1518 1907 1585 1955 sunt.

974 2178 975 2182 ¹
1012 2162 1111 2213 Llthl.
1126 2163 1194 2214 Alter
1205 2176 1265 2214 vero
1277 2162 1380 2224 consul,
1396 2164 1425 2213 T.
1441 2163 1553 2226 Siccius,
1564 2164 1643 2229 quiin
1657 2165 1761 2216 Volscos

981 2249 1073 2301 missus
1083 2255 1149 2312 erat,
1163 2265 1219 2302 cnm
1233 2252 1313 2302 totius
1330 2252 1454 2303 exercitus
1465 2252 1553 2304 robore
1564 2253 1590 2304 in
1604 2253 1760 2305 Veliternum

981 2354 1069 2404 agrum
1086 2341 1247 2406 irruptionem
1266 2341 1333 2393 lecit.
1365 2344 1428 2392 llam
1441 2342 1476 2394 ibi
1497 2345 1551 2393 erat
1569 2343 1652 2394 Attius
1663 2343 1758 2404 Tullus,

983 2430 1130 2481 Volscorurn
1145 2430 1214 2491 dux,
1226 2430 1269 2494 qui
1280 2429 1459 2482 validissimum
1472 2431 1613 2483 exercitum
1630 2444 1759 2496 compara·

983 2522 1069 2580 reret,
1092 2519 1118 2569 in
1145 2519 1228 2570 animo
1248 2518 1342 2569 hebens
1362 2520 1531 2570 Romanorum
1549 2520 1635 2574 :socios
1652 2519 1760 2584 primum

983 2622 1087 2669 nexare,
1112 2613 1142 2659 ut
1156 2609 1248 2658 lecerat
1268 2607 1376 2658 Marcius
1390 2606 1448 2657 belli
1461 2608 1546 2670 initi03
1562 2608 1587 2658 in
1608 2607 1694 2659 eadem
1709 2609 1761 2659 icr-

983 2696 1075 2747 midine
1100 2698 1224 2746 nomenos
1249 2693 1333 2745 adbuc
1350 2695 1458 2754 versari,
1477 2708 1523 2746 nec
1543 2694 1596 2745 ulle
1616 2696 1761 2747 auriliace-

984 2787 1031 2835 cils
1044 2798 1129 2835 eornm
1141 2797 1230 2834 caussa
1249 2783 1447 2847 periclitantibus
1458 2782 1580 2835 missurus
1593 2785 1670 2835 ratus.
1716 2784 1761 2835 Ubi

983 2887 1043 2925 vero
1059 2876 1137 2938 copiae
1159 2876 1343 2938 apparuerunt,
1367 2875 1393 2923 et
1414 2873 1439 2922 in
1463 2876 1579 2923 motuum
1600 2858 1761 2938 conspectum

983 2967 1118 3023 venerunt,
1138 2962 1192 3013 sine
1206 2961 1256 3012 ullo
1271 2975 1342 3012 mora
1363 2961 1535 3013 condixerunt.
1580 2964 1660 3013 Locus
1678 2964 1761 3014 autem

982 3052 1026 3114 qni
1043 3050 1109 3102 inter
1123 3054 1230 3115 utruque
1241 3054 1324 3100 rastra
1340 3049 1527 3112 intercedebat,
1545 3050 1572 3100 in
1587 3064 1638 3116 quo
1650 3064 1762 3116 pugnen-

983 3139 1044 3190 dum
1063 3143 1129 3200 erat,
1151 3139 1265 3190 tumulus
1285 3141 1341 3191 erat
1355 3139 1583 3191 mosuselroriis
1601 3139 1628 3189 ln
1648 3140 1762 3204 partibus

983 3227 1135 3290 salebrosos,
1160 3227 1204 3278 nbi
1226 3228 1354 3293 equitatus
1379 3227 1475 3279 neuuts
1500 3229 1558 3279 usui
1573 3231 1626 3279 erat
1651 3226 1761 3280 iuturus.

983 3320 1066 3376 Quum
1076 3320 1160 3368 autern
1174 3316 1277 3367 llomeni
1290 3316 1390 3381 equites
1401 3315 1427 3366 id
1437 3315 1685 3380 animadvertissent,
1700 3317 1762 3368 sibi-

982 3419 1032 3471 que
1049 3409 1122 3471 turpe
1135 3405 1279 3466 duxissent,
1301 3404 1323 3455 si
1342 3404 1473 3455 certamini
1485 3405 1634 3455 interessent
1652 3409 1678 3455 et
1699 3405 1761 3457 nibil

983 3495 1035 3545 suis
1049 3495 1209 3559 prodessent,
1224 3492 1367 3556 trequentes
1377 3492 1504 3543 consulem
1520 3492 1636 3544 sdieruut
1655 3506 1762 3556 eumque

982 3585 1116 3647 rogarunt,
1134 3584 1163 3631 ut
1179 3581 1216 3642 (si
1236 3580 1285 3631 boc
1302 3580 1339 3632 illi
1357 3581 1479 3645 optimum
1499 3581 1642 3643 videretur)
1666 3582 1713 3633 sibi
1729 3595 1761 3632 ex

982 3669 1057 3733 equis
1083 3667 1235 3719 descendere
1261 3669 1289 3718 et
1311 3666 1454 3732 pedestrem
1478 3681 1584 3733 pugnam
1608 3669 1763 3720 committere

983 3756 1145 3822 pennitteret.
1165 3754 1210 3805 Ille
1230 3767 1290 3804 vero
1307 3768 1338 3805 ac
1359 3754 1433 3806 valde
1447 3769 1492 3807 eos
1510 3756 1629 3813 laudans,
1648 3757 1762 3819 exequie

984 3860 1026 3897 cos
1038 3844 1189 3897 descendere
1199 3842 1287 3905 iussit,
1305 3847 1332 3895 et
1351 3843 1486 3894 instructos
1500 3844 1567 3895 circa
1587 3858 1615 3896 sc
1633 3843 1760 3907 habebat,

984 3942 1014 3990 nt
1033 3937 1191 4003 explorarent
1223 3934 1284 3999 quid
1305 3934 1446 3985 laciendum
1479 3938 1560 3996 esset,
1588 3937 1614 3985 et
1640 3932 1762 3986 laboranti

984 4027 1047 4079 aciei
1059 4026 1124 4091 parti
1136 4026 1316 4077 succurrerent.
1329 4023 1421 4086 istique
1432 4022 1499 4073 illius
1511 4022 1583 4073 valde
1592 4022 1693 4085 insignis
1707 4024 1761 4075 ric-

983 4117 1053 4167 torie
1065 4130 1080 4166 a
1093 4115 1210 4165 Romanis
1223 4115 1302 4178 partas
1322 4114 1436 4162 auctores
1451 4110 1561 4162 luerunt.
1593 4113 1761 4177 Utrorumque

983 4205 1048 4255 enim
1062 4206 1141 4269 copie
1153 4203 1294 4268 pedestres.
1305 4204 1332 4253 et
1345 4200 1472 4251 bominum
1482 4213 1587 4251 nurnero
1598 4201 1675 4253 terme
1690 4216 1762 4267 peres

983 4297 1010 4344 et
1023 4296 1156 4343 nnuntnrae
1171 4304 1261 4357 genere
1272 4290 1380 4348 similes,
1395 4293 1422 4340 et
1434 4289 1495 4340 aciei
1515 4290 1640 4342 struenda
1657 4292 1761 4355 ratione,

983 4383 1010 4432 et
1033 4380 1157 4445 pugnandi
1179 4380 1285 4445 peritia,
1314 4379 1368 4430 sire
1387 4378 1412 4428 in
1434 4378 1574 4433 invadendo
1597 4380 1686 4440 hoste,
1709 4380 1763 4430 sire

984 4470 1048 4537 pede
1075 4470 1220 4529 referendo,
1238 4470 1280 4522 rei
1297 4469 1324 4520 in
1341 4468 1480 4533 infligendis
1494 4469 1650 4534 vilarrdisque
1670 4470 1762 4521 ictibus

150 4548 240 4628 πειρία
255 4548 325 4607 κατά
339 4572 355 4606 τ
356 4549 516 4629 ’ἐπαγωγὰς
528 4550 574 4609 καὶ
584 4551 766 4631 ὑποχωρήσεις
782 4553 886 4629 πληγάς
899 4576 928 4613 τε
980 4556 1072 4623 pariter
1084 4555 1226 4604 exercitale
1239 4556 1318 4603 erant
1353 4553 1437 4604 Volsci
1447 4554 1514 4605 enirn
1523 4567 1623 4605 omnem
1634 4566 1705 4603 suam
1718 4566 1762 4616 pu·

151 4630 185 4694 αθ
206 4660 251 4696 και
241 4637 385 4718 ρυλακθιτ
405 4640 605 4718 παραπλησιον.
658 4641 818 4715 Μετέμαθον
836 4642 889 4720 γάρ
904 4643 929 4701 οἱ
979 4645 1071 4711 grandi
1086 4647 1207 4696 rationem
1219 4647 1357 4703 mutarent,
1371 4659 1403 4696 ex
1414 4660 1464 4711 quo
1478 4645 1600 4697 Marcium
1612 4645 1702 4695 ducem
1713 4645 1761 4695 ba·

150 4727 312 4786 otonem
327 4727 415 4787 πάντα
426 4726 460 4786 τδι
474 4730 604 4805 πολέμια,
615 4727 643 4797 ἒξ
661 4720 691 4787 ού
710 4729 832 4808 Μάρκιον
849 4729 930 4809 ίσχον

150 4813 286 4892 ἡγεμόνα,
308 4815 354 4875 καί
373 4818 408 4884 εἶς
427 4815 485 4874 πθ(
487 4819 620 4926 Ρωμσίμν
643 4817 852 4898 προσεχώρησαν
868 4817 928 4889 ἔθη,

90 4926 124 4967 co
150 4896 321 4980 bdpcno'f
291 4928 335 4965 ουν
345 4904 390 4964 επί
403 4906 527 4965 πλιιστον
542 4900 637 4985 χρόνον
650 4910 697 4978 τῆς
713 4906 853 4984 ἡμέρας’
838 4928 929 4986 αγχω-

151 4964 243 5103 μάλως
259 4994 286 5054 αί
300 4994 432 5107 φάλαγγες
447 4996 658 5072 ἀγωνιζόμεναι,
673 4995 719 5054 καὶ
737 4999 754 5066 ἡ
769 4994 928 5076 τοῦχωρίου

151 5081 227 5163 ρύσις
238 5072 419 5158 ἀνώμαλοςτ
389 5105 454 5142 ουσα
468 5081 599 5161 ἑκατέροις
611 5080 697 5140 πολλά
708 5082 744 5148 είς
757 5080 787 5139 τδ
801 5083 928 5141 πλεονεκ-

152 5179 206 5229 τεῖν
228 5172 287 5228 κατ’
312 5170 435 5242 ἀλλήλων
459 5167 740 5249 παρείχετο.οίδὸ
764 5170 913 5237 ίππιῐς
877 5193 929 5229 τοιν

985 4736 1106 4799 buerant,
1119 4736 1187 4787 etad
1201 4737 1418 4786 ilomsnosmores
1432 4729 1691 4783 sencccmmodarant.
1708 4730 1760 4780 lta-

983 4840 1034 4890 que
1045 4825 1078 4876 ad
1086 4826 1193 4877 multum
1204 4823 1254 4874 diei
1263 4825 1329 4875 acies
1341 4837 1415 4888 aequo
1426 4823 1506 4871 marte
1523 4820 1677 4884 pugnarunt,
1688 4819 1763 4882 alque

984 4913 1033 4965 loci
1043 4919 1133 4963 natura
1148 4911 1277 4974 inequnlts
1290 4910 1370 4960 multu
1382 4909 1494 4972 utrisque
1507 4910 1594 4958 contra
1608 4904 1763 4956 aduersarios

985 5000 1110 5066 prrebebal
1118 5000 1256 5050 commoda
1269 5000 1303 5050 nt
1311 4998 1423 5062 equitum
1432 4998 1596 5047 Romanorum
1605 4992 1717 5043 brianum
1725 4993 1762 5042 dr

986 5091 1105 5147 visorum,
1114 5102 1203 5154 passm
1215 5087 1326 5137 bostium
1338 5084 1523 5136 latnsadertro
1531 5097 1607 5134 cumn
1623 5082 1762 5146 impressio

985 5191 1041 5229 nem
1052 5177 1118 5238 lecit,
1134 5190 1191 5240 pers
1204 5189 1264 5227 rero
1277 5179 1395 5239 superato
1404 5173 1476 5224 collis
1484 5171 1614 5224 ambitum
1623 5174 1763 5222 extremum

152 5255 298 5336 Ῥωμαίων
312 5260 374 5337 διχῇ
390 5257 526 5335 νείμαντες
546 5260 669 5331 leuen,
691 5258 716 5317 οἱ
737 5254 786 5336 μίν
805 5257 927 5319 send-⁸
900 5281 934 5319 τα
986 5265 1097 5318 bostrum
1105 5279 1193 5332 egenen
1203 5264 1336 5316 irruerunt
1360 5265 1396 5313 Ac
1416 5274 1475 5312 mox
1491 5260 1533 5311 aln
1544 5260 1639 5312 buccas
1649 5255 1763 5324 jaculati

246 5376 362 5414 utontstt.

1637 5359 1668 5405 32
