4034 5922
16 60 90 128 am,
108 39 220 119 temps„
244 23 324 77 mi
349 10 440 103 ’λγ-ε’
461 1 674 85 ινθεθῖτῖθιεί·

236 419 277 475 42
755 402 925 466 DIONYSH
947 392 1320 460 llnhlcaltnnsssnsls

239 568 283 604 ται
298 551 350 611 τοῖς
369 542 456 608 ἄλλοις
469 540 567 601 ἀόατσν
583 535 755 619 φυλάττοντες
769 533 840 613 ἱεράν
860 533 1009 611 νομίζουσι·
1037 531 1043 604 1
1065 540 1125 588 teat.
1160 537 1273 598 Cumque
1288 531 1399 583 Troianis
1418 527 1564 593 imperasset
1581 528 1610 576 nt
1625 524 1651 574 in
1663 521 1749 573 collem
1760 524 1841 572 castra

239 635 291 699 τοῖς
305 631 332 690 δὲ
350 630 440 712 Τρωσί
461 626 752 710 μεταστρατοπεδεῦσαι
771 621 896 688 κελεύσας
912 620 955 679 ἀπὶ
969 619 1012 678 τδν

240 724 330 799 λόφον,
345 718 459 797 ἱδρύεται
470 714 503 773 τδι
518 714 564 786 ἕδη
576 716 627 771 τῶν
641 714 705 770 θεῶν
719 713 793 789 ἀντῷ
808 708 950 789 κρατίστῳ,
967 705 1012 764 καλ

242 809 335 868 αὐτίκα
351 807 410 881 περὶ
424 804 472 875 τὴν
487 802 653 870 κατασκευὴν
671 802 716 856 τοῦ
738 797 900 871 πολίσματος
921 792 1012 868 ἁπάσῃ

199 913 213 952 t
240 893 507 976 προθυμίᾳῶρμητο,
522 885 657 964 ἀλάμόανί
672 908 701 944 τε
717 883 851 943 καταθέων
864 885 956 940 ἐκτῶν
967 882 1014 938 πέ-

242 984 281 1067 ριξ
294 982 398 1066 χωρίων
411 979 488 1039 ὁπότ’
502 980 538 1045 είς
554 976 598 1036 τδν
616 973 744 1050 πολισμὸν
765 974 837 1050 αὐτῷ
850 961 882 1042 ἦν
892 969 1011 1048 χρήσιμα

240 1072 286 1132 καῖ
301 1072 407 1148 μάλιστ’
422 1068 516 1145 ἔμελλε
529 1063 636 1144 λυπηρδι
652 1071 704 1127 τοῖς
719 1063 881 1140 ἀφαιρεθεῖσι
894 1055 1013 1134 φανήσε-

242 1168 310 1232 σθαι,
319 1161 424 1236 σίδηρον
434 1156 481 1215 καὶ
490 1154 554 1224 ξύλα
564 1152 664 1217 καλτάς
675 1148 819 1229 γεωργικὰς
832 1144 1012 1228 παρασκευάς.

243 1250 347 1329 Λατίνῳ
355 1247 394 1321 δὲ,
406 1245 432 1312 θς
446 1237 475 1317 ἧν
485 1244 545 1303 τότε
560 1240 693 1322 βασιλεὺς,
708 1238 865 1313 πολεμοῦντι
875 1233 939 1314 πρὸς
946 1234 1015 1299 ἔθνος

190 1343 215 1380 ¹⁰
241 1338 334 1416 ὅμορον
349 1334 408 1400 τοὺς
427 1331 602 1408 κολωμένους
613 1328 751 1393 Ῥοτόλους
769 1324 814 1383 καί
828 1326 1016 1400 δυσημεροῦντι

242 1429 311 1483 κατά
331 1423 378 1490 τάς
393 1423 481 1500 μάχας
494 1416 649 1496 ἀγγέλλεται
663 1415 696 1472 τά
711 1412 825 1493 γινόμεν’
839 1411 882 1469 tat
896 1409 926 1467 τδ
940 1407 1017 1485 pobe-

244 1513 377 1592 ρώτατον,
391 1514 425 1573 ὡς
439 1508 583 1570 ἀνάστατος
597 1504 676 1562 αὐτοῦ
694 1501 793 1579 γίνεται
811 1501 876 1559 nbc*
892 1502 910 1570 ί,
924 1495 1015 1577 παρά·

242 1605 296 1666 λιος
309 1598 439 1676 ὑπερορίῳ
453 1600 580 1671 στρατιᾷ,
598 1589 643 1648 καλ
660 1593 683 1648 τί
702 1587 739 1665 μὴ
754 1586 800 1645 σὺν
813 1585 890 1664 τάχει
905 1583 1017 1643 κωλύσει

241 1686 275 1746 τά
300 1685 438 1765 δρώμενα,
463 1678 569 1758 ἰσχυρὸς
590 1679 662 1755 αὐτῷ
685 1674 833 1756 φανήσεται
849 1677 863 1730 ὁ
879 1669 1018 1747 πρδςτοῦς

191 1784 215 1822 ¹⁵
243 1773 426 1850 ἀστυγείτονας
449 1765 531 1845 ἀγών.
582 1763 734 1824 ’Λιιούσαντι
758 1760 785 1819 δὲ
805 1763 844 1840 τῷ
865 1759 937 1837 ἀνδρὶ
962 1757 1018 1824 δέος

243 1862 409 1941 εἰσέρχεται,
429 1857 474 1916 καί
488 1853 583 1914 αὐτίκα
598 1857 643 1911 τοῦ
665 1849 792 1929 παρόντος
804 1848 920 1923 πολέμου
939 1845 1017 1922 μεθέ-

244 1974 317 2029 μενος
329 1947 373 2008 tat
388 1946 447 2013 τοὺς
458 1947 554 2022 Τρῶας
567 1940 670 1999 ἐλαύνει
684 1939 770 2017 πολλῇ
786 1945 907 2015 στρατιᾷ.
931 1932 1019 2013 ‘ophi

244 2043 266 2099 δ’
286 2038 378 2105 αὐτούς
393 2032 572 2112 ὡπλισμένους
587 2032 609 2088 θ’
625 2032 660 2096 όις
678 2026 814 2097 Ἕλληνας
838 2023 883 2081 καὶ
908 2024 934 2081 έν
949 2020 1021 2088 τάξει

244 2129 289 2188 καί
310 2125 402 2204 κόσμῳ
432 2118 642 2187 ἀκαταπλήκτως
663 2115 692 2173 τδ
715 2113 795 2173 δεινὸν
824 2109 1019 2185 ὑπομένοντας,

191 2237 218 2277 ιι)
244 2220 290 2285 τῆς
304 2215 351 2290 μέν
364 2211 459 2271 αὐτίκα
472 2204 747 2286 παρακινδυνεύσεως,
760 2204 795 2265 όες
808 2200 855 2258 οὔκ
873 2199 905 2257 διν
917 2199 943 2266 ίξ
959 2197 1021 2272 ept-

245 2305 290 2361 δου
305 2299 398 2365 αὐτούς
413 2299 451 2358 ἔτι
471 2294 678 2376 χειρωσόμενος,
691 2287 775 2369 [καθ’]
787 2287 819 2359 ἢν
835 2275 891 2365 εῖχε
905 2285 1020 2343 διάνοιαν

246 2391 346 2450 οἴκοθεν
365 2385 534 2466 ὁρμώμενος,
549 2379 744 2459 ἀποτρέπεται·
760 2370 1020 2455 στρατοπεδευσάμε-

246 2503 287 2543 νος
308 2479 331 2535 δ’
353 2475 396 2534 ἰπὶ
417 2473 498 2551 λόφου
512 2471 598 2545 τινδς,
616 2468 647 2525 τδ
668 2468 772 2546 πρῶτον
796 2459 937 2518 ἀναλαόεῖν
956 2457 1024 2538 ᾤετο

247 2567 299 2625 δεῖν
311 2564 360 2635 τὴν
373 2561 484 2636 δύναμιν
499 2561 529 2617 ἐκ
543 2564 589 2616 τοῦ
604 2555 731 2634 παρόντος
748 2550 847 2623 κόπου,
859 2547 887 2615 δς
899 2545 978 2612 πολὺς
993 2548 1023 2602 ἐκ

194 2683 221 2721 τε
248 2663 352 2733 μακρᾶς
378 2653 437 2709 ὁδοῦ
453 2649 498 2709 καῖ
522 2647 645 2706 συντόνου
671 2641 781 2708 διώξεως
800 2638 886 2703 αὐτοῖς
910 2633 1021 2711 ἐγένετο.

249 2738 431 2816 Λθλισάμενος
454 2734 482 2794 δέ
499 2734 542 2793 δεδι
563 2730 656 2797 νυκτδς
677 2728 765 2787 αὐτόθι
784 2724 891 2803 γνώμην
912 2722 1025 2778 ἐποιεῖτο

251 2826 400 2908 ἀρχομένης
414 2825 449 2884 ἕω
463 2822 644 2902 συμφέρεσθαι
661 2826 715 2882 τοῖς
733 2813 878 2888 πολεμίοις,
922 2808 1025 2884 'Epeos-

250 2918 306 2977 κότε
329 2916 351 2973 δ’
379 2916 450 2993 αὐτῷ
468 2917 552 2969 ταῦτα
575 2908 648 2983 λέγει
669 2928 706 2969 τις
730 2903 838 2966 ἐπιστάς
863 2899 923 2956 καθ’
943 2894 1025 2953 ῦπνον

251 3002 389 3082 ἐπιχώριος
412 2997 512 3073 δαίμων
536 2995 659 3075 δέχεσθαι
679 2989 737 3055 τοθς
751 2987 931 3062 Ἕλληναςτῇ
950 2981 1026 3063 χώρῳ

197 3108 226 3147 ³⁰
252 3090 400 3155 συνοίκους·
419 3086 494 3159 ἥκειν
507 3082 559 3163 γάρ
573 3080 664 3146 αθτοθς
679 3077 738 3156 μέγ’
752 3075 883 3152 ὠφέλημα
904 3069 1026 3148 Λατίνῳ,

250 3203 296 3240 και
324 3199 408 3236 κοινον
430 3170 598 3254 ’Λῦοριγίνων
621 3164 730 3244 ἀγαθόν.
774 3163 865 3243 Λίνείφ
885 3159 908 3218 θ’
932 3161 956 3218 οῖ
974 3181 1027 3215 πα-

250 3271 331 3349 τρῷοι
346 3263 399 3323 θεοί
413 3265 460 3333 τῆς
474 3263 554 3330 αὐτῆς
568 3255 660 3322 νυκτδς
672 3253 794 3333 φανέντες
804 3248 1028 3328 παρακελεύονται

251 3358 349 3415 πείθειν
365 3357 477 3413 Λατῖνον
488 3348 581 3407 ἑκόντα
596 3350 744 3422 παρασχεῖν
759 3339 833 3420 σφίσι
846 3339 894 3409 τὴν
908 3336 1028 3406 οἴκησιν,

253 3436 315 3522 int}
336 3443 475 3522 βούλονται
487 3435 596 3518 χωρίῳ,
612 3432 659 3492 καῖ
675 3430 828 3510 χρήσασθαι
840 3424 951 3503 δυνάμει
966 3421 1031 3482 Ἑλ-

199 3549 227 3588 ιυ
252 3535 346 3609 ληνικῇ
369 3528 506 3606 συμμάχῳ
525 3525 626 3600 μᾶλλον
647 3520 665 3591 ἢ
685 3518 812 3599 διαφόρῳ.
857 3510 1030 3593 ’Λμφοτέρους

254 3622 281 3682 δὲ
295 3621 325 3680 τδ
339 3615 530 3697 όναρέκώλυεν
549 3612 640 3693 ἄρχειν
661 3608 759 3687 μάχης.
802 3604 851 3670 Ὡς
865 3601 887 3660 δ’
902 3598 990 3678 ἡμέρα
1006 3596 1030 3656 τ’

254 3687 1032 3787 ἐγένετο,καῖδιεκοσμήθησανεῖςμάχηναὶδυνάμεις,κήρυ-

255 3822 298 3866 κες
312 3790 377 3871 ἧκον
387 3799 422 3861 ὣς
435 3791 495 3858 τοὺς
501 3788 632 3866 ἡγεμόνας
641 3783 800 3864 ἑκατέρωθεν
810 3779 840 3838 τὸ
854 3776 918 3836 αθτδ
930 3774 1032 3845 ἀξιοῦν-

255 3910 307 3960 τες,
324 3881 447 3953 ἀλλῆλοις
458 3879 589 3937 συνελθεῖν
606 3874 642 3939 εἰς
656 3871 758 3948 λόγους·
770 3867 816 3927 καὶ
830 3863 931 3943 ἐγένετο
944 3866 1031 3921 τοῦτο.

202 3988 229 4028 ⁴⁰
297 3975 394 4034 LVlll·
414 3971 526 4050 Πρῶτος
541 3966 564 4022 δ’
585 3965 599 4020 δ
619 3962 729 4023 Λατῖνος
741 3956 861 4034 ἔγκλημα
882 3949 1034 4021 ποιούμενος

257 4061 301 4119 τδν
318 4057 442 4139 αἰφνίδιόν
456 4053 544 4114 τεκαὶ
559 4041 753 4127 ἀκατάγγελτον
770 4040 885 4116 πολεμον
902 4037 976 4109 ἠξίου
990 4035 1034 4093 τὸν

258 4146 365 4210 Αἰνείαν
378 4145 481 4223 λέγειν,
496 4142 567 4208 ὅστις
586 4136 623 4196 ilo
638 4134 684 4193 καί
698 4132 724 4190 τί
740 4127 895 4210 βουλόμενος
915 4123 974 4201 ἀγει
989 4121 1034 4180 καί

259 4237 332 4318 φέρει
346 4234 379 4292 τδι
395 4232 497 4311 χωρία,
512 4223 648 4293 πεπονθώς
665 4223 688 4280 τ’
709 4217 781 4278 οῦδὲν
793 4212 876 4274 δεινδν
891 4213 1036 4290 πρότερον,

260 4326 305 4384 καὶ
320 4324 368 4381 οὐκ
383 4322 482 4397 ἀγνοῶν
499 4316 538 4374 ὅτι
552 4316 595 4375 τδν
612 4313 728 4393 ἄρχοντα
743 4303 861 4380 πολέμου
877 4307 929 4365 πᾶς
941 4302 955 4355 δ
968 4319 1035 4374 προ-

207 4441 234 4481 ts
261 4411 353 4475 παθών
373 4411 516 4489 ἀμύνεται·
528 4403 670 4483 παρασχόν
682 4397 705 4456 τ’
718 4397 749 4455 διν
764 4396 837 4474 αὐτῷ
850 4399 917 4462 πᾶν,
933 4386 957 4445 εῖ
970 4409 1037 4451 τινος

263 4504 346 4560 ἐδεῖτο
360 4496 483 4581 μετρίου,
504 4491 570 4572 πρδς
584 4488 672 4570 φιλίαν
689 4485 735 4545 καὶ
754 4486 818 4561 παρ’
834 4478 945 4538 ἑκόντων
966 4472 1035 4553 εύρί-

263 4595 373 4649 σκεσθαι
394 4593 446 4646 τῶν
461 4579 613 4664 ἐγχωρίων,
628 4572 767 4655 παρελθὼν
785 4570 833 4641 τὴν
849 4566 972 4626 ἁπάντων
986 4567 1037 4619 ἀν-

265 4678 376 4759 θρώπων
399 4673 533 4735 δικαίωσιν
564 4666 666 4744 αἴσχιον
691 4661 709 4732 ἢ
735 4661 843 4719 κάλλιον
863 4653 960 4725 ἠξίωσε
979 4648 1039 4728 βίαν

265 4767 419 4847 προσφέρων
440 4762 473 4822 τδι
493 4756 560 4821 αῦτδι
582 4750 738 4831 λαμῦάνειν.
782 4749 900 4808 Τοιαῦτα
919 4741 940 4798 δ’
961 4740 1039 4796 αὐτοῦ

211 4880 238 4922 no
267 4855 444 4936 διαλεχθέντος
459 4848 619 4929 ἀπεκρίνατο
634 4840 754 4906 Λῖνείας·
770 4864 783 4888 ι
798 4835 893 4911 Ἡμεῖς
904 4826 976 4907 pilot
992 4823 1040 4903 μὲν

267 4970 280 4999 ι
301 4947 390 5024 Τρῶες
414 4940 510 5017 ἐσμὲν,
533 4935 635 4998 πόλεως
653 4929 678 4986 δ’
696 4929 725 4985 οὐ
746 4929 792 4996 τῆς
813 4916 997 5003 ἀφανεστάτης
1015 4914 1041 4969 έν

266 5059 280 5089 ι
300 5029 431 5102 Ἕλλησιν
451 5025 605 5107 ἐγενόμεθα·
623 5020 656 5091 ἢν
677 5012 856 5096 ἀφαιρεθέντες
871 5004 915 5066 ὑπ’
931 5004 1043 5081 ’Λγαιῖῖν

268 5151 281 5178 ι
303 5123 420 5180 δεκαετεῖ
440 5115 549 5195 πολέμῳ
574 5111 765 5190 χειρωθεῖσαν,
786 5104 882 5171 ἀλῆται
902 5089 1044 5172 περιερχό-

270 5239 282 5266 s
305 5230 378 5271 αενοι
395 5203 494 5269 πόλεώς
508 5224 536 5259 τε
550 5201 595 5258 καὶ
607 5196 696 5277 χώρας
716 5180 774 5261 ἕνῇ
792 5188 821 5247 τδ
834 5181 924 5243 λοιπδν
940 5177 1044 5247 elesino·

1066 618 1241 691 transferrent,
1257 631 1281 680 in
1293 628 1429 679 editissima
1441 624 1510 676 collis
1521 625 1591 686 parte
1599 618 1701 670 deorum
1711 615 1842 668 simulacra

1066 731 1207 791 collocavit,
1222 732 1247 779 el
1264 727 1369 776 maxima
1383 723 1456 774 animi
1469 719 1596 771 alacritate
1607 714 1737 767 molestim
1752 713 1842 763 urbem

1067 828 1188 879 aedificare
1196 823 1270 889 cepit
1280 841 1286 871 :
1295 825 1369 885 atque
1377 833 1408 870 ex
1418 817 1505 869 vicinis
1510 815 1576 879 agris
1586 811 1695 875 trudique
1701 810 1841 861 discurrens

1067 917 1168 984 petebat
1184 913 1301 981 quicquid
1311 912 1344 963 ad
1356 910 1423 961 urhis
1432 906 1566 959 condendae
1576 917 1638 955 usus
1648 901 1768 962 lacinbat,
1777 912 1841 965 prce·

1068 1012 1138 1077 cipue
1151 1020 1211 1059 vero
1222 1006 1331 1066 terrum,
1343 1003 1421 1067 ligno,
1434 1004 1459 1052 et
1477 999 1642 1050 instrumenta
1656 993 1764 1053 rustica,
1776 1004 1839 1056 quo

1068 1124 1123 1159 rum
1135 1107 1238 1172 privatio
1247 1103 1420 1169 grauissimum
1427 1099 1537 1150 dolorem
1548 1095 1655 1147 dondnis
1666 1096 1719 1143 erut
1728 1090 1841 1142 allatura.

1069 1200 1154 1251 butino
1166 1202 1247 1249 antem
1257 1235 1263 1257 ,
1274 1195 1316 1260 qui
1335 1199 1395 1245 tunc
1412 1205 1456 1242 rex
1469 1192 1535 1251 erat,
1548 1190 1634 1237 contra
1646 1184 1774 1234 finitimam
1783 1193 1841 1244 gen·

1069 1298 1128 1353 tem,
1140 1291 1184 1356 qui
1194 1288 1279 1340 Rutuli
1290 1287 1449 1341 vocabantur,
1462 1280 1553 1331 bellum
1562 1275 1666 1343 gerenti,
1678 1277 1705 1324 et
1717 1269 1844 1322 infeliciter

1069 1382 1201 1448 pugnanti,
1214 1379 1357 1430 nuntiantur
1370 1375 1417 1425 ista
1430 1374 1519 1421 mirum
1528 1371 1553 1419 in
1565 1366 1664 1417 modurn
1678 1362 1842 1426 exaggerata:

1071 1475 1149 1524 totam
1175 1482 1244 1520 oram
1265 1465 1414 1516 maritimam
1439 1461 1470 1510 ab
1494 1457 1603 1509 exercitu
1627 1457 1714 1504 extero
1738 1447 1844 1506 vasum,

1070 1569 1109 1626 ct,
1134 1564 1183 1615 nisi
1213 1560 1326 1611 celeriter
1349 1557 1403 1606 bac
1427 1553 1536 1602 facinora
1563 1544 1724 1611 reprimeret,
1753 1539 1846 1591 bellum

1071 1654 1172 1719 grauius
1190 1653 1275 1700 contra
1286 1644 1378 1697 vicinos
1394 1643 1494 1692 instare.
1526 1636 1571 1686 llis
1582 1631 1675 1682 aedibs
1691 1628 1775 1682 sirum
1795 1638 1847 1675 me

1072 1752 1113 1797 tus
1129 1744 1220 1805 subiit;
1236 1745 1261 1791 et
1272 1737 1402 1789 confestim
1416 1729 1554 1783 intermisso
1568 1723 1685 1791 presenti
1696 1720 1774 1781 bello,
1786 1732 1845 1768 curn

1071 1838 1164 1904 magnis
1177 1835 1253 1899 copiis
1264 1833 1350 1882 contra
1361 1828 1479 1879 Troianos
1500 1822 1626 1887 protectus
1639 1818 1686 1867 est.
1719 1811 1767 1862 Sed
1788 1824 1846 1859 cum

1073 1943 1115 1979 eos
1127 1938 1196 1977 more
1203 1925 1289 1975 Gnaeo
1298 1920 1419 1974 armatos,
1430 1916 1455 1962 et
1466 1910 1518 1961 acie
1526 1907 1622 1970 egregie
1636 1904 1757 1952 instructa
1768 1897 1846 1962 pnulti

1073 2019 1206 2070 discrimen
1229 2011 1351 2076 intrepide
1375 2005 1547 2070 exspectantes
1570 1996 1675 2056 uideret,
1691 1992 1722 2043 ab
1745 2004 1775 2041 ea
1788 2002 1847 2053 spe,

1073 2126 1148 2177 quam
1157 2109 1231 2159 domo
1237 2103 1365 2155 discedens
1371 2097 1492 2149 habuerat
1503 2091 1620 2156 depulsus
1631 2083 1810 2148 omniquidem
1821 2092 1849 2130 se

1073 2218 1117 2256 eos
1128 2202 1207 2268 primo
1220 2200 1321 2248 incursu
1334 2195 1359 2243 in
1381 2204 1452 2240 snam
1470 2187 1616 2251 potestatem
1630 2194 1676 2230 non
1689 2177 1848 2228 redacturum

1075 2294 1239 2358 intellegebat.
1271 2287 1320 2340 sed
1335 2283 1424 2335 castris
1438 2280 1464 2331 in
1480 2277 1541 2329 colle
1565 2272 1672 2337 quodam
1683 2268 1786 2335 positis,
1797 2264 1849 2330 pri·

1075 2402 1145 2439 mum
1156 2382 1256 2450 quidem
1269 2377 1353 2441 copias
1367 2387 1426 2423 suas
1441 2384 1470 2420 ex
1484 2364 1599 2432 praesenti
1610 2362 1695 2413 labore
1708 2353 1848 2409 reiciendas

1075 2478 1162 2538 duxit,
1176 2487 1252 2539 quem
1272 2471 1342 2533 longo
1354 2467 1441 2516 itinere
1453 2465 1478 2512 et
1489 2471 1576 2522 mapsa
1587 2456 1672 2506 lwstes
1686 2443 1851 2514 persequendi

1077 2570 1232 2623 contentione
1247 2563 1361 2614 tulerant.
1396 2560 1459 2607 cunis
1472 2555 1555 2603 nutem
1570 2547 1606 2599 ibi
1617 2542 1800 2610 pernoctasset,
1814 2536 1850 2586 si-

1077 2665 1204 2725 mutatque
1215 2658 1268 2707 dies
1280 2653 1413 2713 illuxisset,
1428 2660 1484 2696 curn
1500 2642 1612 2693 hostibus
1624 2636 1753 2698 confligere
1765 2630 1852 2679 decre·

1079 2760 1124 2808 vit.
1157 2758 1210 2805 Hoc
1219 2763 1279 2802 nero
1291 2747 1391 2797 consilio
1404 2745 1493 2804 capto,
1512 2735 1598 2800 genius
1612 2731 1714 2795 qnidam
1732 2726 1798 2776 illius
1812 2735 1853 2771 re-

1083 2848 1160 2915 gionis
1174 2847 1198 2895 in
1215 2855 1301 2894 somno
1317 2839 1417 2888 adstans
1433 2834 1515 2897 ipsum
1534 2825 1644 2886 monuit,
1662 2825 1693 2872 ut
1711 2823 1808 2870 Grecos
1829 2814 1855 2863 in

1079 2940 1131 3003 agii
1147 2933 1343 2987 cornmmrionem
1364 2924 1503 2988 reciperet:
1522 2921 1631 2983 ipsomm
1645 2913 1710 2963 enim
1721 2909 1855 2960 adventum

1081 3042 1193 3093 magnam
1207 3025 1294 3076 latino
1304 3020 1438 3072 utilitatem
1450 3014 1597 3068 allaturum,
1612 3010 1637 3057 et
1650 3004 1771 3054 universe
1785 2996 1854 3047 Abo-

1080 3123 1186 3187 riginum
1197 3117 1262 3183 genti
1273 3114 1347 3165 saluti
1356 3113 1474 3161 intutum.
1507 3107 1537 3153 ht
1551 3104 1634 3152 AEnem
1645 3096 1680 3147 dii
1686 3092 1760 3159 patrii
1770 3089 1856 3141 cadem

1081 3220 1152 3266 nocte
1162 3214 1186 3262 in
1196 3221 1282 3260 somno
1292 3204 1473 3270 apparuerunt,
1485 3207 1590 3258 eumque
1599 3189 1690 3240 hortati
1701 3188 1760 3235 sunt
1769 3184 1799 3232 ut
1807 3183 1855 3230 ha-

1082 3308 1133 3358 tino
1147 3300 1321 3369 persuaderet,
1335 3300 1364 3346 ut
1373 3293 1421 3344 sihi
1433 3289 1504 3341 sedus
1517 3289 1603 3351 sponte
1617 3283 1689 3332 daret
1699 3278 1724 3327 in
1740 3289 1790 3339 quo
1802 3273 1856 3323 loco

1084 3399 1186 3457 uellent,
1197 3396 1223 3444 et
1235 3394 1378 3442 Graecorum
1391 3382 1468 3447 copiis
1482 3378 1554 3429 soniis
1565 3375 1732 3439 potiusquam
1743 3363 1858 3414 hostibus

1084 3498 1203 3545 uteretur.
1236 3485 1322 3536 ambos
1335 3484 1417 3531 autem
1428 3475 1575 3526 somniuma
1591 3465 1702 3518 iaciendo
1716 3460 1793 3527 pnelil
1806 3458 1854 3508 ini·

1085 3586 1119 3636 tio
1133 3581 1262 3634 deterruit.
1295 3579 1358 3626 cunr
1382 3584 1441 3621 vero
1459 3567 1512 3617 dies
1534 3561 1670 3619 illuxisset,
1691 3561 1716 3606 et
1736 3551 1858 3604 exercitus

1086 3676 1207 3725 instructa
1223 3669 1276 3720 acte
1288 3667 1320 3717 ad
1334 3673 1441 3728 pugnarn
1453 3650 1654 3706 committendam
1668 3643 1748 3709 parati
1763 3643 1861 3698 essent,

1087 3769 1160 3834 legati
1170 3764 1294 3824 utrimque
1301 3757 1334 3808 ad
1345 3756 1421 3804 duces
1432 3750 1551 3800 uenerunt
1560 3783 1567 3805 ,
1576 3742 1618 3808 qui
1631 3740 1696 3790 idern
1709 3733 1862 3802 postularunt

1088 3860 1156 3914 ulad
1166 3855 1316 3920 colloquium
1327 3845 1484 3900 convenirent
1497 3858 1504 3886 ·.
1518 3839 1593 3903 idque
1608 3835 1702 3885 tactum
1713 3832 1760 3880 est.

1117 3959 1202 4010 hvtll.
1214 3959 1249 4004 Ac
1261 3952 1326 4015 prior
1339 3940 1549 4004 Latinosquestus
1560 3927 1754 3995 derepentinoet
1764 3935 1811 3971 non
1821 3919 1863 3969 de·

1088 4057 1199 4110 nuntiato
1208 4051 1283 4111 bello,
1291 4046 1387 4110 rogavit
1395 4045 1497 4093 AEnearn
1507 4038 1536 4086 ut
1542 4032 1636 4082 diceret
1642 4027 1755 4090 quisnam
1765 4021 1863 4070 essolet

1088 4169 1139 4220 quo
1155 4151 1256 4205 consilio
1267 4151 1358 4197 terram
1371 4139 1497 4201 diriperet,
1509 4145 1567 4184 cnm
1578 4144 1596 4179 a
1606 4140 1633 4177 sc
1645 4123 1736 4175 andan
1749 4116 1864 4168 miceriam

1089 4258 1146 4305 ante
1155 4247 1299 4313 accepisset,
1309 4246 1384 4304 alque
1393 4235 1469 4301 probe
1477 4231 1552 4282 sciret
1563 4212 1864 4277 bellianctoresabomni·

1090 4347 1152 4404 bus,
1173 4340 1217 4404 qni
1235 4335 1325 4388 iniuria
1345 4326 1454 4382 lacessiti
1465 4325 1556 4378 essent,
1575 4312 1721 4383 propulsari.
1756 4308 1864 4368 Questus

1091 4440 1128 4490 est
1148 4435 1223 4487 etlam
1236 4428 1371 4494 quodcum
1389 4420 1435 4485 ipsi
1452 4414 1584 4481 quidlibet,
1598 4407 1682 4472 siquid
1693 4401 1805 4454 modeste
1819 4411 1864 4463 pe·

1092 4530 1233 4588 tivisset,a
1256 4517 1360 4585 regionis
1377 4511 1463 4564 incolis
1484 4504 1623 4558 nolentibus
1644 4503 1671 4552 et
1687 4497 1767 4548 amice
1786 4492 1865 4555 hope-

1093 4628 1159 4675 trare
1176 4614 1299 4673 licuisset,
1323 4612 1405 4659 tamen
1435 4601 1544 4653 omnium
1566 4593 1674 4660 gentium
1691 4589 1745 4639 iure
1764 4583 1866 4643 violato,

1093 4713 1189 4778 turpius
1211 4720 1286 4772 quarn
1308 4697 1436 4752 honestius
1456 4707 1485 4745 ea
1507 4692 1620 4755 ipseper
1640 4685 1692 4735 vim
1707 4691 1794 4743 capere
1811 4687 1867 4724 ma-

1093 4808 1190 4859 luisset.
1223 4800 1267 4852 llis
1278 4800 1361 4849 autem
1370 4791 1403 4842 ab
1411 4803 1439 4840 eo
1450 4785 1525 4837 dictis
1537 4784 1626 4833 AEneas
1638 4772 1763 4839 respondit
1776 4790 1782 4819 :
1794 4788 1806 4811 ι
1818 4769 1868 4817 Nos

1097 4921 1109 4946 a
1127 4909 1215 4964 genera
1226 4888 1326 4945 troiani
1339 4897 1442 4943 sumus,
1459 4882 1485 4930 et
1500 4891 1528 4928 ex
1540 4874 1602 4925 urbe
1618 4871 1683 4920 inter
1702 4867 1802 4917 Grecos
1818 4871 1868 4909 non

1098 5012 1111 5037 σ
1127 4985 1303 5042 obscurissima
1325 4978 1454 5033 venimus,
1476 4982 1551 5034 quom
1572 4960 1652 5017 Greci
1666 4957 1731 5009 bello
1746 4948 1870 5005 decennali

1100 5104 1112 5129 ι
1130 5082 1293 5146 expugnatam
1305 5070 1375 5123 nobis
1387 5063 1542 5130 eripuerunt3
1559 5061 1585 5108 et
1599 5048 1730 5105 errabundi
1741 5053 1871 5109 vagamur,

1103 5197 1116 5221 n
1131 5171 1198 5239 qnod
1208 5169 1300 5221 nullam
1312 5164 1398 5214 urbem
1407 5172 1452 5209 nec
1461 5165 1547 5219 agrum
1559 5147 1697 5205 habemus,
1709 5140 1734 5191 in
1745 5150 1794 5203 qno
1803 5134 1872 5200 post-
