4068 5924
194 904 207 941 θ

185 1342 209 1376 to

235 410 294 468 tat

234 544 287 599 τῶν
305 543 399 622 ίερῶν,
414 541 558 618 ἀνθρώπιον
573 541 600 598 δὲ
616 541 716 615 μηδένα
732 539 801 616 μήτε
815 540 923 599 κτείνειν
946 540 1007 615 μήτ’

236 630 355 702 ἀδικεῖν,
372 630 441 688 άλλδι
454 629 553 695 πάντας
578 632 622 687 ἐᾶν
645 628 714 707 ἔχειν
738 629 772 686 τδι
792 631 902 687 έαυτῶν.
946 626 1010 687 Ἐκ-

234 714 342 796 πέμψας
352 716 379 774 δὲ
390 721 480 775 τοῦτον
490 716 578 775 ἐκάλει
586 713 644 781 τοὺς
653 714 806 799 ταξιάρχους
817 704 862 774 καλ
874 714 1012 795 λοχαγοὺς,

235 805 281 863 καῖ
290 803 324 862 τθ
342 802 452 870 δόξαντα
464 808 499 882 τῇ
511 803 593 882 βουλῇ
602 802 769 882 διασαφήσας
780 803 900 884 φυλακήν
912 807 941 862 ἐκ
952 802 1012 861 τοό-

234 916 285 951 των
298 891 455 950 καθίσταται
470 891 529 971 περὶ
544 889 573 947 τδ
581 892 675 964 σῶμα·
689 889 734 950 καῖ
743 891 799 969 μετ’
810 889 914 950 οθπολθ
923 894 1010 970 παρῆν

235 979 389 1046 δ’λλθανδς
405 985 439 1047 ὡς
457 979 501 1038 ἐπί
521 978 648 1056 νικήματι
667 982 746 1059 κοινῷ
770 980 887 1059 γεγηθὼς
905 978 951 1040 καί
974 981 1011 1059 τῷ

235 1069 332 1149 Τύλλῳ
348 1066 532 1142 συνηδόμενος.
574 1065 610 1126 ‘0
634 1067 661 1127 δὲ
681 1068 784 1136 Τύλλος
800 1070 949 1148 ἀπόρρητον
963 1068 1012 1139 τὴν

234 1155 343 1233 γνώμην
363 1155 400 1213 ἔτι
424 1156 562 1236 φυλάττων
581 1155 671 1234 ἐπήνει
690 1156 714 1215 τ’
737 1156 813 1216 αὗτδν
830 1157 876 1216 καλ
890 1158 1013 1235 μεγάλων

237 1243 307 1310 ἄξιον
323 1242 451 1319 ἀπέφαινε
466 1245 588 1321 δωρεῶν,
605 1242 752 1324 παρεκάλει
771 1267 800 1304 τε
814 1244 953 1324 γράψαντα
968 1243 1013 1303 καλ

237 1330 270 1389 adr
283 1334 334 1389 τῶν
361 1334 448 1390 άλλων
475 1331 609 1392 Ἀλόανῶν
633 1332 749 1408 ὀνόματα
770 1337 822 1392 τῶν
849 1331 974 1412 ἐπιφανές
987 1356 1014 1389 τι

235 1419 304 1479 κατδι
329 1419 376 1491 τήν
405 1421 495 1500 μάχην
514 1420 735 1501 διαπραξαμένων
756 1423 842 1502 φέρειν
866 1425 902 1489 ὡς
924 1419 1013 1493 αὐτὸν,

235 1506 279 1566 ἵνα
306 1513 422 1568 κάκεῖνοι
450 1509 497 1579 τήν
527 1511 631 1569 ἐκτῶν
659 1509 793 1570 ἐπινικίων
818 1510 1015 1587 ἀπενέγκωνται

237 1603 342 1677 μοῖραν.
386 1596 421 1657 Ὁ
449 1597 496 1673 μὲν
521 1597 552 1668 δή
569 1596 714 1677 περιχαρής
728 1599 863 1677 γενόμενος
883 1598 943 1665 τοθς
962 1621 1014 1654 πι-

237 1681 377 1749 στοτάτους
405 1687 456 1741 τῶν
480 1683 581 1763 φιλων,
594 1674 632 1753 οἷς
646 1684 777 1764 ἐχρήσατο
791 1691 843 1746 τῶν
859 1687 1014 1767 ἀπορρήτων

240 1771 425 1848 βουλευμάτων
449 1778 596 1850 συνεργοῖς,
623 1773 767 1853 εἰσγράψας
790 1776 826 1842 εἰς
848 1773 939 1832 δέλτον
955 1775 1012 1831 ἐπι-

239 1856 355 1918 δίδωσιν.
399 1856 434 1919 Ὁ
449 1858 477 1917 δὲ
491 1861 544 1916 τῶν
565 1857 710 1934 Ῥωμαίων
728 1861 850 1940 βασιλεὺς
863 1864 900 1929 εἰς
917 1864 1015 1933 ἐκκλη-

240 1944 298 2004 σίαν
317 1944 434 2013 ἅπαντας
448 1948 624 2022 ἀποθεμένους
636 1948 668 2005 adr
687 1947 746 2008 ὅπλ’
761 1952 863 2010 ἐκάλει·
875 1951 1016 2010 συνιόντων

238 2035 261 2091 δ’
277 2036 378 2107 αὐτῶν,
395 2035 439 2093 τὸν
461 2035 507 2110 μὲν
528 2037 648 2113 ήγεμόνα
668 2042 720 2096 τῶν
738 2037 870 2097 Ἀλάανῶν
891 2037 949 2117 ἅμα
963 2047 1017 2105 τοῖς

239 2120 389 2202 ταξιάρχοις
404 2145 431 2180 τε
447 2123 492 2180 καὶ
513 2123 635 2203 λοχαγοῖς
652 2125 715 2203 παρ’
739 2123 803 2183 αὐτὸ
824 2125 854 2183 τὸ
870 2126 934 2203 βῆμ’
956 2122 1016 2183 ἐκέ-

199 2237 202 2243 ’
239 2214 331 2271 λευοεν
358 2212 478 2284 ἑστάναι,
506 2212 645 2292 ἐχομένους
669 2214 697 2272 δὲ
717 2212 817 2274 τούτων
841 2212 900 2280 τοὺς
922 2212 1016 2278 ἄλλους

240 2299 387 2367 Ἀλθανοθς
411 2300 554 2381 ταχθέντας
580 2302 781 2376 ἐκκλησιάζειν,
810 2301 877 2380 μετὰ
899 2301 927 2361 δέ
957 2301 1016 2368 τοὺς

240 2387 379 2454 nitente
393 2388 422 2446 ιδ
436 2387 527 2447 λοιπὸν
551 2392 602 2447 τῶν
619 2391 770 2468 συμμάχων
792 2393 903 2462 πλῆθος·
924 2387 1016 2458 ἔξωθεν

240 2477 266 2535 δὲ
282 2477 403 2557 [τούτων]
423 2480 529 2537 πάντων
550 2476 707 2558 περιέστησε
735 2476 905 2556 Ῥωμαίους,
932 2480 958 2536 ἐν
980 2467 1018 2543 οῖς

239 2558 306 2639 ήσαν
322 2569 346 2625 ol
371 2566 549 2644 γενναιότατοι
565 2566 623 2644 ξίφη
640 2567 797 2648 κρύπτοντες
820 2566 871 2625 ὑπὸ
894 2569 953 2631 ταῖς
969 2587 1016 2621 πε-

241 2652 366 2728 ριόολαῖς.
410 2651 458 2719 Ὡς
472 2652 496 2710 θ’
512 2655 538 2711 ἐν
553 2655 628 2734 καλῷ
638 2652 698 2717 τοθς
713 2651 820 2733 ἐχθροὺς
835 2652 905 2733 ἐχειν
920 2651 1018 2711 ὑπέλα-

240 2740 296 2814 dtu,
311 2740 426 2808 άνιιστδις
449 2741 518 2809 ἔλεξε
540 2742 639 2801 τοιάδε·

279 2832 409 2892 XXVIII.
436 2852 449 2885 ι(
475 2828 580 2909 Ἄνδρες
611 2826 743 2906 Ῥωμαῖοί
771 2853 799 2889 τε
824 2829 869 2888 καῖ
892 2831 916 2888 οἱ
943 2829 1019 2887 άλλοι

243 2920 344 2999 ιφέλοι
368 2919 413 2976 καὶ
447 2918 596 2999 σύμμαχοι,
631 2917 691 2986 τοὺς
718 2920 766 2994 μὲν
800 2921 831 2977 ἐκ
864 2922 909 2977 τοῦ
938 2938 1019 2997 φανε·

244 3010 321 3084 epod
348 3005 530 3082 τολμήσαντας
557 3010 593 3073 ελς
618 3005 732 3083 πόλεμον
764 3010 828 3082 ἡμῖν
855 3010 1018 3078 καταστῆναι

243 3118 259 3150 ιι
277 3093 438 3166 Φιδηναίους
450 3091 565 3161 καὶτοὺς
580 3093 736 3172 συμμάχους
750 3095 835 3152 αὐτῶν
850 3092 1019 3172 ἐτιμωρησά-

243 3206 258 3238 ιι
276 3187 343 3258 μεθα
359 3181 405 3241 σδν
416 3188 494 3247 θεοῖς·
509 3181 553 3240 κοιλ
569 3183 639 3241 δυεῖν
654 3182 780 3263 θάτερον,
796 3180 813 3253 ἢ
828 3180 974 3241 παύσονται
987 3180 1018 3239 ιδ

244 3269 366 3328 ελοιπδν
400 3271 564 3350 ἐνοχλοῦντες
593 3270 674 3347 ἡμῖν,
703 3270 720 3340 ἢ
743 3270 816 3337 δίκας
843 3269 958 3328 τίσουσιν
980 3267 1020 3327 dar

244 3382 259 3414 ι
277 3357 376 3417 τούτων
388 3358 519 3437 χείρονας.
565 3357 685 3418 Ἀπαιτεῖ
711 3358 735 3416 δ’
758 3361 772 3416 ὁ
790 3357 888 3438 καιρὸς,
908 3358 965 3416 ἐπεὶ
985 3356 1019 3414 τὰ

245 3470 260 3502 ιι
277 3444 359 3526 πρῶθ’
373 3449 438 3522 ἡμῖν
453 3448 512 3505 κατ’
527 3444 606 3527 εὐχήν
621 3446 775 3527 κεχώρηκε,
793 3443 909 3513 καὶτοὺς
926 3447 1020 3511 ἄλλους

245 3557 260 3589 ιι
275 3530 479 3612 τιμωρήσασθαι
499 3533 660 3611 πολεμίους,
675 3535 731 3593 ὅσοι
743 3535 825 3616 φίλων
851 3532 899 3611 μὲν
914 3533 1019 3613 ἔχουσιν

246 3644 260 3677 ε
277 3620 409 3698 ὀνόματα,
427 3622 473 3680 καί
489 3623 696 3704 παρελήφθησαν
717 3625 753 3689 εἰς
776 3621 850 3681 τόνδε
874 3621 918 3682 τὸν
939 3622 1018 3681 πολε-

246 3736 260 3769 ι
282 3733 330 3790 μον
347 3714 383 3778 ὡς
408 3713 497 3777 κακῶς
520 3708 579 3778 τοὺς
606 3711 706 3778 κοινοδς
727 3709 834 3792 ἐχθροὺς
859 3714 916 3788 μεθ’
945 3714 1020 3789 ήμῶν

246 3824 261 3855 ι
276 3800 447 3876 ποιήσοντες,
469 3798 639 3876 ἐγκατέλιπον
658 3800 685 3858 δέ
699 3800 729 3859 τδ
742 3801 806 3880 πρὸς
825 3805 896 3878 ἡμᾶς
911 3800 1019 3872 πιστὸν,

248 3888 326 3948 ιικαί
355 3888 422 3966 μετδι
458 3892 509 3947 τῶν
540 3890 673 3966 πολεμίων
706 3889 868 3970 ἀπορρήτους
893 3888 1022 3959 συνθήκας

249 3977 455 4052 ιποιηοάμενοι
475 3978 623 4058 διαφθεῖραι
644 3978 745 4045 πάντας
759 3981 829 4054 ἡμᾶς
850 3974 1019 4039 ἐπεόάλοντο.

250 4087 264 4121 ιι
284 4063 356 4122 Πολὺ
374 4064 427 4143 γάρ
443 4056 514 4126 οὗτοι
528 4066 635 4134 κακίους
649 4069 701 4125 τῶν
722 4069 751 4125 ἐκ
774 4070 819 4125 τοῦ
838 4069 948 4145 φανεροῦ
971 4087 1021 4123 πο·

249 4174 264 4206 ι
281 4151 378 4225 λιμίων
397 4155 448 4211 εἰσὶ
464 4154 510 4212 καὶ
526 4153 643 4223 μείζονος
666 4154 793 4235 τιμωρίας
808 4152 886 4221 ditor·
901 4149 960 4220 τοὺς
974 4151 1021 4229 μίν

251 4262 264 4296 ε
281 4236 1022 4322 γθρκαὶφυλάξασθαιῥᾴδιοντοῖςέπιθουλευομένοις,καλ

250 4351 263 4384 ε
281 4325 484 4403 συμπλακέντας
498 4331 532 4393 ὡς
546 4330 651 4409 ἐχθροὺς
667 4333 815 4406 ἀμύνασθαι
834 4330 957 4387 δυνατόν·
980 4330 1021 4408 φῖ·

249 4440 264 4471 ιι
280 4418 339 4483 λους
359 4415 382 4473 δ’
406 4417 506 4494 ἐχθρῶν
527 4415 592 4496 ἔργα
613 4424 750 4487 ποιοῦντας
774 4415 834 4477 οὔτε
859 4415 1022 4496 φυλάξασθαι

250 4527 265 4558 ιι
284 4502 372 4584 ῥᾴδιον
391 4502 446 4563 οὔτ’
462 4500 612 4579 ἀμύνασθαι
637 4514 691 4572 τοῖς
711 4508 954 4586 προκαταληφθεῖσι
978 4505 1023 4562 δυ-

250 4590 374 4653 ιινατόν.
429 4594 550 4653 Τοιοῦτοι
576 4594 598 4650 δ’
616 4592 682 4651 εἰσίν
707 4597 731 4653 οἱ
770 4592 930 4670 πεμφθέντες
958 4598 1022 4668 ἡμῖν

250 4704 265 4734 ι
281 4680 331 4738 θπδ
355 4685 401 4752 τῆς
418 4679 551 4741 Ἀλόανῶν
575 4680 676 4747 πόλεως
700 4682 744 4740 ἐπὶ
769 4682 838 4759 δολῳ
866 4681 1021 4758 σύμμαχοι,

250 4769 362 4828 ικακδν
383 4769 432 4845 μέν
457 4769 529 4830 atate
555 4771 597 4848 ὑφ’
621 4774 695 4844 ήμῶν
723 4770 865 4842 παθόντες,
882 4767 969 4846 άγαθδι
992 4766 1019 4825 δὲ

249 4879 263 4909 ιι
278 4857 363 4915 πολλὰ
377 4858 422 4917 καὶ
437 4861 548 4936 μεγάλα.
589 4854 715 4919 Ἀποικοι
728 4858 776 4935 μέν
791 4863 815 4935 γ’
836 4859 921 4917 αὐτῶν
939 4855 1021 4931 ὄντες,

249 4944 353 5001 ιιοθθὲν
381 4949 426 5017 τῆς
443 4950 543 5005 τούτων
558 4950 641 5025 ἀρχῆς
665 4949 890 5024 παρασπάσαντες
911 4945 977 5004 ἰδίαν
999 4944 1022 5001 ἰ-

251 5051 267 5083 ιι
284 5027 350 5108 σχθν
370 5034 415 5090 καὶ
431 5033 540 5109 δύναμιν
562 5035 614 5093 ἀπὸ
628 5039 680 5092 τῶν
703 5035 774 5093 ῖδίων
799 5034 921 5111 πολέμων
946 5035 1023 5103 ἐκτη-

250 5140 265 5171 n
281 5118 401 5193 οάμεθα·
426 5120 512 5180 ἔθνεσι
526 5122 554 5180 δέ
576 5123 708 5199 μεγίστοις
732 5125 777 5182 καὶ
798 5121 1021 5199 πολεμικωτάτοις

250 5204 487 5285 «ἐπιτειχίσαντες
512 5209 560 5279 τὴν
584 5213 661 5284 ήμῶν
687 5213 774 5269 αὐτῶν
803 5210 893 5280 πόλιν,
917 5207 1018 5279 πολλὴν

763 406 929 469 DIONYSH
951 409 1328 474 Hattcunn'nssaxsts

1068 563 1159 623 tinere,
1174 566 1200 612 et
1220 564 1403 627 permitterent
1417 577 1504 615 omnes
1516 533 1601 615 secum
1623 576 1664 615 res
1675 578 1734 615 suas
1757 579 1846 630 aepor-

1069 671 1158 719 tarent.
1193 671 1245 718 tice
1258 673 1341 718 autem
1355 668 1468 730 dimisso,
1490 669 1577 719 accivit
1595 669 1708 720 tribunos
1719 672 1745 719 et
1757 674 1846 719 centu-

1069 773 1167 833 rioues,
1179 778 1205 823 et
1225 775 1440 824 senatusconsulto
1458 774 1571 838 exposito
1587 787 1675 823 eorum
1690 772 1806 845 satellitio
1819 787 1847 825 se

1069 877 1179 942 stipavit.
1213 879 1264 927 Nec
1285 878 1364 928 multo
1384 878 1521 942 postvenit
1544 877 1648 927 tibanus
1663 877 1696 927 ob
1716 876 1846 927 victoriam

1071 996 1224 1033 communem
1245 985 1374 1034 exsuitans
1387 986 1412 1033 et
1423 982 1494 1033 Tullo
1507 982 1684 1045 gratulaturus.
1718 985 1750 1031 At
1761 982 1848 1033 Tullus

1070 1090 1155 1150 tegens
1168 1087 1248 1138 adbuc
1262 1090 1392 1138 consilinm
1415 1103 1488 1138 suum
1509 1102 1566 1139 eum
1586 1088 1704 1139 laudabat
1714 1093 1741 1140 et
1753 1089 1848 1154 magatia

1069 1193 1142 1245 donis
1156 1193 1256 1257 dignum
1270 1207 1325 1243 esse
1343 1193 1499 1254 attinnnbat,
1515 1198 1540 1243 et
1555 1193 1701 1244 hortabatur
1715 1198 1743 1244 nt
1757 1194 1849 1259 scripta

1070 1299 1169 1349 uomina
1190 1297 1339 1362 reliquorum
1352 1298 1517 1362 Albanorum,
1529 1300 1572 1362 qni
1592 1299 1737 1363 precularum
1750 1299 1849 1362 aliquod

1073 1406 1169 1457 facinus
1180 1406 1204 1456 iu
1225 1407 1311 1469 proelio
1323 1386 1472 1465 edidissent,
1494 1407 1569 1456 adse
1590 1407 1680 1466 terret,
1693 1410 1720 1456 ut
1740 1405 1766 1455 bi
1783 1420 1848 1470 quo·

1071 1526 1120 1577 que
1134 1513 1250 1563 meritum
1271 1512 1382 1563 victorin
1402 1511 1512 1563 fructum
1530 1526 1575 1576 pro
1593 1516 1662 1575 parta
1678 1524 1724 1561 sua
1735 1509 1845 1576 percipe-

1072 1624 1134 1672 rent.
1180 1619 1225 1669 ilie
1260 1632 1321 1669 vero
1359 1618 1513 1671 intabundus
1543 1617 1675 1668 fidissimos
1698 1616 1790 1667 amicos
1819 1621 1846 1667 ct

1071 1727 1229 1778 consiliorum
1250 1739 1396 1777 arcanorum
1420 1727 1531 1779 conscios
1556 1726 1581 1776 in
1602 1726 1692 1777 tabella
1709 1728 1807 1777 notatos
1826 1726 1850 1775 ei

1071 1834 1170 1885 obtulit.
1204 1837 1267 1885 Tum
1278 1845 1320 1884 res
1335 1837 1502 1884 Romanorum
1514 1846 1601 1883 omnes
1609 1832 1727 1898 depositis
1734 1831 1810 1883 armis
1817 1831 1851 1882 ad

1071 1941 1213 1991 concionem
1227 1940 1394 1991 convocarit:
1415 1940 1460 2004 qui
1479 1954 1536 1990 cnm
1559 1940 1744 2000 convenissent,
1760 1938 1851 1991 ducem

1071 2048 1219 2098 Albanorum
1235 2060 1293 2097 cum
1309 2046 1414 2097 tribunis
1424 2051 1450 2097 at
1464 2046 1650 2098 centurionibus
1663 2046 1693 2095 ad
1712 2044 1794 2108 ipsum
1804 2045 1850 2094 tri-

1072 2148 1145 2200 buual
1156 2151 1222 2197 stare
1238 2146 1324 2207 iussit,
1335 2148 1361 2196 et
1373 2149 1431 2212 post
1443 2159 1487 2197 cos
1505 2150 1601 2197 ceteros
1611 2145 1715 2197 tibanus
1727 2144 1813 2195 ordine
1822 2144 1849 2194 in

1071 2240 1184 2298 conet‘oue
1196 2248 1274 2306 stare,
1286 2248 1390 2310 postque
1400 2246 1505 2296 albanos
1520 2246 1639 2310 reliquam
1649 2246 1771 2295 sociomm
1778 2243 1849 2293 mul-

1071 2353 1209 2404 titudinem.
1243 2355 1335 2402 Omnes
1358 2362 1418 2401 reru
1437 2352 1545 2414 nudique
1558 2350 1723 2401 circumdedit
1735 2349 1852 2400 Romanis

1071 2459 1199 2517 militibus,
1213 2460 1277 2509 iuter
1298 2471 1363 2522 quoa
1378 2460 1449 2509 eraut
1466 2458 1592 2508 tortissimi
1606 2461 1699 2522 quique
1717 2458 1764 2508 sub
1779 2458 1850 2507 reate

1072 2570 1143 2606 ouses
1167 2557 1328 2607 occultantes.
1379 2557 1512 2619 Postquam
1534 2558 1617 2603 autem
1651 2552 1786 2602 arbitratus
1814 2555 1854 2603 cst

1072 2664 1126 2700 aso
1147 2649 1305 2700 adversarios
1320 2652 1458 2715 opportune
1471 2649 1620 2711 interseptae
1636 2647 1729 2706 έοιιοτῖ,
1745 2648 1854 2698 currerit

1074 2751 1099 2796 et
1115 2746 1178 2795 banc
1192 2744 1279 2794 babuit
1292 2744 1445 2793 orationem:

1104 2845 1217 2894 xxvru.
1250 2864 1262 2886 ι
1293 2814 1402 2901 narnus
1435 2844 1462 2890 er
1496 2839 1573 2889 seren
1611 2837 1685 2887 amni
1719 2843 1745 2888 er
1778 2837 1853 2897 ωσι,

1074 2941 1207 2991 ιδοοιιιιιι
1237 2953 1283 3004 ope
1315 2939 1444 2989 Fidenates
1480 2942 1617 2998 eamusque¹
1648 2935 1741 2995 sodor,
1777 2947 1852 2985 ausos

1074 3059 1086 3081 ι
1104 3038 1183 3103 palam
1203 3036 1294 3086 betium
1314 3034 1386 3084 uobis
1404 3034 1494 3084 interra
1511 3032 1558 3083 uiti
1578 3044 1680 3092 sumus,
1705 3034 1730 3082 et
1756 3044 1769 3081 c
1791 3031 1854 3080 duo-

1075 3156 1086 3177 ι
1105 3135 1151 3184 bus
1173 3133 1279 3183 ulterram
1297 3131 1387 3181 iaciant
1412 3150 1417 3179 :
1438 3131 1482 3179 aut
1498 3128 1610 3179 desinent
1633 3128 1705 3178 notris
1727 3128 1851 3192 inposta

1074 3251 1085 3274 ι
1104 3244 1159 3280 rum
1176 3229 1299 3293 negotium
1322 3228 1456 3287 facessere,
1476 3229 1521 3276 aut
1538 3229 1605 3275 certe
1625 3238 1709 3290 pennas
1725 3224 1765 3274 bis
1777 3224 1849 3288 longo

1075 3352 1086 3374 ι
1104 3330 1244 3381 acerbiores
1261 3327 1367 3377 dabunt.
1400 3331 1509 3392 Tempus
1530 3329 1614 3376 autem
1635 3326 1759 3389 postulat,
1776 3324 1850 3387 siqui-

1075 3449 1087 3471 «
1105 3430 1160 3479 dam
1189 3427 1261 3477 nobis
1282 3425 1376 3494 primus
1398 3428 1502 3475 conatus
1523 3438 1555 3476 ox
1578 3427 1638 3474 roto
1660 3421 1797 3479 successit.
1824 3427 1852 3471 ut

1075 3549 1087 3572 «
1106 3526 1214 3590 reliquos
1235 3538 1334 3588 qaoque
1358 3524 1454 3577 trustes.
1479 3523 1524 3586 qui
1545 3523 1682 3573 amicorum
1702 3534 1791 3571 nomeu
1811 3519 1854 3570 ba-

1076 3646 1088 3668 «
1106 3624 1174 3685 beut,
1190 3626 1216 3673 et
1235 3620 1336 3672 anobis
1349 3621 1375 3670 iu
1388 3620 1436 3671 lroo
1456 3619 1521 3671 bello
1543 3619 1678 3681 assumpti,
1697 3619 1727 3667 ut
1740 3630 1852 3666 commu·

1076 3741 1088 3764 ι
1108 3735 1166 3771 uem
1191 3720 1289 3771 bostem
1318 3718 1447 3768 uobiscum
1479 3715 1647 3773 debellarent,
1671 3717 1752 3765 tamen
1778 3712 1854 3763 tidem

1080 3838 1092 3862 ι
1111 3832 1183 3868 αιτιοι
1198 3831 1257 3882 arga
1279 3831 1325 3866 uos
1346 3814 1484 3875 violamut,
1502 3818 1598 3865 etcum
1619 3813 1736 3862 hostibus
1760 3811 1852 3861 trudere

1077 3917 1255 3967 «etantanto
1281 3930 1326 3965 nos
1349 3926 1435 3965 omnes
1455 3913 1557 3977 perdere
1583 3911 1689 3976 aggressi
1719 3913 1792 3972 sunt,
1811 3909 1851 3959 ul·

1077 4037 1090 4061 ι
1107 4017 1236 4068 cisoamur.
1271 4017 1316 4068 Isti
1332 4017 1396 4068 euim
1412 4015 1484 4079 louge
1500 4015 1633 4065 deteriores
1647 4016 1714 4073 sunt,
1729 4013 1767 4063 rcl
1781 4013 1844 4077 ipsis

1079 4141 1091 4166 ι
1108 4120 1246 4172 manifestis
1257 4119 1371 4171 hostibus
1382 4122 1408 4170 et
1423 4116 1610 4181 lougegraniori
1626 4115 1697 4180 poeda
1715 4110 1782 4180 digni
1797 4135 1802 4165 :
1820 4116 1853 4166 ab

1077 4241 1090 4265 ι
1107 4224 1212 4274 istorum
1225 4223 1289 4271 euim
1301 4219 1397 4270 insidiis
1412 4217 1460 4269 sibi
1476 4231 1565 4269 carere
1583 4219 1609 4268 et
1624 4231 1667 4268 eos
1679 4215 1766 4269 hostili
1777 4217 1852 4268 modo

1078 4339 1090 4362 ι
1108 4331 1250 4383 congressos
1266 4316 1385 4381 repellere
1409 4315 1482 4366 tacite
1504 4316 1555 4375 est;
1577 4315 1621 4366 scd
1643 4314 1675 4364 ab
1697 4315 1783 4366 amicis
1805 4314 1850 4378 qui

1077 4439 1089 4462 ι
1109 4419 1232 4469 hostiliter
1253 4430 1280 4467 se
1300 4421 1403 4480 gerunt,
1423 4430 1502 4478 neque
1527 4416 1598 4467 tande
1620 4416 1668 4469 sibi
1696 4430 1784 4467 carere
1806 4414 1851 4466 dc·

1078 4542 1090 4564 «
1109 4520 1187 4585 cepti,
1209 4532 1289 4583 neqrre
1312 4532 1356 4569 eos
1372 4519 1516 4582 propulsare
1540 4522 1651 4580 possunt.
1687 4519 1764 4569 istius
1782 4515 1853 4567 modi

1079 4640 1090 4663 ιι
1109 4631 1169 4669 vero
1178 4620 1245 4673 sunt,
1259 4616 1302 4679 qui
1313 4615 1384 4665 uobis
1395 4614 1426 4664 ab
1441 4614 1590 4665 Albanorum
1604 4614 1707 4664 civitate
1716 4613 1774 4664 dolo
1784 4613 1851 4664 malo

1078 4738 1090 4760 ι
1108 4716 1169 4766 socii
1186 4715 1257 4766 missi
1278 4715 1394 4773 inerunt,
1411 4713 1477 4762 uuita
1495 4728 1510 4762 a
1528 4712 1598 4762 uobis
1619 4716 1722 4776 accepta
1737 4710 1845 4772 iniuria,

1078 4840 1090 4862 tt
1107 4817 1152 4869 sed
1182 4818 1267 4868 contra
1299 4812 1383 4866 multis
1413 4815 1439 4863 et
1468 4810 1562 4875 maguis
1589 4811 1716 4862 beneficiis
1751 4809 1845 4862 attacti.

1078 4937 1090 4959 ι
1108 4919 1171 4966 cnm
1183 4915 1249 4966 enim
1265 4913 1346 4963 coloni
1357 4924 1441 4962 eorum
1457 4910 1549 4967 simus,
1563 4909 1625 4959 nibil
1639 4910 1727 4959 borum
1748 4907 1853 4972 imperio

1077 5035 1090 5059 ι
1107 5013 1274 5072 detraximus,
1288 5011 1330 5061 scd
1344 5009 1456 5074 proprias
1468 5021 1528 5072 opes
1539 5010 1564 5058 et
1574 5007 1711 5071 potentiam
1720 5019 1752 5057 ex
1761 5006 1853 5056 uostris

1077 5132 1090 5156 ι
1107 5110 1177 5163 nubis
1192 5109 1262 5161 bellis
1276 5105 1483 5170 comparatricem
1504 5108 1528 5154 et
1548 5102 1606 5167 quia
1627 5102 1748 5154 adversus
1769 5103 1852 5153 maxi·

1077 5230 1089 5253 s
1108 5222 1161 5261 uras
1174 5222 1203 5259 ac
1217 5204 1416 5258 bellicosissimas
1428 5206 1513 5264 gentes
1525 5203 1633 5253 nostram
1650 5201 1737 5252 urbem
1748 5202 1842 5252 muniri
