4070 5926
263 440 322 498 5θὲ

264 566 296 626 δν
317 571 456 656 διέφθαρτο
469 576 486 643 ἡ
502 568 687 651 στρατεύσασα
701 572 743 630 ἐπ’
755 570 847 640 αὖτοῦς
859 571 978 651 δύναμις·
992 578 1039 631 νῦν

265 657 293 716 δέ
311 662 375 740 πρὸς
398 659 519 742 ἁρπαγάς
545 683 573 719 τε
594 664 647 720 τῶν
669 660 929 740 ἐγκαταλειφθέντων
953 662 980 720 ἐν
1001 663 1041 739 τῷ

264 746 364 827 χάρακι
377 749 599 833 τραπόμενοιγκαί
613 748 760 808 ἀναπαύσει
774 749 806 808 τθι
822 749 935 829 σώματα
946 749 1042 819 δόντες,

266 836 382 914 μεγάλου
394 837 549 918 αὐχήματος
563 836 671 906 ίαυτοῦς
687 838 841 918 ἐστέρησαν.
893 840 936 913 Τῇ
952 839 975 896 δ’
985 835 1044 907 ἑξῆς

153 977 158 985 .
226 943 239 981 b
265 923 354 1007 ἡμέρα
367 926 415 995 τθς
429 925 551 1005 δυνάμεις
565 924 671 998 άγοντες
686 924 730 984 ἐπὶ
741 925 790 996 τὴν
800 925 911 1002 Ῥώμην
923 924 969 984 καί
983 947 1045 984 στα·

266 1014 335 1083 δίους
349 1018 417 1100 ἀμφὶ
438 1017 497 1083 τοὺς
512 1015 654 1075 ἑκκαίδεκα
675 1012 851 1092 ἀποσχόντες,
873 1013 951 1094 όρος,
967 1011 993 1080 ἐξ
1013 1001 1043 1071 οῦ

266 1102 392 1173 σύνοπτός
414 1107 484 1165 ἐστιν
505 1102 651 1182 ἡῬώμη,
675 1102 706 1162 τδ
727 1103 890 1181 καλούμενον
914 1101 1043 1164 Ἰάνικλον

266 1194 534 1271 καταλαμῦάνονται·
566 1192 623 1253 ὅθεν
651 1193 802 1273 ὁρμώμενοι
826 1192 874 1265 τὴν
899 1191 1044 1269 Ῥωμαίων

265 1280 356 1361 χώραν
370 1275 434 1364 ἦγόν
447 1283 534 1343 τεκαὶ
549 1284 638 1364 ἔφερον
649 1281 780 1341 ἀκώλυτοι
792 1283 861 1342 κατθι
878 1279 978 1352 πολλὴν
991 1284 1044 1339 τῶν

215 1382 240 1423 ευ
266 1368 339 1428 ἐνδον
354 1370 516 1452 ὑπεροψίαν,
532 1370 612 1452 μέχρι
625 1375 672 1429 τοῦ
685 1368 883 1451 παραγενέσθαι
896 1369 940 1427 τὸν
956 1368 1043 1447 ἕτερον

266 1460 319 1515 τῶν
334 1460 440 1518 θπάτων
456 1457 580 1539 Ὁράτιον
599 1458 698 1537 όίγοντα
712 1459 759 1529 τὴν
776 1460 803 1517 ἐν
819 1455 1045 1522 Οὐολούσκοιςδό·

266 1567 357 1622 ναμιν.
401 1551 426 1608 Τ
427 1548 469 1609 όιε
480 1546 512 1619 δὴ
525 1551 551 1607 ἐν
566 1551 604 1629 τῷ
618 1548 732 1629 ἀσφαλεῖ
746 1547 878 1623 Ῥωμαῖοι
891 1544 1046 1621 νομίσαντες

267 1623 335 1692 εἶναι
360 1636 405 1694 καί
422 1635 470 1708 τὴν
491 1639 518 1694 ἐν
537 1641 571 1717 τῇ
596 1635 671 1697 πόλει
692 1635 805 1708 νεότητα
819 1635 1045 1705 καθοπλίσαντες,

268 1720 375 1794 ἐξῆλθον
395 1728 432 1793 εἰς
450 1724 498 1797 τὴν
517 1724 654 1807 ὕπαιθρον.
699 1723 750 1793 Ὦς
773 1725 801 1784 δὲ
821 1724 870 1799 τήν
885 1748 915 1783 τε
937 1722 1045 1806 πρώτην

216 1831 240 1869 m
269 1811 365 1891 μάχηνξ
379 1813 433 1874 ἀπὸ
454 1814 569 1874 σταδίων
594 1812 664 1875 όκτὼ
677 1818 725 1886 τῆς
745 1814 847 1882 πολεως
871 1813 1047 1888 ποιησάμενοι

268 1899 348 1979 ποιρδιγ
358 1901 387 1962 τὸ
401 1905 448 1974 τῆς
468 1898 593 1972 Ἐλπίδος
610 1904 679 1985 ίερδν
695 1903 820 1976 ἐνίκησάν
835 1927 864 1962 τε
884 1903 930 1962 καί
954 1897 1045 1961 ἐπιώ-

268 2008 350 2047 σαντο
364 1989 424 2058 τοθς
443 1990 680 2067 ἀντιταξαμένους,
700 1991 747 2051 καί
763 1989 831 2068 μετδι
852 1989 951 2060 ταύτην
973 1979 1047 2055 αῦθις

268 2074 346 2156 ἐπέρα
374 2075 475 2137 πλείονι
495 2076 605 2155 δυνάμει
632 2080 685 2137 τῶν
704 2079 854 2160 ΤυρρηνῶνΙ
868 2075 1046 2147 ἐπελθόντων,

268 2163 342 2243 παρδι
365 2173 423 2233 ταῖς
437 2164 580 2234 Κολλίναις
602 2165 779 2244 καλουμέναις
800 2163 895 2232 πόλεις
915 2163 1046 2243 [ποιησά-

215 2270 243 2310 κο
269 2251 359 2337 μενοι]
374 2250 517 2338 λαμπρῶς
542 2255 725 2335 ἠγωνίσαντο,
756 2254 919 2316 θνίπνευσαν
938 2253 969 2311 ἐκ
1000 2256 1047 2311 τοῦ

268 2339 340 2409 δέους
356 2344 402 2404 καί
417 2342 448 2403 τδ
458 2343 515 2412 ἔτος
528 2349 606 2405 τοῦτο
616 2342 752 2406 ἐτελεύτα.

308 2433 400 2494 XXV.
421 2435 471 2515 Τῷ
491 2431 514 2492 δ’
529 2432 588 2506 ἐξῆς
598 2431 652 2493 ίτει
665 2432 725 2512 περὶ
743 2430 791 2501 τθς
805 2429 907 2511 θερινθς
928 2429 1047 2504 μάλιστα

170 2531 173 2538 “
268 2518 1047 2671 φρφπδιςξεξτιλίουμηγδέςπαραλὲμδάγφυσιτὴνΣὺπαφελίαν

289 2632 301 2665 ν
335 2632 361 2676 ες
420 2634 463 2670 πει
497 2634 565 2670 ιπο
596 2635 669 2690 μων,
725 2631 876 2677 εουιςτε
924 2631 1048 2675 εουιιος

216 2720 242 2760 οε
270 2631 419 2768 καθρΑῦλόέ
431 2634 597 2781 Οὗρεοργίνιος·
617 2690 684 2768 οίςθ
704 2632 769 2780 πρθς
784 2696 885 2776 [τοὺς]
896 2632 1049 2774 Τυῦθηνῠὺς

270 2784 404 2863 πολεμος,
415 2788 501 2847 καίτοι
512 2790 595 2866 μέγας
606 2788 652 2848 καί
662 2787 780 2869 χαλεπὸς
791 2782 829 2851 ῶν
840 2829 850 2859 ,
862 2785 961 2866 χρυσὸς
974 2784 1049 2866 ἐφαί-

162 2907 165 2912 -
270 2897 328 2934 νετο
339 2877 414 2957 παρὰ
429 2877 475 2935 τδν
490 2877 563 2944 ἐντὸς
580 2877 684 2958 τείχους
698 2876 889 2954 ἐξεταζόμενος.
920 2873 1048 2953 Ἀσπόρου

271 2960 324 3043 γδιρ
337 2969 384 3037 τῆς
401 2963 492 3045 χώρας
514 2970 541 3025 ἐν
566 2970 604 3046 τῷ
625 2966 782 3046 παρελθόντι
807 2965 920 3043 χειμῶνι
940 2963 984 3021 διδ
1004 2962 1049 3021 τὸν

270 3052 451 3133 ἐπιτειχισμὸν
469 3058 514 3113 τοῦ
526 3053 639 3125 πλησίον
654 3054 730 3133 όρους
747 3053 792 3113 καί
805 3053 852 3120 τδις
866 3055 986 3132 συνεχεῖς
999 3073 1049 3109 κα·

219 3168 247 3208 ro
270 3141 405 3223 ταδρομθς
417 3144 575 3223 γενομένης,
597 3143 643 3203 καί
657 3143 717 3204 otti
730 3146 784 3204 τῶν
806 3141 930 3224 ἐμπόρων
949 3143 987 3201 ἔτι
1001 3141 1050 3209 τδις

271 3229 363 3298 έξωθεν
388 3232 580 3311 ἐπεισαγόντων
601 3234 715 3314 θγοράς,
744 3231 839 3300 σπάνις
853 3229 951 3313 ίσχυρθι
976 3229 1049 3291 σίτου

270 3319 319 3391 riv
333 3319 441 3398 Ῥώμην
456 3322 570 3402 κατέσχε
586 3325 686 3401 μεστὴν
701 3314 782 3383 οὖσαν
797 3320 879 3401 όχλου
892 3324 938 3379 τοῦ
956 3342 985 3378 τε
996 3343 1050 3378 κα·

270 3410 394 3468 τοικιδίου
413 3409 460 3470 καί
474 3417 520 3470 τοῦ
534 3411 742 3493 συνερρυηκότος
758 3413 788 3470 ἐκ
807 3414 861 3469 τῶν
875 3413 974 3489 εἰγρῶν.
987 3410 1049 3469 Τῶν

271 3497 319 3575 μέν
334 3500 386 3580 γὰρ
400 3503 427 3560 ἐν
445 3500 500 3582 ἤδη
516 3503 630 3563 πολιτῶν
651 3501 718 3583 ὑπὲρ
730 3500 778 3569 τδς
800 3500 894 3562 ἐνδεκα
919 3501 1049 3581 μυριάδας

155 3621 158 3628 -
217 3607 245 3648 οε
270 3579 355 3661 ἦσαν,
368 3593 403 3657 ὡς
418 3594 448 3650 ἐκ
459 3594 507 3663 τῆς
521 3590 630 3672 ίγγιστα
646 3591 779 3670 τιμήσεως
792 3590 900 3672 εὑρέθη,
914 3593 1045 3668 γυναικῶν

271 3676 299 3737 δέ
311 3678 356 3737 καὶ
375 3677 475 3738 παίδων
489 3680 536 3739 καί
550 3683 598 3752 τῆς
617 3683 747 3752 οἰκετικῆς
769 3676 910 3758 θεραπείας
924 3677 1046 3758 ἐμπόρων

270 3770 364 3827 τεκαὶ
390 3769 475 3848 [τῶν]
499 3767 681 3851 ἐργαζομένων
704 3769 751 3838 τθς
777 3769 927 3849 βαναύσους
952 3768 1047 3848 τέχνας

271 3855 416 3934 μετοίκων·
431 3857 515 3917 οὐδενί
535 3856 586 3937 γδρ
606 3857 665 3932 ἐξῆν
682 3857 826 3934 Ῥωμαίων
850 3856 910 3917 οὔτε
929 3856 1050 3929 κάπηλον

271 3945 330 4007 οὔτε
342 3948 512 4028 χειροτέχνην
529 3947 585 4027 βίον
607 3948 693 4029 ἔχειν·
713 3950 761 4007 οὐκ
780 3947 888 4007 ἐλαττον
903 3945 920 4019 ἢ
935 3946 1049 4028 τριπλά·

219 4053 247 4096 ευ
271 4058 328 4097 σιον
341 4042 386 4096 τοῦ
398 4040 535 4096 πολιτικοῦ
559 4036 690 4108 πλήθους·
715 4035 759 4103 οῦς
772 4037 820 4095 οθκ
835 4028 868 4107 ἦν
889 4034 1050 4114 παραμυθή-

272 4128 369 4185 σασθαι
386 4124 473 4207 ῥᾴδιον
490 4128 703 4205 ἀγανακτοῦντας
719 4124 763 4185 ἐπί
777 4127 815 4204 τῷ
829 4123 908 4183 πάθει
923 4124 968 4182 καί
989 4146 1050 4184 συν·

272 4210 415 4293 τρέχοντας
429 4215 465 4282 είς
484 4214 533 4287 τὴν
549 4216 665 4295 ἀγορὰν,
689 4214 736 4274 καί
748 4211 936 4280 καταῦοῶντας
955 4215 1007 4272 τῶν
1023 4217 1049 4274 ἐν

272 4308 326 4369 τοῖς
346 4302 446 4361 τέλεσιν
469 4301 513 4362 ἐπί
536 4325 565 4362 τε
578 4303 626 4370 τδς
645 4301 730 4371 οέκίας
755 4304 808 4361 τῶν
832 4300 967 4360 πλουσίων
981 4301 1050 4361 κατδι

273 4389 373 4462 πλῆθος
397 4390 560 4469 ὠθουμένους
593 4390 639 4452 καί
669 4378 835 4473 διαρπάζειν
850 4391 1051 4471 ἐπιχειροῦντας

789 438 956 502 DiONYSII
977 437 1358 502 HALICARNASSENSIS

1097 591 1201 643 corpora
1212 576 1290 641 quieti
1303 576 1407 638 dantes,
1421 588 1511 639 magna
1527 574 1604 640 gioria
1613 588 1642 626 se
1659 574 1707 640 ipsi
1721 573 1877 625 fraudarunt.

1097 690 1219 743 Postridie
1230 705 1290 742 roro
1303 692 1386 755 copias
1396 692 1501 743 Romam
1511 704 1600 743 versus
1612 688 1747 751 duxerunt,
1759 694 1785 740 et
1797 703 1880 755 quum

1098 807 1198 859 circiter
1211 805 1336 858 sexdecim
1351 804 1432 857 stadia
1442 806 1474 857 ab
1488 806 1550 859 urbe
1567 805 1707 865 distarent,
1718 807 1826 856 montom
1842 806 1883 856 ia·

1097 921 1223 983 nicuiurn,
1237 922 1302 973 unda
1319 920 1381 972 urbo
1398 922 1609 986 conspiciebatur,
1627 924 1802 986 occuparunt:
1818 918 1883 970 inde

1097 1053 1153 1089 cum
1170 1038 1262 1102 impetn
1278 1037 1381 1101 proiecti
1391 1037 1490 1102 praedas
1505 1051 1611 1102 onagro
1626 1038 1738 1088 nomano
1752 1042 1829 1100 agunt
1840 1038 1883 1088 te-

1098 1158 1217 1219 runtque,
1228 1153 1324 1204 nomino
1336 1166 1379 1204 eos
1390 1153 1548 1217 prohibente,
1558 1167 1615 1204 curn
1629 1168 1717 1217 magno
1726 1153 1886 1205 urbanorum

1098 1274 1239 1330 contemtu,
1258 1269 1338 1320 donec
1351 1270 1413 1320 aiter
1424 1269 1511 1321 consui
1536 1270 1658 1321 Horatius
1679 1283 1738 1319 curn
1752 1269 1832 1334 copiis
1852 1284 1886 1320 ex

1098 1386 1194 1437 votscis
1204 1383 1304 1436 rediret.
1337 1386 1407 1435 Tunc
1417 1384 1519 1435 demum
1533 1386 1656 1444 Romani,
1675 1399 1703 1435 sc
1721 1385 1813 1435 intuto
1827 1399 1888 1437 esse

1099 1502 1146 1554 rati
1157 1542 1163 1564 ‚
1174 1509 1270 1556 anneta
1283 1506 1413 1557 iuventute
1425 1506 1518 1557 urbana
1530 1519 1563 1557 ex
1574 1504 1635 1556 urbe
1647 1504 1673 1555 in
1693 1517 1796 1570 campos
1812 1519 1889 1571 aper·

1099 1620 1139 1669 tos
1148 1619 1268 1673 exierunt.
1279 1624 1364 1681 Quum
1376 1626 1459 1673 auteur
1473 1621 1553 1686 primo
1565 1621 1666 1685 praetio,
1677 1623 1768 1671 octavo
1777 1621 1809 1671 ab
1821 1622 1890 1674 urbo

1100 1733 1180 1784 stadio
1195 1734 1228 1785 ad
1246 1735 1303 1799 Spei
1324 1736 1410 1787 tanum
1431 1735 1580 1796 commisso,
1606 1735 1694 1786 bootes
1716 1735 1834 1788 vicissent
1851 1750 1888 1788 ac

1101 1853 1279 1919 proiiigasscnt,
1289 1868 1417 1919 quumque
1423 1852 1514 1904 iterum
1521 1853 1553 1905 ad
1563 1852 1686 1904 collinam
1694 1857 1801 1918 portam,
1812 1858 1893 1906 Etru-

1101 1967 1224 2019 sciscam
1243 1969 1339 2020 maiore
1354 1968 1467 2021 exercito
1483 1972 1570 2019 contra
1588 1983 1616 2019 so
1640 1966 1775 2033 proiectis,
1800 1969 1890 2022 altero

1100 2081 1185 2147 proeiio
1195 2084 1367 2147 iactoepregic
1382 2084 1557 2145 dimicassent,
1576 2084 1729 2148 respirarent
1749 2088 1775 2136 et
1791 2100 1822 2137 ex
1837 2101 1893 2152 pa-

1101 2209 1159 2247 vorc
1174 2209 1200 2246 se
1211 2201 1365 2261 receperunt.
1400 2200 1480 2262 itque
1494 2197 1536 2248 bic
1550 2211 1628 2248 annus
1643 2197 1716 2251 abiit.

1135 2445 1207 2494 xxv.
1225 2447 1295 2492 Anno
1307 2442 1420 2507 sequenti
1431 2440 1529 2492 circiter
1542 2440 1679 2493 solstitium
1690 2443 1809 2495 aestivum
1821 2446 1892 2497 Sex-

1102 2534 1138 2585 tili
1151 2545 1236 2583 mense
1246 2530 1401 2583 consulatum
1420 2530 1529 2581 inierunt
1543 2530 1590 2580 viri
1612 2531 1648 2581 rei
1664 2531 1780 2583 militaris
1794 2534 1870 2598 periti
1885 2575 1894 2597 ‚

1103 2624 1145 2687 Sp.
1168 2620 1288 2674 Servilius
1304 2624 1330 2671 et
1346 2622 1375 2670 Δ.
1396 2619 1522 2684 Virginius
1545 2639 1552 2670 τ
1578 2619 1669 2684 quibus
1685 2619 1779 2670 betium
1794 2623 1893 2673 Etrus·

1102 2726 1171 2771 cum,
1185 2709 1300 2774 quamvis
1315 2722 1391 2773 grave
1399 2712 1482 2767 esset.
1494 2712 1577 2759 tamen
1587 2722 1677 2759 anmro
1690 2708 1825 2759 ridebatur
1837 2725 1895 2774 prae

1103 2799 1178 2850 rebus
1191 2798 1303 2849 urbanis.
1318 2800 1470 2862 Numquam
1481 2796 1701 2861 superiorobiemc
1712 2796 1782 2847 nulia
1792 2812 1897 2850 samen·

1103 2890 1137 2940 tis
1152 2889 1178 2938 in
1196 2901 1256 2952 agro
1277 2890 1345 2937 esset
1371 2886 1453 2946 iacta,
1475 2889 1579 2950 propter
1599 2890 1751 2960 occupatum
1776 2888 1895 2940 ricinum

1102 2981 1212 3028 montem
1224 2981 1249 3027 et
1258 2975 1417 3026 excursiones
1431 2976 1575 3037 continuas,
1592 2990 1622 3025 ac
1633 2989 1664 3025 nc
1678 2976 1777 3026 externi
1785 2977 1895 3040 quidem

1103 3068 1259 3116 commeatus
1271 3078 1286 3115 a
1297 3062 1479 3135 mercatoribus
1496 3065 1604 3128 ampiius
1617 3064 1641 3114 in
1663 3064 1751 3116 urbem
1769 3065 1895 3132 importa-

1105 3159 1199 3216 rentur‚
1212 3153 1274 3203 urbs
1287 3167 1375 3217 magna
1393 3151 1476 3216 inopia
1492 3150 1610 3201 immenti
1629 3149 1750 3202 laborarit
1768 3171 1775 3202 ι
1791 3154 1851 3216 quia
1862 3158 1896 3207 et

1103 3243 1239 3295 domestica
1252 3243 1326 3292 turba
1338 3245 1364 3293 et
1378 3239 1539 3292 multitudiue
1553 3253 1657 3301 corum,
1670 3240 1717 3303 qui
1732 3255 1764 3291 ex
1779 3242 1846 3306 agris
1859 3256 1895 3294 co

1104 3331 1289 3392 conduxerant,
1300 3330 1391 3381 rcieria
1404 3332 1467 3381 crat.
1500 3332 1563 3380 Nam
1583 3329 1592 3386 t
1599 3330 1628 3378 ut
1640 3342 1670 3379 ex
1687 3330 1801 3392 proximo
1811 3345 1894 3384 censu

1103 3424 1256 3488 compertum
1268 3420 1323 3485 est)
1334 3423 1406 3471 crant
1418 3419 1543 3486 puberum
1551 3422 1719 3470 Rornanorum
1733 3422 1816 3485 capita
1828 3437 1890 3474 ειιι-

1104 3509 1169 3574 piius
1202 3521 1278 3573 quum
1290 3510 1390 3559 contum
1405 3511 1430 3557 et
1444 3506 1531 3558 decem
1552 3505 1651 3556 miiiia:
1672 3505 1808 3557 mulierum
1826 3523 1893 3561 roro

1103 3601 1129 3650 et
1141 3611 1287 3664 puerorum¹
1301 3599 1327 3647 et
1341 3596 1501 3647 servitiorum
1515 3595 1725 3655 domesticorum,
1738 3599 1763 3646 ct
1778 3597 1893 3662 negotia-

1104 3693 1188 3739 torum
1205 3691 1230 3738 ει
1250 3686 1367 3752 ορΙθσυιιι
1379 3685 1493 3737 sordidas
1513 3688 1582 3736 artes
1596 3685 1764 3736 exercentium
1781 3688 1893 3751 (nemini

1104 3778 1170 3829 enirn
1189 3776 1238 3826 ciri
1251 3775 1361 3825 Romano
1386 3778 1430 3824 aut
1446 3773 1577 3839 propoiam
1591 3788 1680 3837 agere,
1696 3779 1739 3824 aui
1758 3777 1811 3825 arte
1830 3790 1892 3828 ma-

1104 3865 1191 3916 nuario
1214 3865 1310 3914 rictum
1329 3876 1441 3927 quaerero
1454 3862 1563 3926 licebat)
1577 3876 1698 3913 numerus
1713 3864 1788 3927 tripio
1807 3865 1892 3917 maior

1104 3958 1173 4014 erat,
1194 3967 1269 4016 ηιιιιαι
1282 3952 1338 4016 ipsa
1352 3951 1445 4002 civium
1459 3950 1598 4001 multitudo
1613 3965 1619 3994 ι
1634 3965 1699 4014 quos
1715 3951 1817 4004 diiticiic
1832 3959 1892 4006 erat

1105 4041 1242 4105 consolari,
1261 4040 1428 4092 mlumitatcm
1439 4053 1504 4105 egre
1519 4040 1641 4101 terentes,
1651 4043 1678 4092 et
1692 4040 1719 4091 in
1733 4041 1816 4092 iorum
1830 4057 1892 4094 con·

1105 4132 1250 4191 comentes,
1274 4131 1300 4179 ct
1313 4127 1476 4194 magistratus
1487 4126 1585 4192 magnis
1597 4126 1750 4179 clamoribus
1764 4143 1889 4182 accusan-

1104 4225 1157 4281 tes,
1178 4223 1252 4284 atquc
1269 4219 1416 4270 catervatim
1428 4220 1453 4269 in
1472 4217 1580 4269 divitum
1603 4218 1672 4269 aedes
1685 4219 1823 4281 irruentes,
1847 4236 1891 4273 eo·

1105 4323 1210 4373 rumque
1221 4309 1337 4359 admenta
1348 4308 1375 4358 in
1386 4306 1457 4359 cellis
1473 4307 1581 4372 penuriis
1598 4307 1726 4359 recondito
1742 4311 1795 4360 sine
1807 4313 1892 4374 pretio

1104 4397 1218 4462 deripere
1238 4401 1364 4448 conantes.
1398 4396 1501 4446 Tribuni
1523 4409 1596 4453 voro,
1624 4409 1669 4447 cos
1689 4397 1722 4448 ad
1743 4399 1891 4451 concionem

1104 4485 1278 4543 convocando.
1301 4488 1327 4534 et
1349 4485 1466 4549 patricios
1487 4484 1642 4546 incusando,
1660 4488 1702 4548 ut,
1719 4486 1762 4550 qui
1786 4500 1891 4552 semper

1104 4572 1199 4638 aliquid
1219 4572 1280 4622 maii
1303 4575 1391 4623 contra
1408 4586 1530 4637 pauperes
1547 4573 1706 4637 moiireuiur‚
1726 4578 1751 4625 et
1771 4575 1890 4628 omnium

1104 4663 1242 4724 maiorum,
1257 4664 1380 4726 quotquot
1394 4675 1503 4727 unquam
1522 4662 1686 4725 accidissent,
1702 4676 1760 4728 quae
1777 4663 1892 4716 bomini-

1105 4754 1152 4805 bus
1170 4752 1296 4817 inopiuata
1309 4754 1335 4802 ci
1349 4750 1505 4802 inevitabilis
1529 4751 1637 4802 fortune
1650 4752 1690 4802 ais
1709 4753 1801 4804 afferro
1823 4753 1890 4805 soiet

218 4496 244 4533 ιε
273 4475 334 4554 άτερ
347 4475 415 4546 ὠνῆς
425 4475 653 4551 τδςάποκειμένας
661 4478 861 4561 αὐτοῖςτροφάς.
869 4483 904 4540 Oi
916 4482 943 4539 δέ
952 4480 1055 4563 δήμαρ-

271 4589 315 4644 χοι
323 4564 479 4644 συνάγοντες
492 4562 586 4633 αὐτοῦς
598 4567 634 4634 είς
641 4567 784 4633 ἐκκλησίαν
790 4569 837 4628 καὶ
843 4576 1053 4651 κατηγοροῦντες
1066 4572 1068 4623 ἶ

271 4657 324 4713 τῶν
331 4651 487 4734 πατρικίων,
493 4652 576 4721 ὡςάεί
583 4676 608 4712 τι
620 4654 702 4713 κακὸν
714 4655 758 4714 ίπί
765 4657 818 4724 τοῖς
824 4655 918 4730 πένησι
926 4682 1054 4739 μηχανω-

272 4742 369 4822 μένων,
376 4742 422 4802 aot
430 4743 517 4801 πάντα
528 4739 578 4801 δσα
586 4728 694 4803 πώποτε
704 4745 776 4804 δεινθι
787 4744 855 4805 κατὰ
862 4745 909 4817 τὴν
919 4747 1054 4828 ἀτέκμαρ-

271 4831 315 4893 τόν
325 4830 408 4891 τεκαθ
418 4831 569 4913 ἀφύλακτον
579 4829 725 4913 ἀνθρώποις
733 4832 1001 4915 τάχηνέκείνωνίργα
1010 4837 1054 4897 λέ-
1104 4846 1219 4893 auctores
1235 4839 1362 4901 vocando,
1382 4838 1685 4905 picbeiosexasperarunt
1705 4844 1732 4892 et
1751 4841 1889 4894 insolentes

218 4942 245 4981 ευ
272 4919 504 5001 γοντες,θόριστθς
519 4912 586 4980 εἶναι
594 4921 704 5002 πικροὺς
716 4920 908 5003 ἐξειργάσαντο.
919 4927 1054 4998 Τοιούτοις
1105 4930 1275 4983 reddiderunt.
1309 4930 1338 4980 in
1352 4928 1507 4979 tammiscro
1521 4943 1606 4999 rerum
1620 4932 1689 4980 statu
1704 4929 1823 4982 consules
1838 4932 1888 4981 mi·

274 5006 443 5086 συνεχόμενοι
458 5014 548 5079 κακοῖς
554 5015 595 5084 ,oi
609 5010 705 5073 ῦπατοι
715 5012 851 5091 πέμπουσι
861 5010 921 5080 τοῦς
935 5037 1052 5086 συνωνη-
1105 5024 1192 5071 scrunt
1212 5032 1270 5069 cum
1288 5031 1376 5083 magna
1389 5017 1494 5082 pecunia
1517 5018 1646 5079 homines,
1666 5018 1711 5083 qui
1731 5017 1888 5071 frumentum

274 5095 401 5170 σομένους
415 5106 487 5158 σῖτον
502 5100 532 5159 ἐκ
546 5104 598 5160 τῶν
612 5102 736 5183 σόνεγγυς
750 5101 839 5163 τόπων
861 5102 930 5178 μετδι
944 5105 1051 5163 πολλῶν
1106 5122 1136 5159 ex
1170 5109 1316 5174 propinquis
1339 5106 1401 5158 iocis
1425 5111 1586 5169 coemerent,
1610 5110 1636 5157 et
1653 5107 1840 5173 imperaverunt
1857 5113 1888 5159 ut

273 5184 436 5262 χρημάτων,
451 5188 497 5247 καί
517 5187 561 5247 τδν
574 5190 602 5247 ἐν
617 5197 675 5257 ταῖς
689 5190 783 5257 οἰκίαις
797 5187 893 5258 ἔταξαν
906 5192 943 5259 είς
955 5189 985 5248 τδ
1001 5192 1050 5263 δη·
1105 5211 1206 5258 omnes,
1219 5198 1297 5262 quiin
1307 5197 1362 5247 suis
1377 5195 1477 5247 edibus
1493 5196 1550 5262 pius
1562 5196 1680 5247 immenti
1696 5198 1887 5261 reposuissent.

273 5267 365 5345 μόαιον
387 5273 525 5354 ἀναφέρειν
545 5274 605 5344 τοθς
625 5278 662 5344 εἰς
680 5277 725 5337 τὸν
739 5279 840 5337 έαυτῶν
858 5276 916 5357 βίον
938 5277 1048 5336 πλείονα
1104 5300 1181 5352 quom
1189 5289 1284 5351 quanto
1296 5284 1330 5335 ad
1347 5283 1478 5337 modicum
1495 5283 1609 5349 ipsorum
1626 5284 1720 5337 victum
1732 5299 1798 5351 opus
1819 5289 1896 5346 essct,
