4088 5936
653 390 953 463 ANTthlrlATUnl
972 391 1118 455 ROMAN.
1144 394 1217 456 ΗΒ.
1245 396 1294 456 lv.
1720 405 1779 463 tlt

168 547 179 569 ·
194 518 245 577 ὐπδ
266 513 532 597 τίνοςοῖποδειχθεῖό
554 520 660 600 ἀνδρὸς,
681 524 727 581 καί
755 523 796 582 ἔτι
818 523 944 603 πρότερον

168 635 179 661 ι
196 607 267 674 όστις
276 608 353 667 ἔσται
363 607 498 674 πολιτείας
505 605 614 684 κόσμος,
624 610 652 669 θν
663 612 891 690 ἀπαλλαττόμενοι
901 638 947 673 τυ-

167 694 287 775 «ptimo
308 694 543 772 καταστησόμεθα.
560 698 755 759 Βεύουλεῦσθαι
773 700 825 781 γδιρ
840 701 945 762 ἅπαντα

168 815 179 839 ι
196 786 311 865 βέλτιον,
324 783 386 863 πρὶν
402 784 544 865 έπιχειρεῖν
559 785 628 868 ἔργῳ
641 790 790 868 τηλικῷδε,
802 790 848 850 καθ
863 793 945 868 μηδέν

128 892 141 932 ι
165 904 178 929 ι
194 873 364 944 ένεξέταστον
387 874 510 954 ἀρεῖσθαι
526 875 588 951 μηδ’
605 875 825 956 οἶπροόοόλευτον.
868 879 945 941 Ἄπο-

164 993 181 1020 a
194 963 370 1044 ραινέσθωδή
386 962 447 1042 περί
462 962 560 1022 τούτων
578 960 687 1031 ἕκαστος
698 970 772 1043 ὐμῶν
787 967 804 1026 θ
817 974 915 1048 φρονεῖ.
932 994 944 1022 ν

166 1051 245 1113 Maria
269 1058 344 1112 τοῦτο
373 1050 521 1132 ἐλέχθησαν
547 1053 640 1111 πολλοὶ
668 1054 741 1134 παρθι
766 1057 871 1116 πολλῶν
896 1058 943 1118 λό-

164 1166 214 1219 γοι.
260 1138 362 1202 Ἐδόκει
381 1140 409 1199 δέ
429 1150 482 1208 τοῖς
497 1142 546 1218 μίν
562 1143 702 1221 βασιλικὴν
718 1136 790 1214 αὐθις
802 1149 945 1220 καταστή-

165 1237 260 1291 σασθαι
285 1230 421 1290 πολιτείαν
452 1230 679 1311 ὐξαριθμουμένοις
708 1233 758 1293 ὐσα
794 1235 841 1308 τὴν
869 1239 945 1299 πολιν

116 1331 139 1371 ¹⁰
164 1318 290 1392 έποίησαν
308 1318 394 1398 ιἰγαθδι
414 1319 510 1389 πάντες
524 1322 548 1379 οἱ
562 1319 684 1401 πρότεροι
701 1324 833 1402 βασιλεῖς·
849 1334 902 1393 τοῖς
917 1326 943 1387 δέ

163 1405 259 1483 μηκέτι
270 1408 354 1467 ποιεῖν
369 1408 409 1488 tp’
429 1407 467 1466 tvi
484 1406 599 1490 δυνάστῃ
614 1408 648 1468 τθι
671 1409 761 1485 κοινθ,
778 1413 826 1481 τὰς
845 1439 944 1496 τυραν-

162 1494 234 1563 νικδις
249 1494 371 1564 διεξιοῦσι
381 1497 563 1578 παρανομίας,
580 1489 621 1565 αἷς
631 1498 707 1559 ἄλλοι
721 1523 750 1559 τε
765 1503 858 1563 πολλοὶ
874 1505 944 1563 κατδι

163 1588 214 1643 τῶν
230 1584 303 1644 ἰδίων
323 1587 438 1643 πολιτῶν
455 1580 617 1665 ἐχρήσαντο,
633 1587 680 1647 καί
696 1589 842 1670 Ταρκύνιος
855 1593 944 1652 τελευ-

24 1752 25 1759 ,
162 1678 228 1733 τῶν·
244 1673 312 1731 ἀλλὰ
333 1672 364 1731 τὸ
375 1672 507 1753 συνέδριον
521 1679 568 1747 τῆς
587 1681 682 1756 βουλῆς
696 1678 820 1738 ἁπάντων
835 1682 942 1741 enotri-

24 1808 25 1811 ,
115 1781 137 1820 tt
163 1761 206 1830 ξαι
221 1761 328 1841 κύριον,
349 1766 383 1828 ὡς
404 1764 431 1819 έν
444 1764 556 1831 πολλαῖς
577 1769 632 1823 τῶν
647 1764 809 1838 Ἑλληνίδων
826 1770 942 1830 πολεων·

163 1855 200 1912 Ol
210 1853 239 1910 δέ
246 1850 343 1911 τούτων
355 1850 402 1927 μέν
414 1852 553 1930 οὐδετέραν
562 1861 724 1934 προῃροῦντο
731 1860 783 1916 τῶν
793 1858 941 1932 πολιτειῶν,

164 1938 344 2021 δημοκρατίαν
369 1941 395 2001 δὲ
425 1939 611 2006 συνεβούλευον
635 1941 725 2023 ῶσπερ
747 1943 876 2024 Ἀθήνησι
896 1971 943 2005 κα-

162 2034 310 2105 ταστῆσαι,
328 2039 375 2096 τὰς
390 2026 478 2111 θόρεις
491 2030 535 2089 καὶ
553 2029 600 2097 τδις
620 2030 769 2102 πλεονεξίας
781 2036 833 2091 τῶν
849 2034 943 2114 ὀλίγων

163 2118 370 2200 προρερόμενοι,
384 2117 430 2177 καί
441 2119 488 2186 τὰς
499 2118 606 2188 στόσεις
617 2121 664 2188 τδις
677 2122 815 2199 γινομένας
829 2132 885 2192 τοῖς
897 2148 944 2185 τα-

111 2233 138 2274 ap
163 2216 261 2275 πεινοῑς
281 2208 347 2289 πρδς
361 2207 419 2274 τούς
437 2206 615 2288 ὑπερέχοντας
622 2252 631 2280 ,
657 2209 779 2291 ἐλευθέρα
793 2210 869 2271 πολει
895 2211 942 2285 τὴν

163 2296 298 2375 ἰσονομίαν
313 2295 501 2377 ἀποραίνοντες
516 2298 717 2379 ἀσφαλεστάτην
728 2289 809 2360 οὐσαν
821 2297 867 2360 καί
879 2325 943 2383 πρε-

162 2387 336 2459 πωδεστάτην
354 2388 406 2444 τῶν
421 2387 571 2447 πολιτειῶν.

200 2476 330 2537 lxxlll.
355 2476 486 2545 Χαλεπῆς
498 2475 524 2533 δέ
539 2473 586 2533 καὶ
605 2475 742 2558 δυσκρίτου
758 2483 805 2550 τῆς
820 2481 943 2562 αἱρέσεως

162 2563 246 2623 ἅπασι
260 2562 432 2645 φαινομένης,
451 2560 493 2621 tat
511 2563 559 2630 τὰς
578 2566 827 2645 παρακολουθούσας
841 2570 941 2653 έκιίστη

110 2674 136 2714 tt
162 2656 214 2712 τῶν
228 2655 365 2712 πολιτειῶν
376 2650 487 2724 κακίας,
503 2653 651 2721 τελευταῖος
660 2655 824 2736 παραλαόὼν
840 2657 884 2718 τδν
898 2659 941 2719 λό-

160 2764 206 2823 γον
217 2745 232 2801 θ
243 2744 355 2822 Βροῦτος
366 2731 452 2800 εἶπεν·
468 2766 482 2794 α
493 2739 565 2819 Ἐγὼ
577 2731 645 2813 dim}
656 2745 800 2825 Λουκρήτιε
812 2745 858 2806 καί
870 2750 941 2808 Κολ-

161 2860 173 2885 a
187 2832 288 2904 λατῖνε,
304 2832 351 2891 καί
361 2831 459 2898 πσίντες
474 2833 558 2907 ὑμεῖς,
568 2833 592 2890 οἱ
603 2831 729 2911 παρόντες
742 2833 832 2914 ἄνδρες
848 2838 941 2915 ἀγαθοί

161 2946 174 2971 ι
188 2921 234 2979 καὶ
249 2920 275 2989 ἐξ
299 2921 421 2996 ἀγαθῶν,
443 2917 537 2992 καινὴν
560 2917 608 2996 μὲν
631 2919 755 2997 οὐδεμίαν
780 2921 870 3000 σίομαι
889 2925 940 2984 δεῖν

162 3036 176 3062 ι
189 3014 261 3086 ἡμᾶς
281 3008 454 3068 καθίστασθαι
475 3009 608 3067 πολιτείαν
623 3008 693 3068 κατὰ
713 3011 744 3070 τδ
761 3012 858 3092 παρόν·
884 3014 941 3075 ότε

106 3117 132 3158 ευ
164 3125 175 3150 ι
192 3096 245 3176 γδιρ
258 3096 345 3177 καιρθς
360 3099 396 3163 είς
407 3097 435 3157 ὃν
451 3096 605 3176 συνήγμεθα
629 3096 680 3165 ὑπὸ
704 3103 757 3158 τῶν
776 3102 940 3182 πραγμάτων

161 3213 174 3240 ι
189 3184 307 3266 βραχὺς,
320 3188 346 3243 ε’ν
359 3172 610 3267 ᾧμεθαρμόσασθαι
624 3186 724 3256 πολεως
737 3188 837 3266 κόσμον
852 3194 882 3251 οὐ
895 3193 941 3273 §qi-

147 3303 171 3355 ιι
188 3277 261 3351 διον,
283 3274 344 3349 ἥτε
355 3282 433 3356 πεῖρα
448 3278 494 3346 τῆς
514 3275 677 3352 μεταόολῆς,
694 3275 743 3337 κᾶν
759 3277 792 3339 τδι
811 3280 940 3360 κρότιστα

160 3365 310 3445 ιτόχωμεν
326 3361 387 3443 περὶ
411 3365 492 3432 αὐτῆς
517 3365 737 3443 βουλευσάμενοι,
760 3367 879 3448 σραλερδι
894 3368 939 3429 καί

160 3482 172 3509 ι
187 3459 236 3515 οὐκ
250 3452 394 3519 ἀκίνδυνος.
406 3450 530 3519 Ἐξίσται
541 3456 564 3511 θ’
581 3455 643 3530 ἡμῖν
653 3452 842 3534 ὐστερον,ὅταν
855 3457 940 3515 δπαλ·

159 3572 173 3599 ι
187 3547 311 3622 λαγῶμεν
325 3546 372 3612 τῆς
386 3540 534 3621 τυραννίδος
547 3543 613 3617 μετδι
630 3541 746 3609 πλείονος
761 3541 879 3610 ἐξουσίας
893 3544 938 3604 καὶ

160 3660 173 3683 ι
188 3631 258 3691 κατὰ
271 3630 368 3709 σχολὴν
380 3628 575 3709 βουλευομένοις
588 3630 636 3701 τὴν
650 3629 787 3710 κρείττονα
800 3631 936 3690 πολιτείαν

159 3747 172 3774 ι
188 3718 248 3778 ἀντὶ
261 3723 308 3789 τῆς
319 3718 434 3798 χείρονος
447 3717 563 3793 έλέσθοιι,
578 3723 601 3778 εἰ
614 3718 646 3792 δή
661 3742 700 3787 τις
715 3720 768 3801 ἄρα
780 3719 837 3781 len
847 3718 935 3800 κρείτ-

159 3836 172 3863 ι
185 3831 255 3879 των,
270 3797 301 3878 ἧς
318 3805 454 3884 Ῥωμύλος
476 3830 504 3865 τε
518 3807 565 3867 καί
578 3807 728 3886 Πομπίλιος
743 3808 787 3869 καί
802 3808 898 3877 πάντες
913 3812 937 3868 οἱ

158 3926 171 3952 ι
186 3898 246 3975 μετ’
257 3895 370 3964 ἐκείνους
393 3895 512 3975 βασιλεῖς
533 3897 765 3974 καταστησόμενοι
788 3897 936 3977 παρέδοσαν

158 4015 171 4041 ιι
186 3991 267 4067 ἡμῖν,
284 3985 311 4053 ἐξ
325 3977 356 4056 ἧς
373 3984 477 4062 μεγόλη
490 3985 536 4044 καί
554 3985 686 4062 εὐδαίμων
708 3987 752 4046 καὶ
766 3990 871 4047 πολλῶν
890 3987 938 4067 ἄρ-

158 4105 170 4130 .
185 4099 271 4156 γοντα
288 4073 432 4152 ἀνθρώπων
446 4076 463 4144 ἡ
482 4071 556 4140 πολις
571 4078 647 4151 Ιημῶν
667 4074 819 4135 διετέλεσεν.
862 4074 893 4136 Ἃ
908 4076 936 4135 δέ

158 4194 170 4219 ι
186 4166 393 4245 παρακολουθεῖν
415 4160 488 4220 εἴωθε
507 4165 564 4230 ταῖς
590 4162 746 4244 μοναρχίαις
763 4165 887 4243 χαλεπδι,
909 4163 936 4233 ἐξ

156 4282 168 4306 ι
185 4246 219 4314 ὧν
239 4256 275 4317 είς
286 4249 442 4329 τυραννικὴν
458 4248 584 4327 ὠμότητα
602 4250 784 4332 περιίστανται
802 4251 848 4311 καὶ
872 4252 936 4313 δίθ

156 4372 169 4395 ε
185 4340 399 4421 δυσχεραίνουσιν
413 4338 527 4408 ἅπαντας
544 4339 643 4415 αὐτὰς,
654 4344 727 4401 ταῦθ’
738 4343 803 4419 ἡμῖν
820 4345 933 4424 ἐπανορ-

106 4457 130 4499 ςς
157 4460 168 4485 ι
183 4428 321 4492 θώσασθαί
333 4428 419 4487 τεκαὶ
432 4432 478 4486 νῦν
488 4429 533 4488 καί
546 4427 589 4486 ἵνα
600 4430 665 4509 μηδ’
675 4430 701 4498 ἐξ
709 4430 818 4511 ὑστέρου
826 4431 936 4510 γένηταί

157 4547 170 4574 ι
184 4541 249 4579 ποτε
269 4515 433 4599 φυλάξασθαι
451 4513 584 4598 παραινῶ.
611 4518 680 4577 Τίνα
706 4520 729 4577 θ’
755 4520 812 4578 ἐστὶ
836 4529 935 4597 ταῦτα,

158 4635 170 4662 ι
188 4610 290 4687 πρῶτον
304 4604 369 4682 μὲν,
383 4602 474 4675 ἐπειδὴ
488 4605 523 4664 τδι
536 4604 654 4683 ὀνόματα
669 4610 720 4665 τῶν
732 4610 899 4687 πραγμάτων
911 4609 935 4667 οἱ

158 4724 171 4747 ι
186 4695 278 4755 πολλοὶ
292 4696 421 4755 σκοποῦσι
434 4694 479 4751 καλ
494 4693 548 4753 ἀπὸ
562 4695 660 4755 τούτων
674 4695 692 4769 ἣ
709 4696 861 4776 προσίενταί
875 4721 934 4754 τινα

157 4815 170 4840 ε
187 4787 239 4843 τῶν
256 4779 425 4863 βλαόερῶνλ
448 4782 495 4863 ρειί
514 4806 571 4843 ουσι
591 4788 643 4843 τῶν
667 4785 827 4865 ὠρελίμων,
850 4785 877 4844 έν
899 4775 937 4851 οἷς

156 4902 169 4929 ι
184 4873 232 4933 καί
250 4872 297 4944 τὴν
323 4869 470 4949 μοναρχίαν
492 4809 559 4931 εὐναι
584 4873 748 4951 συμόέόηκε,
777 4872 936 4950 μεταθέσθαι

156 4992 168 5016 ι
185 4962 302 5038 τοῦνομα
323 4965 370 5031 τῆς
394 4958 529 5028 πολιτείας
557 4963 620 5038 ὑμῖν
641 4964 781 5042 παραινῶ,
807 4961 854 5021 καί
878 4961 936 5029 τούς

157 5083 169 5106 ι
185 5053 330 5130 μέλλοντας
344 5049 409 5117 έξειν
423 5050 472 5121 τὴν
488 5049 612 5109 δποίντων
636 5049 754 5120 ίξουσίαν
770 5048 838 5129 μήτε
861 5055 936 5123 βασι-

159 5173 170 5193 ·
186 5145 240 5210 λεῖς
254 5140 292 5200 te
308 5139 375 5216 μήτε
390 5137 537 5218 μονοίρχους
550 5142 655 5213 καλεῖν,
670 5137 740 5199 itii
759 5135 935 5218 μετριωτέραν

159 5261 170 5283 ·
185 5230 245 5292 τινδ
259 5229 305 5289 καί
329 5225 576 5307 φιλανθρωποτέραν
589 5231 631 5289 ἐπ’
643 5232 732 5298 αὐτοῖς
752 5227 843 5291 θέσθαι
865 5250 933 5309 προ·

1002 552 1014 576 ι
1030 532 1171 598 reipublicae
1194 536 1286 595 torma,
1309 549 1385 600 quam
1412 538 1542 601 tyrannide
1565 538 1662 592 liberati
1686 545 1781 595 consti·

1002 642 1015 665 ν
1031 626 1142 675 tuomus.
1178 626 1283 675 Praestat
1302 625 1368 676 enim
1387 625 1418 677 de
1437 627 1476 677 tris
1492 628 1608 680 omnibus
1628 631 1781 683 consultasse

1002 725 1014 748 a
1031 710 1163 770 antequam
1173 712 1270 758 tantum
1283 708 1379 759 lucium
1391 708 1577 773 aggrediamur,
1594 713 1620 762 et
1632 710 1694 761 nihil
1705 711 1778 761 relin-

1002 813 1015 839 a
1031 798 1135 859 quere‚t
1149 796 1217 861 quod
1227 811 1279 848 non
1292 801 1348 849 ante
1361 798 1491 862 diligenter
1504 798 1742 850 consideraverimus
1755 804 1781 851 et

1002 902 1015 928 ι
1029 886 1144 936 accurate
1170 885 1380 950 perpenderimus.
1423 886 1496 937 Dicat
1515 888 1591 951 igitur
1612 888 1781 953 uuusquisque

1002 988 1015 1014 a
1027 974 1138 1022 vestrum
1148 972 1256 1036 quidbis
1264 973 1376 1024 derebus
1383 976 1487 1025 sentiat.
1500 978 1612 1028 »Postea
1621 975 1694 1027 multi
1703 976 1781 1029 multa

1001 1060 1205 1112 leceruntrerba.
1220 1067 1255 1112 lc
1269 1061 1325 1112 alils
1341 1064 1452 1126 quidem¹
1469 1064 1655 1116 recensentibus
1668 1065 1780 1116 omniurn

1000 1148 1154 1213 superiorum
1168 1164 1255 1213 τεαυιιι
1267 1150 1387 1203 beneficia
1396 1153 1422 1201 in
1431 1153 1608 1218 rempublicam
1618 1153 1716 1215 collata,
1727 1157 1780 1219 pla·

1000 1240 1071 1290 cebet
1077 1240 1157 1291 denuo
1166 1252 1235 1304 regen
1243 1241 1322 1290 creari
1335 1260 1342 1291 ι
1353 1241 1394 1291 alii
1405 1255 1474 1305 vero,
1490 1246 1662 1296 enumerantes
1672 1244 1781 1295 facinora

1000 1330 1128 1393 tyrannica
1143 1333 1169 1380 et
1186 1330 1297 1393 iniurias,
1310 1343 1374 1394 quas
1389 1343 1446 1380 oum
1465 1331 1506 1381 alii
1524 1332 1596 1383 multi
1611 1332 1664 1384 suis
1683 1332 1779 1384 civibus

1000 1418 1135 1469 intulerant
1147 1422 1199 1467 tum
1213 1419 1288 1468 etiam
1308 1418 1458 1481 Tarquinius
1471 1421 1626 1482 postremus,
1646 1420 1720 1471 unius
1732 1433 1779 1484 po·

1000 1509 1084 1561 testati
1106 1507 1282 1572 rempublicam
1301 1507 1408 1573 amplius
1421 1506 1623 1559 committendam
1636 1521 1685 1558 non
1697 1521 1780 1559 cense-

1000 1598 1075 1659 bant;
1102 1597 1147 1647 sed
1165 1597 1289 1648 malebant
1308 1611 1432 1647 smnmam
1456 1609 1539 1648 rerum
1570 1610 1647 1661 penes
1667 1598 1780 1648 cenabam

1000 1700 1065 1747 esse,
1085 1691 1115 1735 ut
1128 1685 1154 1735 in
1168 1686 1293 1751 plerisque
1307 1685 1409 1738 Graeciae
1427 1685 1572 1736 civitatibus
1587 1685 1646 1736 :alii
1666 1687 1778 1736 neutram

999 1774 1143 1840 reipublicae
1150 1774 1254 1827 sormam
1261 1775 1407 1840 probabant,
1416 1773 1778 1838 seddoruinatumpopnlarem,

999 1865 1209 1931 quemadmodum
1239 1865 1357 1924 Athenis,
1388 1863 1591 1915 constituendum
1628 1862 1777 1927 suadebaut3

999 1967 1138 2018 paucorum
1153 1954 1253 2018 lingitis,
1268 1967 1326 2018 quaa
1337 1954 1370 2004 ob
1392 1953 1469 2018 pluris
1484 1951 1594 2004 habendi
1617 1951 1780 2016 cupiditatem

999 2045 1129 2109 patrantur
1143 2047 1169 2095 et
1187 2041 1394 2106 seditionesque
1414 2043 1478 2093 iuter
1499 2040 1643 2092 humiliores
1652 2041 1679 2094 et
1694 2042 1779 2105 poteo·

997 2132 1074 2183 tiores
1092 2132 1173 2183 soient
1195 2132 1254 2182 oriri
1277 2131 1442 2195 proterentes,
1467 2136 1494 2181 et
1506 2130 1569 2201 iuris
1582 2128 1776 2193 equabilitatem

996 2221 1105 2272 oidtatis
1127 2221 1210 2271 libera
1225 2218 1330 2270 sormam
1344 2219 1455 2270 omnium
1478 2219 1629 2270 tutissimam
1644 2220 1720 2280 atque
1731 2218 1777 2267 bo·

996 2310 1161 2361 beatissimam
1172 2323 1227 2360 esse
1239 2308 1444 2359 demonstrantes.

1028 2488 1137 2536 Lxlllll.
1156 2485 1205 2536 Sed
1223 2499 1280 2535 cum
1292 2484 1409 2536 omnibus
1421 2484 1476 2535 brec
1498 2483 1588 2537 electm
1607 2497 1657 2534 non
1671 2483 1724 2536 sine
1736 2497 1779 2536 ne·

996 2576 1062 2637 gotio
1078 2579 1104 2625 et
1124 2574 1272 2625 dillicultate
1285 2573 1416 2639 diiudicari
1429 2587 1501 2638 posse
1514 2573 1651 2633 videretur,
1669 2573 1702 2623 ob
1717 2574 1779 2627 titia

996 2677 1054 2727 quus
1068 2675 1269 2726 unamquamque
1279 2662 1420 2726 reipublicae
1431 2662 1536 2715 sormam
1548 2661 1707 2721 comitantur,
1721 2674 1778 2726 pos-

996 2752 1092 2801 tremus
1112 2752 1204 2800 Brutus
1227 2750 1363 2799 orationem
1384 2747 1510 2812 excipiens
1529 2748 1564 2798 ita
1588 2748 1687 2798 locutus
1706 2752 1746 2799 est
1769 2769 1776 2800 ι

998 2859 1010 2883 ι
1028 2843 1155 2905 ligurem,
1167 2830 1266 2890 Lucreti
1281 2842 1307 2889 at
1316 2837 1453 2898 cultatim,
1466 2840 1491 2887 et
1502 2849 1589 2887 omnes
1602 2849 1647 2886 ros
1655 2836 1699 2899 qui
1708 2836 1778 2888 ades·

997 2948 1009 2971 «ι
1023 2928 1057 2978 tis
1070 2929 1116 2978 viri
1126 2927 1184 2978 boni
1195 2930 1222 2977 et
1240 2940 1272 2978 ex
1289 2926 1361 2977 bouis
1373 2925 1510 2992 progeniti,
1525 2925 1550 2973 in
1566 2927 1699 2988 praesentia
1718 2927 1777 2976 nnl-

997 3035 1010 3059 ι
1025 3015 1074 3065 iam
1095 3014 1167 3065 uobis
1189 3029 1277 3065 noram
1308 3014 1451 3078 reipublice
1468 3014 1572 3063 lormam
1600 3013 1776 3066 instituendam

996 3123 1008 3147 α
1025 3116 1123 3155 censeo.
1144 3107 1205 3153 Nam
1223 3108 1249 3153 et
1262 3102 1341 3168 ipsius
1354 3102 1473 3168 temporis
1493 3102 1621 3166 augustiae,
1638 3102 1664 3152 in
1682 3115 1744 3165 quas
1761 3115 1777 3151 a

996 3213 1008 3235 c
1024 3192 1098 3244 rebus
1112 3192 1280 3256 praesentibus
1294 3193 1418 3257 compulsi
1436 3206 1532 3253 sumus,
1546 3205 1597 3241 non
1610 3190 1737 3256 patiuntur
1748 3192 1777 3241 ut
1868 3230 1871 3237 .

995 3302 1008 3327 ο
1022 3287 1169 3346 presentem
1184 3282 1326 3346 reipublicae
1344 3286 1437 3333 statum
1449 3282 1475 3332 in
1492 3281 1568 3331 alium
1589 3279 1714 3332 meliorem
1736 3280 1772 3331 ia·

994 3387 1008 3413 ι
1022 3368 1069 3419 cile
1083 3371 1209 3419 mutemus
1221 3386 1228 3416 ι
1242 3371 1268 3417 et
1280 3368 1358 3432 ipsam
1372 3370 1534 3419 mutationem
1542 3371 1648 3429 tentare,
1661 3368 1720 3418 licet
1729 3382 1773 3432 ops

995 3476 1007 3501 ι
1024 3457 1083 3508 dms
1093 3457 1126 3508 de
1141 3469 1172 3505 ea
1188 3455 1423 3518 consultaverimus‚
1440 3462 1523 3508 tamen
1534 3456 1657 3506 lubricum
1670 3461 1717 3518 est,
1730 3470 1776 3508 nec

994 3566 1007 3589 ι
1021 3544 1137 3608 periculis
1150 3547 1227 3593 caret.
1260 3546 1291 3592 Al
1304 3546 1389 3605 postea
1411 3542 1481 3593 nobis
1505 3543 1599 3606 licebit,
1614 3558 1671 3594 cum
1688 3540 1774 3606 tyran·

994 3652 1006 3674 ι
1019 3633 1076 3682 nide
1098 3631 1192 3681 liberati
1212 3628 1351 3691 fuerimus,
1366 3630 1437 3693 longe
1450 3630 1550 3682 liberius
1571 3634 1597 3682 ct
1615 3632 1709 3681 maiore
1718 3643 1775 3679 cum

994 3741 1007 3767 ι
1024 3722 1075 3771 otio
1088 3718 1283 3771 deliberantibus
1295 3719 1423 3769 meliorem
1437 3718 1579 3782 reipublice
1598 3720 1702 3770 lormam
1723 3730 1775 3781 pre

995 3831 1007 3855 α
1021 3810 1138 3862 deteriori
1156 3808 1269 3874 eligere:
1292 3808 1312 3858 si
1329 3809 1477 3874 quatamcn
1498 3812 1539 3858 est
1556 3807 1645 3858 melior
1659 3819 1689 3857 ea
1699 3820 1775 3868 quam

994 3903 1141 3961 altoruulus
1159 3906 1185 3952 ct
1205 3899 1341 3966 Pompilius
1354 3903 1381 3952 et
1397 3900 1475 3951 ceteri
1491 3899 1535 3961 qai
1555 3900 1612 3961 post
1628 3910 1672 3948 eos
1685 3909 1774 3961 regna·

994 4012 1006 4037 ι
1022 3996 1080 4043 runt
1092 3991 1163 4042 nobis
1172 3990 1333 4043 constitutam
1347 3987 1515 4046 tradiderunt3
1528 3999 1579 4050 qna
1591 3985 1683 4036 lactum
1694 3988 1734 4036 est
1747 3989 1776 4036 ut

993 4102 1006 4126 ι
1022 4081 1161 4147 respublica
1172 4086 1256 4131 nostm
1267 4080 1348 4143 ampla
1364 4082 1390 4128 et
1404 4078 1528 4127 fortunata
1542 4076 1606 4125 lacta
1620 4073 1654 4125 sit
1667 4078 1693 4126 et
1708 4075 1774 4125 mul-

993 4190 1006 4213 a
1020 4169 1054 4220 tis
1067 4169 1165 4233 populis
1178 4169 1211 4218 ad
1223 4169 1272 4219 boc
1283 4180 1363 4232 usque
1376 4168 1475 4228 tempus
1485 4166 1625 4215 constanter
1636 4162 1774 4229 imperarit.

992 4278 1005 4302 «
1022 4256 1089 4309 Vitia
1107 4271 1167 4308 vero
1186 4258 1286 4321 gravia,
1303 4269 1361 4319 quaa
1385 4266 1487 4317 regnum
1504 4253 1617 4304 maritari
1635 4254 1727 4317 solent,
1742 4252 1775 4303 ab

993 4368 1004 4391 «
1021 4345 1115 4410 quaein
1133 4344 1305 4396 crudelitatem
1327 4342 1478 4407 tyrannicam
1502 4342 1649 4405 degenerat,
1671 4346 1697 4391 et
1717 4354 1774 4403 quaa

993 4458 1006 4482 a
1020 4437 1111 4502 ιομῖειιι
1130 4438 1278 4500 potestatem
1295 4434 1408 4486 omnibus
1424 4434 1527 4484 inrisam
1540 4434 1662 4494 reddunt,
1681 4431 1774 4483 suadeo

992 4548 1005 4572 ι
1021 4530 1049 4577 ut
1060 4525 1213 4588 dormitamus
1223 4529 1249 4575 et
1260 4537 1400 4586 careamus,
1411 4538 1442 4575 ne
1455 4537 1564 4586 unquam
1575 4521 1677 4587 postbac
1686 4520 1712 4569 in
1721 4518 1776 4571 baec

993 4638 1005 4663 ι
1022 4618 1076 4682 ipsa
1086 4616 1233 4668 recidamus.
1267 4616 1427 4679 etquenam
1444 4614 1486 4664 illa
1499 4616 1578 4663 sunt?
1594 4609 1704 4660 Primum
1716 4609 1772 4673 qui·

992 4728 1005 4752 ι
1019 4706 1087 4769 dem,
1100 4705 1159 4769 quia
1169 4702 1280 4768 plerique
1289 4715 1373 4753 rerum
1386 4703 1485 4752 nomina
1498 4702 1624 4765 spectant,
1639 4702 1664 4749 et
1673 4700 1774 4762 propter

992 4815 1005 4839 α
1019 4796 1076 4846 bec
1084 4795 1124 4845 rel
1137 4806 1177 4844 res
1187 4791 1275 4843 noxias
1290 4793 1410 4854 expetunt
1421 4788 1462 4841 rel
1473 4789 1546 4840 utiles
1556 4789 1661 4853 tugiunt,
1673 4786 1699 4837 io
1709 4800 1772 4851 qua·

991 4904 1004 4927 r
1018 4898 1074 4935 rum
1088 4895 1192 4934 numero
1204 4882 1285 4946 ipsum
1298 4890 1399 4942 quoqne
1413 4892 1518 4941 regom
1529 4892 1585 4929 esse
1600 4876 1715 4940 contigit,
1725 4890 1771 4926 ro-

990 4992 1004 5017 ι
1019 4972 1071 5032 bis,
1094 4975 1123 5023 ut
1140 4969 1282 5035 reipublicae
1298 4981 1388 5019 nomen
1405 4967 1523 5024 mutetis,
1552 4967 1660 5027 suadem
1681 4969 1707 5021 et
1730 4980 1773 5017 eos

990 5077 1125 5129 «quorum
1138 5076 1205 5114 curas
1226 5075 1325 5115 ειιιιιιιιε
1343 5070 1428 5110 rerum
1447 5058 1632 5122 committetur,
1653 5072 1701 5109 non
1717 5071 1770 5110 am·

989 5174 1003 5200 ι
1019 5153 1085 5219 plius
1102 5164 1174 5216 repes
1193 5164 1273 5215 neque
1295 5146 1441 5201 monarchas
1461 5146 1568 5201 νοσειιιι.
1595 5147 1640 5197 sed
1664 5147 1772 5211 aliquam

989 5264 1003 5289 ι
1015 5242 1191 5295 modestiorem
1208 5244 1235 5293 et
1254 5238 1332 5317 maqis
1353 5235 1498 5302 popularem
1514 5235 1702 5301 appellationem
1723 5235 1773 5287 illia
