4048 5924
663 399 960 475 ANTIQUITATUM
983 400 1135 463 Romen.
1160 404 1233 464 LIB.
1258 405 1322 465 Vll.
1723 416 1779 475 423

171 553 185 583 ιι
203 551 245 608 φει
263 527 393 591 διάνοιαν·
410 529 625 593 έπιθουλεθεσθαί
647 556 675 592 τε
690 533 732 612 ὑφ’
756 537 830 610 ὑμῶν
856 557 945 606 σκηπ-

171 642 185 670 ιι
201 616 307 694 τόμενος
320 617 366 676 καί
381 618 507 692 δεδιέναι,
529 622 565 697 μὴ
581 620 629 693 τλν
645 622 791 701 ἐλευθερίαν
814 624 945 703 ἀφέλησθε

172 702 283 776 ιιῆτῆς
300 706 424 786 πατρίδος
447 707 594 784 ἐκὸάλητε,
620 710 697 778 αὐτὸς
723 711 763 793 ἐφ’
780 715 842 788 ὑμῖν
861 718 946 774 ταῦτα

172 820 184 847 ιι
204 793 394 874 μηχανώμενος
408 797 530 856 διατιλεῖ·
544 800 590 858 καὶ
613 797 644 858 τθ
665 797 702 876 μὴ
716 798 837 860 παθεῑνδ
860 801 947 865 δεδοι-

20 902 22 907 ⁴
129 896 143 934 ι
172 909 184 937 ιι
201 881 275 943 κέναι
296 883 374 963 φησίν
400 887 446 944 οὐκ
472 886 545 968 ἄλλῳ
572 886 622 947 τινί
655 890 847 970 φυλαττόμενος
870 891 948 963 δῆλός

173 999 186 1026 ιι
203 969 318 1044 ἐστιν,ἢ
344 974 382 1053 τῷ
397 973 494 1053 δρθσαι
508 973 618 1056 φθάσας.
674 976 811 1049 Ἐδήλωσε
829 976 855 1036 δὲ
872 984 948 1041 τοῦτο

174 1088 188 1114 ιι
204 1060 331 1128 πολλάκις
356 1058 403 1137 μέν
428 1060 474 1120 καί
497 1063 623 1144 πρότερον
639 1064 684 1123 καὶ
699 1066 743 1123 ἐπὶ
768 1066 884 1140 πολλῶν,
910 1059 947 1128 ῶν

174 1175 189 1201 ιι
205 1148 351 1229 ἐξείργομαι
374 1153 525 1226 μεμνῆσθαι
546 1151 661 1212 κατὰτὸ
678 1153 771 1233 παρόν·
782 1155 903 1232 ’μάλιστα
920 1156 947 1217 δέ

173 1238 327 1318 «Μάρκιον
342 1239 442 1298 τουτονί
453 1239 496 1298 τθν
513 1241 651 1322 φιλόπολιν
663 1240 762 1321 ἄνδρα,
777 1243 835 1304 οὔτε
850 1245 947 1326 προγόι

174 1351 186 1377 ιι
203 1348 253 1382 νων
265 1328 372 1405 ἀφανῶν
384 1325 445 1385 ὄντα
459 1325 514 1387 οὔτ’
526 1329 604 1387 αὐτὸν
620 1330 701 1411 ἀρετῇ
712 1330 866 1407 λιιπόμενον
879 1333 949 1391 οὖθε·

173 1439 187 1466 ιι
205 1412 247 1480 νθς
271 1418 361 1490 ἡμῶν,
391 1416 576 1494 αἰτιασάμενος
601 1417 778 1478 ἐπιὸουλεάειν
803 1423 874 1500 αὐτῷ
903 1421 949 1480 καί

173 1528 186 1555 ιι
203 1502 317 1582 πονηράς
333 1505 422 1564 ἐνθάδε
438 1504 545 1584 γνώμας
559 1505 647 1582 λέγειν
661 1505 766 1587 άκριτον
781 1508 948 1590 ἐπεχείρησεν

173 1615 187 1644 ιι
204 1590 365 1652 ἀποκτεῖναι.
418 1594 474 1654 liat
505 1596 528 1652 εἰ
555 1594 593 1674 μὴ
623 1594 705 1654 δεινὸν
733 1598 896 1674 ἡγησάμενοι
919 1598 950 1658 τδ

173 1703 187 1732 ιι
202 1687 315 1758 πρᾶγμα
329 1679 356 1738 οἵ
367 1705 396 1740 τε
410 1680 506 1741 θπατοι
521 1684 567 1742 καί
586 1686 659 1759 ὑμῶν
675 1687 699 1743 οἱ
712 1682 746 1742 τδι
760 1684 870 1764 κρείττω
887 1710 950 1767 φρο-

114 1788 141 1827 ια
174 1792 188 1820 ιι
206 1772 309 1835 νοῦντες
326 1771 542 1852 συνεστράφητε,
561 1772 607 1831 καὶ
621 1770 669 1843 τὴν
684 1772 854 1853 παρανομίαν
871 1774 949 1833 ἐπέσ-

174 1880 189 1909 ιι
205 1878 268 1935 χιτι
279 1858 380 1937 αὐτῶν,
404 1863 430 1917 έν
447 1870 496 1941 μιᾷ
510 1885 543 1940 τη
562 1862 621 1921 τότε
638 1860 726 1941 ἡμέρα
740 1860 818 1919 πάντ’
834 1860 866 1920 δν
882 1867 948 1943 ἀφη-

174 1969 189 1996 ιι
208 1943 317 2023 ρέθητε,
333 1944 382 2004 όσα
399 1948 446 2028 [οῖ]
462 1947 572 2027 πατέρες
587 1972 615 2007 τε
626 1952 688 2025 ὑμῖν
709 1946 755 2008 σὺν
766 1952 871 2017 πολλοῖς
886 1975 949 2024 κτη·

174 2054 188 2081 ιι
206 2030 316 2104 σάμενοι
341 2032 430 2099 πόνοις
458 2034 619 2109 κατέλιπον,
641 2034 687 2096 καὶ
708 2035 781 2094 αὐτοὶ
803 2038 878 2112 ὑμεῖς
902 2040 949 2098 οὐκ

175 2117 332 2184 «ἐλάττους
355 2122 459 2198 ἀγῶνας
487 2121 592 2182 ἐκείνων
619 2123 778 2190 ὑποστάντες
810 2124 898 2205 ἔχετε,
919 2127 949 2186 rb

115 2234 147 2273 ης)
175 2231 188 2257 ιι
208 2204 327 2283 ἀξίωμα,
356 2209 405 2279 τὴν
428 2210 587 2289 ἡγεμονίαν,
617 2211 665 2283 τὴν
694 2210 850 2291 ἐλευθερίαν·
870 2216 895 2273 οῖ
920 2214 947 2273 δέ

176 2320 190 2347 ιι
206 2297 381 2376 γενναιότεροι
395 2298 441 2356 καλ
455 2300 502 2357 οθκ
515 2300 545 2357 ἀν
561 2300 747 2380 ἀγαπήσαντες
761 2301 826 2360 αὐτὸ
840 2300 869 2360 τὸ
883 2305 948 2383 ζῆν,

176 2408 189 2435 ιι
209 2384 232 2440 εἰ
246 2380 283 2459 μὴ
294 2382 362 2460 μετά
373 2384 472 2444 τούτων
482 2386 606 2462 ἐμιλλιτι
613 2392 665 2448 τῶν
678 2390 784 2467 ἀγαθῶν
796 2388 947 2468 βιώσεσθαι,

175 2496 189 2524 ιι
206 2471 275 2530 ἀλλά
293 2472 342 2541 eia
356 2473 443 2554 ψυχὰς
457 2474 488 2532 ἂν
503 2476 631 2558 πρότερον
652 2474 769 2548 ἢταῦτα
785 2477 945 2558 ἀφῃρέθητε,

176 2583 190 2612 ιι
212 2562 236 2618 oi
259 2560 306 2638 μέν
321 2561 411 2639 εὐθὺς,
427 2565 451 2621 οἱ
466 2560 495 2621 δέ
514 2569 561 2624 οὐκ
580 2568 615 2633 είς
629 2565 746 2646 μακράν.
790 2567 827 2626 Τί
849 2567 900 2649 γάρ
916 2566 948 2627 δν

115 2676 146 2716 ⁴25
178 2672 191 2699 ιι
208 2645 239 2705 τδ
251 2650 365 2709 κωλῦσον
381 2642 435 2723 ἦν,
451 2650 533 2718 οὕτως
554 2655 671 2734 αἰσχρῶς
685 2655 730 2713 καὶ
754 2658 843 2722 κακῶς
866 2659 947 2737 Μαρ-

177 2761 190 2789 ιι
210 2736 268 2796 κίου
283 2741 358 2797 τοῦδε
373 2739 582 2820 ἀναρπασθέντος
596 2740 688 2821 ῶσπερ
702 2746 729 2801 ἐν
741 2744 858 2825 ἐρημία,
875 2744 945 2821 κάμὲ

175 2851 189 2878 ιι
213 2825 280 2893 μετὰ
297 2832 386 2887 τοῦτον
415 2828 582 2888 ἀπολωλέναι
603 2832 797 2890 διασπασθέντα
816 2831 867 2891 ὑπὸ
895 2836 947 2891 τῶν

173 2915 325 2995 «ἐχθρῶν,
352 2915 398 2976 καί
421 2916 523 2985 πάντας
544 2917 600 2977 δσοι
620 2918 723 2978 πώποτ’
746 2919 946 2992 ἠναντιώθησαν

173 3028 187 3056 ιι
205 3004 250 3063 καί
263 3005 294 3064 τὸ
314 3006 404 3065 λοιπὸν
425 3004 536 3082 ίμελλον
559 3006 762 3068 ἐναντιώσεσθαι
784 3009 842 3076 ταῖς
863 3033 949 3090 παρα·

115 3117 146 3157 30
174 3119 187 3145 ιι
206 3092 293 3169 νόμοις
307 3093 458 3170 ἐπιθυμίαις
473 3099 519 3153 τοῦ
539 3094 639 3174 δήμους
660 3102 689 3156 οὐ
704 3097 755 3178 γάρ
774 3096 805 3156 ἂν
829 3097 945 3177 ἠρκέσθη

175 3208 188 3232 ιι
206 3179 262 3246 τοὺς
286 3181 332 3241 δύο
343 3180 436 3256 μόνους
457 3187 529 3259 ἡμᾶς
543 3185 661 3244 ἐκποδῶν
679 3183 872 3262 ποιησάμενος,
887 3185 946 3244 οὐδὲ

174 3272 284 3350 «μέχρι
306 3276 383 3350 δεῦρο
414 3270 495 3331 ἐλθὼν
520 3271 624 3357 ἀπέστη
648 3278 696 3347 τῆς
710 3273 899 3354 παρανομίας,
924 3276 947 3333 εἰ

173 3382 186 3410 ιι
204 3359 245 3418 δεῖ
263 3361 298 3420 τδ
322 3358 452 3437 μέλλοντα
485 3363 673 3445 τεκμαίρεσθαι
706 3371 759 3431 τοῖς
794 3363 944 3443 γεγονόσιν,

175 3473 188 3499 ιι
208 3449 266 3508 ἁλλ’
282 3450 326 3529 ἀφ’
341 3453 419 3528 ἡμῶν
433 3449 577 3531 ἀρξάμενος
598 3451 669 3513 ἅπαν
685 3452 715 3511 τδ
736 3452 879 3511 ἀντίπαλον
900 3451 946 3510 καί

114 3568 145 3609 ιιι
177 3564 190 3589 ‘¹
208 3537 246 3613 μθ,
269 3543 337 3611 alnov
371 3538 461 3619 ῶσπερ
479 3540 637 3622 χειμάρρους
659 3539 782 3618 ἐμπεσὼν
803 3540 948 3622 παρέσυρεν

176 3649 189 3675 ιι
211 3623 242 3681 ἂν
256 3633 301 3684 και
320 3628 498 3705 κατήνεγκεν,
515 3627 569 3689 οὔτ’
587 3627 717 3710 εὐγενείας
728 3626 876 3710 φειδόμενος
890 3625 949 3686 οὔτε

175 3737 188 3763 ιι
206 3714 301 3791 ἀρετῆς
315 3712 368 3773 οὔθ’
382 3714 495 3786 ἡλικίας.

213 3801 260 3865 Li.
285 3826 301 3858 ιι
315 3803 422 3871 Ταύτας
436 3806 523 3880 θμῖνθ
540 3806 639 3884 δῆμος,
651 3795 674 3867 ῶ
691 3804 791 3887 βουλὴ,
806 3805 852 3875 τάς
867 3804 950 3874 καλδις

174 3916 186 3943 ιι
203 3890 317 3968 apertis
326 3896 382 3952 ἀνθ’
398 3884 435 3953 ῶν
444 3885 496 3973 [εὖ]
505 3893 587 3955 ἔπαθέ
600 3898 705 3956 πολλῶν
715 3894 795 3955 όντων
806 3896 851 3955 καί
865 3895 950 3975 μιγά-

113 4001 145 4042 οο
174 4006 187 4031 ιι
204 3982 275 4054 λων,
298 3980 346 4048 τάς
366 3980 414 4058 μέν
438 3981 559 4043 ἀπέδωκα
582 3983 653 4058 ἤδη,
679 3982 726 4050 τδις
751 3982 778 4042 δέ
804 3982 950 4045 ἀποδώσειν

173 4095 187 4122 ιι
204 4069 328 4143 έμιλλιν,
348 4074 371 4131 εἰ
393 4071 431 4148 μὴ
452 4070 483 4131 τδ
504 4077 622 4133 κωλῦσον
647 4075 713 4148 παρ’
742 4076 812 4148 ὑμᾶς
835 4074 947 4151 ἐγένετο.

173 4183 187 4210 ιι
203 4156 267 4238 Ἄγε
286 4158 318 4230 δέ,
338 4164 383 4217 νῦν
398 4160 507 4220 κάκεῖνα
533 4160 696 4237 ἐνθυμήθητε
717 4160 815 4236 πάλιν,
849 4159 949 4237 &perdi

173 4273 186 4299 ιι
203 4251 281 4307 τοῦτο
299 4247 330 4306 τδ
351 4249 469 4326 γενναῖον
484 4249 529 4308 καλ
552 4253 655 4329 σῶφρον
683 4253 757 4329 θμῶν
781 4250 855 4327 ἔργον
872 4249 951 4330 ἔδρα·

173 4362 186 4388 ι
204 4334 319 4409 σεν,ίνα
338 4339 421 4415 γιῶτε
442 4335 530 4398 όντινα
544 4338 597 4418 χρὴ
617 4338 712 4420 τρόπον
739 4340 812 4419 αὐτῷ
837 4337 952 4420 προσφέ·

174 4451 187 4477 ι
205 4429 308 4505 ρεσθαι.
353 4425 470 4496 Ἐκεῖνος
499 4428 593 4503 τοίνυν,
614 4431 650 4497 ὥς
669 4426 766 4505 ίμαθεν
781 4433 850 4506 ὑμᾶς
866 4427 952 4488 οὗκέτι

173 4539 187 4566 ιι
204 4514 331 4595 φέρονται
356 4516 435 4575 αὐτοῦ
465 4516 513 4589 τλν
541 4517 631 4598 θὸριν,
658 4517 716 4577 ἀλλ’
747 4516 827 4596 θμόσα
855 4525 951 4597 χωρεῖν

174 4627 188 4654 ιι
203 4605 484 4682 παρεσκευασμένους,
506 4605 601 4677 ἔπτηξε
624 4608 669 4666 καὶ
688 4608 781 4688 μικρὸν
808 4605 950 4667 tentator

174 4716 188 4742 ιι
206 4692 297 4750 έαυτθν
318 4691 408 4772 ῶσπερ
428 4697 458 4754 ἐκ
478 4694 559 4774 μέθης
572 4695 617 4755 καί
638 4696 751 4772 μανίας,
772 4694 824 4753 dni
839 4698 887 4773 μέν
906 4701 952 4755 τοῦ

175 4804 188 4830 ιι
200 4779 345 4858 -βιάζεσθαι
362 4781 477 4857 κατέὸη,
494 4785 537 4843 ἐπὶ
550 4784 580 4841 τὸ
602 4782 752 4851 δικάζεσθαι
768 4782 795 4841 δέ
810 4783 948 4863 ἐτράπετο.

173 4895 186 4921 ιι
208 4868 262 4929 Καί
284 4869 418 4950 προειπὼν
437 4873 538 4951 ἡμέραν
562 4871 662 4952 ρητλν,
690 4873 726 4938 είς
753 4870 835 4943 αὐτὴν
860 4870 950 4931 ἐκάλει

172 4982 185 5008 ιι
205 4955 252 5015 τὸν
268 4958 351 5038 ἀνδρα
369 4961 405 5027 ὡς
428 4959 502 5033 δίκην
526 4960 669 5041 ὑφέξοντα,
691 4949 723 5030 ἧς
745 4957 820 5025 αὐτὸς
840 4956 950 5035 έμελλεν

172 5068 186 5097 ιι
206 5044 311 5105 ἐσισθαι
335 5045 480 5129 κατήγορός
509 5047 605 5107 τεκαὶ
632 5046 731 5128 μάρτυς
753 5046 799 5105 καί
825 5046 950 5122 δικαστὴς

171 5158 186 5187 ιι
204 5133 250 5193 καί
273 5139 320 5194 τοῦ
347 5136 470 5217 μιγέθονς
483 5140 531 5209 τῆς
546 5133 675 5215 τιμωρίας
695 5132 792 5215 κύριος.
838 5135 947 5209 Ἐπειδὴ

171 5221 233 5281 aii
254 5224 299 5281 καὶ
322 5223 388 5304 πρδς
409 5228 487 5283 τοῦτο
515 5224 640 5295 ἐνέστητε
667 5222 821 5302 νομίσαντες
839 5227 886 5286 oin
905 5227 949 5286 ἐπὶ

1002 563 1015 588 ι
1033 558 1060 597 se
1078 560 1094 596 a
1113 545 1184 597 nobis
1200 548 1283 611 appeti
1304 545 1413 608 insidiis,
1435 551 1461 599 et
1480 548 1577 613 vereri,
1598 563 1629 600 ne
1642 549 1781 602 libertatem

1001 655 1015 682 ιι
1030 635 1078 686 sibi
1100 635 1226 700 eripiatis,
1253 639 1297 688 aut
1312 650 1339 688 se
1358 638 1438 702 patria
1461 639 1603 704 expellatis,
1620 640 1672 705 ipsa
1693 645 1780 693 contra

1003 747 1016 771 ι
1029 739 1075 777 vos
1088 725 1142 777 baec
1160 730 1279 792 perpetuo
1294 728 1397 778 molitur
1418 746 1425 778 t
1445 732 1470 779 et
1488 732 1599 794 coastat,
1621 745 1675 783 cam
1695 733 1779 784 existi·

1004 841 1017 865 ι
1030 831 1108 881 mem,
1123 831 1150 869 se
1163 818 1229 869 nulia
1238 819 1285 869 alia
1300 821 1394 871 ratione
1405 820 1437 871 ab
1448 821 1561 885 iniuriis,
1575 837 1637 887 quas
1653 838 1680 875 se
1693 825 1782 876 timere

1004 912 1104 974 adicit,
1120 911 1167 962 sibi
1182 926 1270 963 cavere
1282 928 1371 978 posse,
1388 914 1438 965 nisi
1452 916 1520 980 prior
1534 930 1576 968 eas
1595 918 1666 969 nobis
1680 920 1780 972 inierat.

1004 1028 1016 1051 ι
1031 1008 1085 1057 Hoc
1096 1009 1181 1057 autem
1192 1008 1218 1057 et
1235 1012 1293 1059 ante
1304 1009 1397 1073 saepius
1411 1010 1548 1063 declaravit
1559 1013 1680 1065 tumultis
1693 1014 1783 1076 rebus,

1004 1117 1017 1142 ι
1033 1111 1097 1162 quas
1117 1098 1285 1161 perpetravit,
1305 1113 1366 1162 quas
1388 1100 1563 1167 inpraesentia
1591 1119 1783 1158 commemorare

1005 1201 1141 1252 «nequeo,
1163 1188 1207 1238 sed
1221 1189 1359 1255 praecipue,
1383 1207 1440 1244 cum
1461 1197 1581 1248 Marcium
1597 1196 1692 1261 istum,
1713 1200 1782 1250 beili·

1005 1301 1017 1325 ιι
1030 1295 1118 1332 cosam
1139 1281 1233 1344 virum,
1249 1285 1275 1334 et
1286 1284 1359 1334 claris
1374 1290 1460 1339 natam
1474 1290 1620 1355 maioribus,
1642 1306 1723 1356 neque
1740 1292 1782 1343 uili

1005 1396 1017 1420 ι
1031 1375 1110 1426 nostri
1123 1375 1215 1427 ordinis
1230 1377 1323 1429 virtute
1346 1382 1482 1433 secundum
1507 1386 1646 1448 accrrsarit,
1662 1386 1731 1450 quod
1745 1387 1781 1437 in·

1006 1489 1017 1513 ι
1033 1469 1108 1519 sidias
1127 1469 1173 1533 ipsi
1191 1472 1273 1521 struat
1289 1473 1316 1522 et
1336 1474 1453 1539 malignas
1475 1477 1516 1528 laic
1542 1479 1610 1530 dicat
1634 1482 1785 1543 sententias,

1006 1578 1019 1602 ι
1034 1572 1142 1625 eumque
1161 1559 1331 1613 indemnatum
1352 1566 1465 1619 occidere
1483 1572 1571 1621 conata
1593 1571 1634 1621 sit.
1686 1576 1717 1623 Et
1737 1576 1785 1627 nisi

1006 1672 1018 1695 ι
1033 1652 1146 1703 eonsules
1166 1654 1337 1718 prudentiores
1354 1662 1467 1711 vestrum
1482 1664 1517 1713 rei
1544 1663 1714 1729 indignitatem
1736 1681 1786 1718 non

1006 1763 1018 1787 ι
1035 1744 1156 1805 terentes,
1175 1746 1314 1810 mugiobati
1334 1761 1420 1803 eorum
1440 1754 1521 1804 scelus
1534 1756 1721 1818 cohibuissetis,
1737 1774 1786 1811 uno

1006 1856 1019 1879 ιι
1035 1835 1078 1886 iilo
1094 1835 1134 1886 die
1148 1832 1262 1888 omnibns
1282 1841 1380 1905 spoliati
1402 1846 1498 1908 essetis,
1511 1861 1568 1912 qua
1583 1850 1689 1901 maiores
1709 1853 1787 1904 vestri

1007 1948 1019 1972 ι
1032 1928 1128 1992 magnis
1142 1929 1268 1981 laboribus
1279 1938 1350 1997 parta
1369 1937 1441 1989 vobis
1456 1940 1619 2006 reliquerunt,
1636 1947 1661 1994 et
1672 1959 1729 2009 quae
1740 1960 1786 1999 ros

1010 2040 1022 2064 ι
1037 2035 1136 2085 quoque
1148 2024 1521 2095 nonninoribusuunpericulis
1531 2037 1644 2097 tuemini,
1658 2039 1785 2103 dignitate,

1008 2136 1019 2159 ι
1035 2116 1149 2181 irnperio,
1165 2119 1287 2172 libertate.
1316 2124 1465 2177 Generosius
1485 2142 1546 2181 vero
1565 2132 1609 2194 qui
1621 2133 1697 2184 vitam
1709 2135 1787 2200 ipsam

1007 2228 1019 2252 ιι
1035 2209 1192 2273 peracerbam
1211 2209 1361 2278 duxissetis,
1376 2218 1461 2270 sisino
1474 2220 1514 2272 iris
1525 2221 1596 2275 bonis
1608 2238 1638 2275 ea
1655 2227 1726 2277 robis
1738 2229 1787 2278 tra-

1007 2321 1019 2345 ι
1037 2300 1150 2353 ducenda
1170 2302 1270 2365 luisset,
1288 2310 1314 2357 et
1324 2308 1420 2361 animas
1435 2312 1534 2377 potius,
1546 2330 1620 2379 quam
1636 2317 1689 2369 lucc
1706 2322 1787 2383 proie-

1005 2416 1018 2440 ιι
1035 2395 1143 2459 cissetis3
1172 2411 1209 2449 eae
1234 2402 1277 2450 aut
1300 2404 1399 2464 statim,
1426 2410 1469 2458 aut
1500 2410 1582 2473 paullo
1604 2416 1661 2477 post
1695 2420 1787 2480 erepta

1005 2510 1017 2534 ι
1038 2492 1148 2545 luissent.
1181 2493 1247 2552 Quid
1271 2497 1335 2546 enim
1354 2500 1507 2565 obstitisset,
1537 2506 1630 2556 Marcio
1651 2509 1699 2559 isto
1726 2510 1788 2562 adeo

1006 2602 1018 2628 ιι
1037 2584 1141 2648 turpiter
1151 2585 1177 2634 ot
1197 2584 1319 2649 ignaviter
1341 2592 1458 2654 tanquam
1476 2595 1502 2645 iu
1525 2598 1656 2650 solitudine
1670 2601 1787 2666 abrepto,

1005 2695 1017 2721 ιι
1036 2692 1086 2742 quo
1096 2678 1178 2728 minus
1190 2692 1343 2745 egoquoque
1351 2690 1408 2748 post
1422 2700 1478 2737 eum
1492 2688 1524 2739 ab
1536 2689 1642 2741 inimicis
1649 2691 1788 2758 discerptus

1005 2795 1018 2819 ι
1035 2776 1172 2837 interirem,
1186 2779 1211 2826 ei
1222 2779 1307 2851 ceteri,
1322 2786 1443 2845 quotquot
1459 2799 1567 2848 unquam
1582 2787 1706 2839 adversati
1720 2791 1787 2851 suat,

1006 2894 1018 2918 ι
1035 2877 1077 2924 aui
1090 2873 1115 2923 in
1132 2876 1259 2939 posterum
1276 2876 1366 2941 iniquis
1385 2881 1463 2945 piebis
1478 2854 1652 2948 cupiditatibus
1669 2886 1788 2939 adversa·

1006 2990 1018 3015 ιι
1039 2971 1088 3021 iuri
1103 2970 1267 3024 ridebantur?
1281 2978 1436 3039 nequeenim
1451 2980 1475 3030 ei
1484 2980 1545 3031 satis
1556 2982 1658 3045 luisset,
1669 2997 1715 3035 nos
1725 2984 1789 3035 duos

1003 3082 1016 3107 ι
1035 3067 1132 3114 tantum
1143 3063 1175 3115 de
1193 3066 1438 3134 medio'sustulisse,
1453 3087 1532 3137 neque
1550 3075 1598 3125 iam
1621 3089 1651 3126 eo
1673 3080 1789 3140 proveeta

1004 3171 1017 3196 ι
1030 3152 1062 3201 ab
1085 3154 1140 3204 aliis
1156 3157 1267 3206 scelestis
1283 3157 1432 3212 iecinoribus
1448 3162 1623 3225 abstinuisset,
1642 3164 1664 3215 si
1681 3178 1710 3215 er
1722 3178 1787 3230 praa·

1007 3265 1020 3291 ι
1035 3248 1115 3298 teritis
1127 3250 1295 3301 coniecturam
1303 3241 1338 3303 ¹de
1350 3254 1441 3305 tuturis
1454 3258 1537 3308 iacere
1552 3258 1610 3309 licet
1630 3257 1673 3308 sed
1690 3259 1789 3312 anobis

1005 3359 1017 3383 ι
1035 3338 1110 3390 ducto
1124 3341 1194 3391 initio
1208 3356 1295 3394 omues
1312 3345 1485 3409 adversariae,
1498 3353 1523 3399 et
1533 3348 1575 3413 (μή
1588 3350 1635 3414 ipsi
1646 3352 1733 3404 cedere
1745 3366 1790 3403 no·

1007 3450 1019 3474 ι
1038 3431 1156 3491 luissent,
1173 3434 1250 3485 instar
1264 3437 1396 3496 torrentis,
1417 3439 1460 3501 qui
1483 3453 1572 3505 magno
1586 3442 1680 3506 impetu
1700 3444 1787 3503 ierim,

1009 3537 1083 3574 anon
1109 3526 1245 3585 nobilitati,
1267 3542 1316 3579 non
1337 3530 1436 3594 virtuti,
1451 3545 1500 3583 non
1519 3536 1589 3587 etati
1607 3548 1726 3600 parcens,
1750 3550 1788 3588 re·

1008 3634 1021 3659 ιι
1035 3616 1132 3679 puissei
1153 3622 1179 3668 et
1192 3620 1368 3684 absportassot.

1037 3802 1077 3853 Ll.
1097 3820 1110 3846 ιι
1129 3798 1202 3850 Plebs
1219 3798 1300 3862 igitur,
1318 3800 1406 3848 Patres
1425 3794 1570 3873 conscripti,
1582 3808 1627 3857 pro
1650 3792 1735 3843 multis
1759 3805 1788 3843 ac

1007 3910 1020 3936 ι
1033 3889 1127 3955 magnis
1145 3886 1272 3940 beneficiis
1287 3887 1410 3951 abneptis,
1434 3885 1498 3937 benc
1524 3882 1670 3948 praeclaram
1686 3881 1788 3945 gratiam

1009 3977 1171 4030 anobisiam
1188 3975 1285 4037 retulit,
1308 3977 1334 4026 et
1355 3974 1428 4025 aliam
1451 3971 1561 4024 relatura
1584 3972 1651 4031 erat,
1675 3969 1724 4020 nisi
1744 3983 1789 4020 vos

1009 4092 1021 4116 ιι
1035 4084 1091 4122 eam
1104 4067 1283 4119 cohibuissetis.
1317 4069 1369 4131 Age
1384 4078 1443 4115 uero
1464 4063 1526 4114 iliud
1538 4075 1638 4126 quoque
1651 4075 1717 4112 nunc
1729 4075 1789 4112 eoo·

1009 4177 1021 4200 ι
1035 4156 1150 4216 siderate,
1165 4153 1232 4218 quod
1255 4153 1314 4204 iecit
1334 4154 1390 4216 post
1411 4148 1583 4201 vestrumboc
1602 4160 1751 4211 generosum
1764 4149 1790 4198 et

1009 4272 1021 4297 ι
1037 4250 1178 4300 modestum
1192 4247 1304 4307 lacinus,
1325 4248 1352 4294 ut
1369 4240 1466 4295 sciatis.
1481 4251 1588 4302 quonam
1603 4237 1679 4289 modo
1691 4251 1749 4288 cum
1760 4249 1789 4287 ea

1007 4359 1021 4385 ιι
1038 4338 1159 4403 agendum
1173 4335 1213 4386 sit.
1240 4333 1290 4383 Ubi
1301 4332 1376 4396 igitur
1391 4326 1566 4378 animadvertit
1587 4339 1660 4376 suam
1678 4323 1789 4375 insoleu-

1007 4450 1020 4476 ι
1035 4432 1096 4483 ilem
1107 4448 1123 4483 a
1135 4431 1207 4484 nobis
1221 4426 1326 4491 amplius
1350 4422 1404 4473 lieri
1424 4435 1471 4471 non
1487 4431 1573 4484 posse,
1594 4427 1689 4478 rosque
1704 4425 1789 4462 secum

1009 4545 1021 4571 ι
1041 4522 1156 4589 congredi
1168 4523 1268 4587 paratos
1280 4530 1349 4575 esse,
1369 4512 1457 4564 territa
1467 4517 1506 4561 est
1520 4511 1546 4560 et
1562 4502 1740 4569 aliquantulum
1752 4512 1790 4550 ee-

1009 4635 1022 4661 ι
1038 4615 1117 4680 ipsam
1126 4612 1219 4664 relata
1242 4608 1343 4673 crapula
1352 4609 1396 4656 aut
1412 4600 1507 4654 insania
1520 4597 1645 4659 colligens,
1656 4606 1670 4641 a
1680 4591 1706 4642 ri
1716 4589 1791 4643 abati·

1008 4725 1020 4749 ι
1036 4705 1124 4761 nuitet
1134 4701 1166 4752 sd
1184 4701 1261 4751 iusso
1272 4688 1414 4753 convertit3
1426 4692 1542 4754 memque
1559 4682 1653 4735 baurim
1664 4681 1741 4739 dixit,
1757 4679 1789 4730 ad

1008 4813 1020 4836 ι
1036 4805 1110 4856 quam
1131 4802 1189 4841 eum
1210 4785 1299 4837 edesse
1314 4781 1428 4839 lubebat,
1450 4780 1494 4826 aut
1511 4783 1625 4824 mursam
1642 4768 1735 4818 diceret
1764 4767 1789 4816 in

1007 4898 1019 4921 ι
1034 4878 1139 4937 iudicio,
1161 4876 1186 4926 iu
1203 4889 1253 4938 quo
1270 4874 1336 4924 idem
1350 4874 1376 4921 et
1395 4868 1524 4919 accusator
1541 4865 1566 4913 et
1588 4858 1660 4910 testis
1677 4860 1703 4907 et
1715 4853 1790 4905 iudex

1007 4988 1019 5012 ι
1035 4981 1066 5017 ac
1079 4979 1159 5032 poenae
1169 4961 1345 5029 magnitudinis
1356 4957 1450 5010 arbiter
1465 4956 1566 5006 iuturus
1578 4953 1640 5002 erat.
1673 4944 1722 4997 sed
1731 4951 1789 4995 cum

1006 5076 1019 5101 ιι
1035 5054 1096 5106 bule
1115 5065 1214 5119 quoquc
1230 5048 1331 5102 conatui
1348 5043 1523 5102 obstitissetis,
1537 5054 1586 5092 non
1607 5037 1638 5087 ad
1654 5034 1786 5128 iudicium,

1007 5165 1020 5189 ιι
1037 5142 1081 5194 scd
1099 5141 1131 5192 ad
1148 5138 1296 5205 supplicium
1312 5135 1436 5186 bominem
1458 5128 1545 5181 vocari
1567 5125 1629 5183 rati,
1650 5122 1718 5188 plebs
1732 5134 1787 5171 am·

1006 5252 1019 5278 ι
1034 5230 1202 5292 madverteus,
1217 5226 1310 5278 nubam
1319 5237 1373 5275 rern
1382 5219 1517 5287 prorsusin
1530 5229 1576 5269 sua
1586 5213 1711 5280 potestate
1723 5220 1786 5268 esse,
