4088 5936
252 417 311 479 202

289 550 358 610 XII.
380 549 473 609 Ταῦτα
480 547 603 627 λέγοντος
614 553 746 612 αὐτοῦκαὶ
756 555 1031 618 καταόαίνεινσίουτε

252 654 326 723 ὄντος
339 653 449 713 ἀπὸτοῦ
463 648 592 728 βήματος,
600 648 704 729 κραυγιίΙ
716 673 745 707 τε
759 648 833 732 παρὰ
843 649 949 708 πάντων
962 649 1032 720 ἐξαί-

254 768 308 810 σιος
332 739 494 820 ἐγένετοκαὶ
518 737 619 809 δεήσεις
640 735 802 817 μεμιγμέναι
824 738 962 817 δάκρυσιν,
986 737 1031 798 ίνα

256 830 321 907 μένῃ
330 852 360 887 τε
369 826 415 887 καὶ
428 825 573 904 διακατέχῃ
587 823 621 882 τὰ
633 825 778 903 πράγματα
791 825 891 902 μηδένα
902 823 1030 893 δεδοικώς.

254 913 370 980 Ἔπειτα
379 911 542 993 ἐγκέλευστοί
550 935 618 979 τινες
632 912 791 992 διειληφότες
799 912 848 985 τήν
860 913 968 994 ἀγοράν,
981 917 1028 992 βα·

254 1006 329 1067 σιλέα
343 1014 425 1065 ποιεῖν
441 1001 518 1061 αὐτὸν
534 998 626 1073 ίόύων,
642 999 688 1059 καὶ
697 1003 839 1079 συγκαλεῖν
852 1002 901 1068 τάς
914 1004 1032 1083 φράτρας

253 1094 339 1166 ἠξίουν
366 1092 411 1151 καὶ
432 1093 518 1171 ψῆφον
540 1088 631 1167 ήτουν.
675 1087 839 1169 ’ἀρξαμένων
867 1089 895 1148 δὲ
917 1090 1029 1160 τούτων,

254 1183 327 1250 εὐθὺς
340 1188 353 1240 θ
367 1181 450 1256 δῆμος
462 1177 531 1245 ἅπας
540 1177 584 1235 ἐπὶ
598 1181 646 1249 τῆς
661 1180 740 1248 αὐτῆς
754 1180 931 1256 προαιρέσεως
942 1178 1030 1257 ἐγεγό-

152 1298 159 1311 ·
253 1295 301 1331 νει.
344 1272 432 1330 Τοῦτο
445 1265 631 1343 καταμαθὼνθ
644 1265 755 1334 Τύλλιος
768 1267 855 1327 οὐκέτι
868 1273 973 1345 παρῆκε
986 1267 1031 1324 τὸν

201 1385 226 1425 10
254 1360 360 1440 καιρὸν,
378 1357 446 1416 illl
461 1356 559 1423 πολλδις
577 1358 664 1424 αὐτοῖς
683 1352 780 1413 εἰδέναι
799 1353 885 1435 φήσας
904 1355 1031 1434 χάριτας,

199 1830 224 1868 15

156 2318 159 2323 .
199 2284 226 2324 λθ

198 2712 225 2751 ab

198 3154 225 3195 30

199 3601 226 3643 at

199 4070 228 4111 40

202 4496 228 4537 ln

201 4938 230 4980 60

252 1451 293 1512 δτι
303 1448 451 1524 μέμνηνται
459 1448 511 1503 τῶν
522 1447 685 1525 εὐεργεσιῶν,
695 1441 789 1501 καλέει
799 1441 907 1501 πλείονα
916 1443 1032 1521 θποσχό·

252 1560 329 1616 μενος
343 1535 430 1612 ἀγαθά
439 1532 576 1605 ποιήσειν,
591 1531 635 1591 tin
647 1531 725 1590 αὐτὸν
737 1531 894 1599 ἀποδείξωσι
908 1529 1032 1609 βασιλέα,

252 1634 376 1707 προεῖπεν
396 1622 498 1702 ἡμέραν
515 1623 708 1700 ἀρχαιρεσιῶν,
735 1622 771 1683 είς
794 1618 827 1690 ἣν
845 1618 966 1677 ἐκέλευσε
985 1618 1031 1675 καὶ

252 1715 312 1781 τοὺς
332 1715 429 1771 ἐκτῶν
446 1712 533 1788 ἀγρῶν
549 1708 667 1774 ἅπαντας
680 1714 814 1787 παρεῖναι.
860 1704 1032 1773 Συνελθόντος

251 1806 279 1863 lt
294 1811 339 1863 τοῦ
351 1801 446 1879 δήμου,
457 1801 546 1857 καλῶν
559 1797 604 1863 τάς
618 1796 743 1877 φράτρας,
756 1795 826 1854 sart
837 1795 900 1872 μίαν
916 1792 1033 1853 ἀνεδίδου

254 1893 300 1960 τθς
315 1892 427 1972 ψήφους.
470 1885 597 1953 Ἀπάσαις
610 1886 637 1945 δί
654 1886 712 1953 ταῖς
731 1884 859 1964 φράτραις
873 1882 970 1964 κριθεὶς
984 1888 1032 1954 τῆς

253 1979 388 2062 βασιλείας
405 1976 489 2049 ἄξιος,
503 1973 710 2055 παραλαμόάνει
723 1975 782 2032 τότε
794 1974 843 2044 τήν
856 1972 942 2054 ἀρχήν
957 1972 1032 2050 παρά

252 2074 297 2129 τοῦ
326 2069 468 2144 δημοτικοῦ
497 2063 630 2140 πλήθους,
643 2061 730 2120 πολλὰ
755 2062 860 2143 χαίρειν
888 2065 921 2139 τῇ
950 2061 1032 2140 βουλῇ

144 2174 147 2179 ’
252 2156 364 2237 φράσας,
384 2155 418 2227 ἣν
435 2155 483 2212 οὐκ
505 2152 615 2224 ήξίωσεν
631 2153 795 2229 ἐπικυρῶσαι
818 2149 853 2209 rt
875 2155 922 2209 τοῦ
947 2148 1032 2225 δήμου
1053 2151 1056 2157 ’

252 2246 389 2326 κρίματα,
411 2240 501 2321 ὥσπερ
529 2243 595 2322 αὐτῇ
614 2248 697 2299 ποιεῖν
712 2239 767 2306 έθος
786 2230 832 2310 {iu}
874 2241 977 2299 Τοῦτον
999 2238 1032 2307 δή

253 2334 297 2392 τὸν
311 2330 409 2413 τρόπον
425 2330 469 2407 ἐπὶ
484 2328 531 2401 τήν
548 2329 684 2407 βασιλείαν
701 2326 856 2406 παρελθὼν,
867 2329 972 2388 πολλῶν
984 2327 1032 2402 μὲν

253 2420 298 2480 καί
314 2421 402 2480 ἄλλων
421 2418 622 2496 πολιτευμάτων
647 2416 789 2494 εἰσηγητής
805 2414 925 2494 ἐγένετο,
949 2420 1033 2495 μέγαν

254 2509 281 2570 al
298 2511 344 2571 καί
356 2509 435 2586 λόγου
453 2506 523 2576 ἀξιον
547 2505 695 2584 ἐπολέμησε
711 2503 775 2583 πρὸς
784 2502 937 2583 Τυρρηνούς
950 2503 1033 2563 πόλε-

254 2620 314 2677 μον.
359 2598 512 2672 Ποιήσομαι
536 2595 565 2655 δέ
578 2595 640 2679 περὶ
660 2597 720 2672 τῶν,
735 2593 936 2672 πολιτευμάτων
952 2593 1032 2653 αὐτοῦ

253 2689 357 2767 πρῶτον
370 2685 428 2751 τοθς
441 2684 544 2764 λόγους.

293 2774 371 2836 ΧΙίΙ.
399 2774 481 2840 little
502 2770 560 2850 ἀμα
575 2774 613 2851 τῷ
628 2770 794 2852 παραλαόεῖν
804 2769 852 2844 τὴν
864 2768 961 2850 ἀρχὴν,
975 2769 1031 2829 διέ-

254 2886 326 2942 νειμε
349 2864 395 2933 τήν
412 2861 541 2940 δημοσίαν
553 2862 645 2942 χώραν
659 2885 712 2928 τοις
724 2861 863 2932 θητεύουσι
875 2860 1029 2935 Ῥωμαίων.

251 2949 368 3012 Ἔπειτα
384 2951 443 3016 τοθς
457 2951 550 3028 νόμους
561 2949 619 3014 τούς
634 2973 662 3009 τε
677 2948 900 3017 συναλλακτικοὺς
914 2948 959 3007 καί
973 2946 1033 3016 τοθς

251 3039 312 3121 περί
339 3043 392 3100 τῶν
408 3039 582 3119 ἀδικημάτων
607 3037 759 3117 ἀπεκύρωσε
789 3042 847 3105 ταῖς
881 3038 1032 3119 φράτραις·

252 3121 319 3203 ήσαν
334 3129 361 3189 δὲ
382 3128 546 3196 πεντήκοντά
570 3150 623 3187 που
649 3127 765 3204 μαλιστα
779 3127 825 3186 τὸν
840 3126 969 3206 ἀριθμὸν,
996 3116 1033 3185 ὧν

252 3219 325 3281 οὐδὲν
351 3219 444 3298 δέομαι
474 3222 623 3297 μεμνῆσθαι
649 3217 718 3275 κατά
741 3217 773 3275 τὸ
797 3217 893 3295 παρόν.
937 3218 980 3296 Τῇ
1003 3238 1032 3273 τε

253 3307 329 3367 πόλει
343 3310 490 3387 προσέθηκε
505 3305 551 3365 δύο
572 3304 682 3383 λόφους,
695 3304 740 3363 τόν
753 3327 782 3363 τε
797 3305 971 3380 Οὐιμινάλιον
986 3326 1033 3361 κα-

252 3394 377 3473 λούμενον
392 3396 495 3456 καὶτὸν
515 3394 688 3463 Ἐσκυλῖνον,
708 3382 745 3449 ὧν
761 3393 883 3471 ἑκάτερος
898 3391 1032 3469 ἀξιολόγου

252 3482 353 3551 πόλεως
368 3481 425 3562 ἔχει
440 3484 563 3561 μέγεθος,
574 3481 622 3539 καί
641 3480 768 3555 διένειμεν
784 3478 878 3546 αὐτοὺς
892 3480 947 3547 τοῖς
969 3483 1032 3538 ἀνε-

253 3571 334 3640 στίοις
355 3571 498 3647 Ῥωμαίων
518 3569 601 3637 οἰκίας
627 3572 880 3629 κατασκευάσασθαι
902 3570 1033 3643 ἐνταῦθα,

253 3663 301 3723 καὶ
320 3660 398 3729 αύτθς
412 3661 555 3733 ἐποιήσατο
567 3658 614 3730 τήν
629 3658 730 3730 οἴκησιν
744 3661 771 3718 ἐν
784 3662 823 3740 τῷ
839 3658 973 3739 κρατίστῳ
986 3664 1033 3731 τῆς

165 3829 169 3836 ¹
254 3751 488 3833 Ἐσκυλίαςτόπιρ.
530 3740 767 3827 Οὗτοςδβασιλεθς
777 3749 925 3815 τελευταῖος
934 3747 1032 3822 ηύξησε

254 3842 299 3901 τὀν
314 3840 450 3922 περίύολον
465 3843 512 3910 τῆς
523 3836 707 3909 ellesmot<
723 3837 770 3896 δύο
782 3845 837 3904 τοῖς
850 3836 929 3895 πέντε
947 3859 1033 3917 προσ·

257 3931 308 3998 θείς
316 3932 415 4012 λόφοις,
424 3926 639 4008 ὀρνιθευσάμενός
651 3949 689 3997 τε,
702 3929 737 3993 ὡς
747 3927 824 4003 νόμος
834 3916 880 4003 ήν,
891 3925 936 3984 καὶ
947 3926 1032 3985 τᾶλλα

256 4019 290 4076 τά
308 4020 372 4098 πρὸς
391 4018 462 4086 θεοὺς
476 4019 535 4077 όσια
555 4014 774 4095 διαπραξάμενος.
818 4014 983 4095 Προσωτέρω
1004 4016 1031 4075 δὲ

256 4104 344 4163 ούκέτι
357 4108 486 4184 προῆλθεν
496 4109 514 4176 ἡ
524 4103 675 4174 κατασκευὴ
685 4108 732 4177 τῆς
743 4104 854 4174 πόλεως,
863 4104 909 4161 οὐκ
921 4103 1032 4179 ἐῶντος,

256 4190 291 4260 ὥς
305 4214 382 4274 φασι,
401 4199 447 4252 τοῦ
461 4195 612 4270 δαιμονίου·
629 4195 688 4253 ἀλλ’
703 4193 774 4254 ἔστιν
794 4191 901 4252 ἀπαντα
915 4191 949 4251 τθ
971 4196 1033 4275 περὶ

256 4282 304 4355 τήν
318 4282 394 4340 πόλιν
408 4281 548 4360 οἰκούμενα
562 4284 659 4366 χοιρία,
671 4282 735 4344 όντα
756 4281 843 4344 πολλὰ
856 4281 902 4341 καί
917 4283 1032 4362 μεγάλα,

255 4371 343 4451 γυμνδι
362 4372 407 4429 καὶ
423 4370 571 4451 ἀτείχιστα,
586 4372 631 4433 καί
652 4376 736 4455 ῥᾷστα
758 4368 893 4446 πολεμίοις
915 4372 1032 4430 ἐλθοῦσιν

258 4460 399 4544 ὑποχείρια
414 4458 551 4539 γενέσθαι·
566 4461 611 4519 καὶ
626 4462 648 4520 εί
665 4461 713 4536 μὲν
728 4464 763 4527 εἰς
774 4457 857 4519 ταῦτά
870 4481 909 4525 τις
925 4461 993 4539 δρῶν
1003 4459 1034 4518 τό

257 4550 362 4630 μέγεθος
377 4548 503 4619 ἐξετάζειν
516 4547 673 4628 βουλήσεται
685 4554 734 4620 τῆς
747 4547 868 4623 Ῥώμης,
882 4548 1034 4608 πλανᾶσθαί

255 4663 285 4701 τε
309 4638 552 4717 ἀναγκασθήσεται,
569 4639 613 4697 καὶ
640 4640 691 4719 οὐχ
715 4638 766 4708 ἔξει
793 4636 899 4716 βέύαιον
923 4637 1033 4712 σημεῖον

255 4727 347 4802 cdliv,
369 4719 391 4810 ᾧ
417 4728 591 4808 διαγνώσεται
611 4729 691 4808 μέχρι
718 4733 764 4787 τοῦ
790 4725 970 4807 προόαίνουσα
994 4726 1034 4785 ότι

257 4824 332 4891 πόλις
354 4825 428 4900 iuri,
452 4826 497 4887 καί
511 4826 590 4888 πόθεν
614 4828 725 4907 ἄρχεται
749 4823 845 4904 μηκέτι
864 4816 930 4886 ε’ίναι
943 4824 1035 4892 πόλις·

259 4914 328 4972 οθτω
352 4916 513 4998 συνύφανται
531 4917 562 4976 τό
583 4916 649 4976 ἀστυ
674 4940 707 4994 τη
726 4915 803 4997 χώρφι
832 4913 877 4975 καί
897 4917 932 4978 είς
957 4913 1036 4973 ἄπει·

261 5025 305 5082 ρον
320 5004 535 5083 ἔκμηκυνομένης
553 5004 655 5073 πόλεως
674 5002 806 5085 ὑπόληψιν
826 5010 880 5070 τοῖς
898 5001 1038 5078 θεωμένοις

259 5090 416 5170 παρέχεται.
432 5097 466 5154 Ei
481 5095 508 5154 δδ
531 5098 569 5174 τῷ
588 5094 670 5174 τείχει
684 5097 723 5174 τῷ
747 5092 894 5172 δυσευρέτῳ
908 5091 956 5169 μίν
982 5090 1038 5151 dms

258 5177 303 5238 διδ
317 5179 364 5245 τίς
384 5181 632 5260 περιλαμόανούσας
647 5182 712 5242 edri
723 5180 888 5259 πολλαχόθεν
904 5178 1037 5252 οἰκήσεις,

256 5266 319 5348 ἴχνη
339 5267 368 5328 δέ
381 5290 441 5328 τινα
461 5270 617 5350 φυλάττοντι
638 5271 708 5330 κατὰ
738 5270 851 5337 πολλοὺς
872 5268 968 5336 τόπους
990 5272 1037 5341 τῆς

772 425 944 486 DlONYStl
963 427 1344 490 HALICARNASSENSIS

1116 571 1173 620 llll.
1188 572 1248 621 linc
1264 583 1296 621 eo
1312 570 1409 621 dicente
1423 570 1450 621 et
1468 570 1501 621 de
1515 569 1634 622 tribunali
1648 571 1798 625 dmcendere
1815 574 1866 626 iarn

1086 672 1195 734 parante,
1209 670 1341 720 clamorem
1350 669 1474 734 ingentem
1480 682 1568 720 omncs
1580 669 1743 732 sustulerunt,
1758 685 1866 737 eumque

1086 767 1243 832 precaricum
1255 766 1365 818 lacrimis
1379 770 1510 832 coepernut
1523 772 1552 818 ut
1564 771 1687 829 maneret,
1703 773 1729 820 et
1741 771 1866 824 neminem

1085 870 1201 918 metuens
1234 866 1376 931 reipublicae
1412 866 1581 929 gubernacula
1610 868 1737 921 retineret.
1771 871 1866 922 Deinde

1085 959 1187 1024 quidam
1200 960 1327 1012 subornati
1341 961 1366 1012 ln
1378 962 1454 1012 variis
1478 961 1524 1013 lori
1537 962 1649 1027 partibus
1665 965 1865 1018 vociferabantur

1085 1073 1143 1111 eum
1152 1074 1234 1124 regern
1246 1061 1387 1121 creandum,
1398 1066 1424 1111 et
1437 1063 1554 1125 potebant
1565 1066 1594 1113 ut
1606 1062 1684 1113 curia
1695 1077 1864 1118 convocaren-

1085 1159 1534 1224 tunetpostulabantutiusutlragia
1545 1159 1710 1215 mitterentur.
1744 1165 1867 1227 Aquibus

1084 1257 1154 1341 initio
1170 1259 1253 1319 lactc,
1271 1272 1330 1308 mox
1346 1258 1415 1323 plebs
1432 1259 1548 1309 uniuersa
1562 1258 1587 1309 in
1599 1260 1702 1310 eandem
1717 1263 1866 1315 seutentiam

1085 1356 1220 1408 inclinauit.
1250 1358 1304 1407 Hac
1323 1371 1350 1407 re
1365 1356 1471 1422 cognita,
1487 1357 1583 1409 Tullius
1596 1371 1645 1409 nou
1667 1358 1774 1424 amplius
1790 1362 1867 1413 tatem
1917 1402 1922 1409 .

1085 1452 1239 1505 comsionem
1248 1453 1314 1504 elabi
1329 1454 1416 1518 passui
1433 1457 1487 1516 σοις
1508 1454 1563 1514 scd,
1574 1468 1633 1505 cum
1646 1468 1760 1521 magnam
1777 1457 1867 1517 seillts

1085 1551 1178 1602 babere
1201 1550 1306 1615 gratiam
1320 1551 1397 1613 dixit,
1415 1550 1484 1618 quod
1512 1551 1690 1604 beneficiorum
1705 1559 1866 1620 acceptorum

1085 1647 1169 1694 esseut
1181 1656 1311 1705 memores,
1332 1644 1403 1708 longe
1425 1645 1496 1707 plura
1519 1645 1659 1710 pollicitus,
1689 1647 1710 1696 si
1736 1660 1763 1698 se
1783 1660 1866 1710 regem

1085 1739 1226 1799 creassent,
1237 1737 1340 1789 etdiem
1355 1738 1512 1789 comitiorum
1530 1739 1620 1792 indixit
1632 1778 1639 1800 ,
1656 1739 1776 1807 adquam
1790 1742 1865 1794 ctiam

1085 1844 1169 1882 omncs
1183 1846 1213 1883 ex
1228 1832 1295 1896 egris
1310 1833 1395 1885 venire
1412 1832 1491 1885 iussit.
1528 1835 1592 1885 curn
1608 1834 1684 1898 igitur
1698 1836 1805 1900 populus
1821 1850 1866 1887 cu·
1917 1831 1922 1841 '

1087 1927 1167 1977 riatim
1185 1928 1349 1989 convenisset,
1372 1929 1474 1993 singulis
1491 1928 1567 1979 curtis
1591 1929 1712 1995 sultragia
1728 1930 1865 1982 distribuit.

1086 2022 1294 2075 Omniumautem
1306 2024 1433 2087 sutlragiis
1445 2037 1520 2087 regno
1533 2023 1624 2089 dignus
1633 2025 1783 2076 iudicatusa
1795 2027 1867 2092 plebe

1086 2132 1189 2182 regnum
1199 2120 1305 2184 accepit.
1324 2121 1437 2184 patribus
1450 2120 1597 2186 conscriptis
1609 2121 1691 2173 valere
1704 2121 1787 2186 iussis,
1803 2112 1867 2187 quos

1086 2214 1208 2280 plebisciti
1222 2219 1337 2267 auctores
1354 2217 1408 2267 lieri
1423 2220 1453 2266 ut
1471 2219 1551 2268 lacere
1567 2218 1781 2271 solebantnolnit.
1813 2221 1867 2269 iloc
1921 2276 1925 2281 ,

1087 2311 1160 2372 igitur
1183 2311 1260 2361 modo
1286 2311 1488 2376 regnantibus,
1511 2315 1603 2377 praetcr
1631 2313 1709 2364 multa
1734 2312 1792 2371 aba.
1809 2326 1867 2377 quoa

1085 2406 1112 2457 in
1137 2406 1262 2470 republica
1280 2408 1400 2473 praeclare
1415 2407 1534 2469 instituit,
1546 2421 1663 2473 magnum
1680 2408 1757 2460 etiam
1777 2410 1803 2458 et
1817 2422 1869 2460 me·

1087 2501 1205 2553 morabilc
1218 2502 1312 2553 bellum
1332 2516 1390 2553 cum
1407 2503 1521 2554 Etruscis
1533 2505 1619 2568 gessit.
1645 2503 1696 2554 Sed
1713 2502 1823 2568 primum
1836 2503 1868 2557 de

1086 2594 1162 2645 rebus
1187 2607 1253 2659 quas
1269 2594 1294 2644 in
1306 2595 1450 2660 reipublice
1458 2595 1670 2649 administratione
1683 2598 1743 2662 egit,
1760 2599 1868 2649 mentio·

1087 2702 1143 2742 nem
1166 2688 1264 2740 taniam.

1119 2796 1185 2846 xiil.
1203 2794 1291 2846 statim
1299 2795 1594 2863 simulatqueimperlnm
1606 2798 1712 2863 adeptus
1721 2802 1768 2860 est,
1783 2811 1871 2863 agrurn

1086 2898 1217 2965 publicum
1227 2899 1313 2951 divisit
1325 2900 1420 2951 civibus
1430 2902 1554 2962 Romanis,
1567 2902 1612 2966 qui
1623 2902 1656 2952 ob
1672 2905 1805 2967 egestatem
1816 2902 1870 2954 aliis

1089 3004 1202 3054 mercede
1220 3004 1376 3065 serviebant;
1402 3003 1491 3055 deiude
1509 3006 1576 3069 teges
1597 3006 1629 3056 de
1655 3006 1821 3058 contractibus
1842 3012 1871 3058 et

1089 3107 1185 3160 iniuriis
1206 3107 1273 3169 tulit,
1293 3121 1355 3172 quas
1370 3108 1472 3159 cunetis
1490 3109 1596 3160 comitiis
1612 3111 1680 3161 ratas
1693 3109 1761 3165 tecit.
1794 3113 1873 3162 Erant

1087 3209 1171 3257 autem
1196 3205 1381 3270 quinquaginta,
1405 3218 1512 3271 quarum
1530 3207 1682 3259 mentionem
1702 3209 1784 3260 lacere
1803 3222 1872 3261 nuuc

1087 3303 1188 3367 quidem
1202 3316 1250 3354 non
1264 3316 1327 3367 opos
1337 3307 1381 3354 est.
1423 3302 1485 3354 Urbi
1498 3304 1594 3355 addidit
1610 3305 1674 3356 duos
1693 3307 1778 3369 colles,
1793 3306 1874 3359 vimi-

1087 3400 1169 3452 nalem
1182 3404 1206 3450 et
1223 3400 1394 3463 Esquilinum,
1410 3414 1516 3463 quorum
1535 3403 1640 3466 uterque
1655 3406 1694 3454 est
1711 3404 1783 3454 iustu
1801 3403 1874 3456 urbis

1088 3498 1271 3564 magnitudine,
1287 3512 1380 3565 eosque
1395 3498 1481 3550 divisit
1504 3499 1601 3551 ciuibus
1615 3502 1741 3562 llomanis,
1763 3502 1874 3566 quisine

1088 3599 1182 3650 turibus
1195 3600 1275 3657 erant,
1300 3599 1330 3648 ut
1353 3596 1387 3647 ibi
1410 3598 1479 3648 mdes
1495 3597 1660 3658 edificarent,
1684 3603 1710 3649 et
1735 3600 1787 3663 ipse
1810 3612 1874 3664 quo·

1088 3710 1136 3763 que
1147 3696 1182 3746 ibi
1196 3694 1268 3746 sedes
1282 3707 1341 3745 suas
1353 3694 1434 3758 posuit
1445 3694 1470 3744 in
1479 3693 1615 3744 editissimo
1630 3695 1797 3758 Esquiliarum
1806 3696 1876 3754 loco.

1088 3797 1135 3847 liic
1148 3809 1192 3846 rex
1206 3793 1425 3858 postremusurbls
1439 3792 1558 3844 ambitum
1570 3793 1650 3853 auxit,
1665 3794 1757 3846 additis
1772 3797 1874 3851 duobus

1088 3894 1128 3946 bis
1137 3893 1241 3945 collibus
1256 3893 1290 3944 ad
1303 3892 1413 3957 qulnque
1425 3892 1480 3942 illos
1496 3891 1645 3956 superiores,
1659 3894 1789 3958 auspicato
1801 3898 1827 3948 et
1841 3909 1874 3947 re

1088 3992 1223 4048 divinant
1242 4004 1297 4041 mos
1318 3989 1421 4050 terebat,
1443 3989 1490 4040 rite
1516 3992 1622 4052 peracta.
1656 3990 1766 4041 Ulterius
1784 3994 1873 4045 autem

1088 4088 1158 4139 urbis
1171 4087 1278 4138 ambitus
1297 4101 1345 4138 nou
1368 4086 1504 4152 processit,
1524 4087 1581 4149 deo,
1601 4092 1630 4139 ut
1645 4089 1725 4147 aiunt.
1748 4102 1797 4139 non
1816 4102 1874 4154 per·

1087 4188 1200 4239 mittente
1211 4206 1217 4236 ι
1228 4186 1271 4236 sed
1281 4185 1361 4235 omnir
1371 4185 1498 4246 suburbia,
1509 4198 1566 4249 qum
1578 4186 1650 4252 longe
1658 4186 1757 4251 lateque
1771 4191 1869 4252 patent,

1088 4288 1188 4354 penitus
1199 4284 1267 4335 nuda
1276 4286 1303 4336 et
1311 4283 1441 4334 immunita
1455 4286 1527 4336 sunt.
1539 4288 1565 4335 et
1578 4285 1610 4335 ab
1624 4283 1741 4336 hostibus
1755 4286 1872 4339 lucillirnc

1088 4388 1114 4439 iu
1124 4385 1272 4450 potestatem
1287 4381 1364 4447 redigi
1375 4386 1480 4447 possunt
1490 4399 1497 4441 ;
1515 4386 1541 4434 et
1553 4383 1575 4435 si
1587 4382 1644 4447 quis
1660 4384 1714 4435 broc
1727 4383 1870 4449 adspiciens

1088 4488 1173 4536 Rome
1180 4481 1366 4547 amplitudinem
1376 4482 1490 4544 colligere
1500 4481 1569 4542 velit,
1577 4482 1663 4546 procrd
1673 4481 1750 4533 dubio
1762 4483 1871 4545 falletur,

1089 4598 1171 4649 neque
1189 4586 1286 4634 eertum
1307 4580 1386 4632 ubam
1409 4580 1507 4644 signnm
1531 4579 1648 4644 babebit,
1666 4595 1717 4646 quc
1743 4579 1873 4647 dignoscat

1090 4692 1221 4744 quousque
1232 4679 1295 4729 urbs
1313 4675 1493 4743 progrediatur,
1509 4678 1534 4727 et
1546 4678 1588 4729 obl
1605 4678 1667 4729 urbs
1679 4691 1735 4730 esse
1751 4678 1868 4731 desinat:

1093 4779 1155 4830 adeo
1166 4790 1224 4828 cum
1233 4775 1337 4828 urbanis
1349 4773 1462 4825 redidciis
1477 4772 1531 4838 lpsa
1548 4773 1668 4825 suburbia
1683 4787 1748 4826 nexu
1761 4775 1871 4839 quodam

1092 4882 1212 4945 perpetuo
1223 4874 1348 4927 cohaerent
1360 4914 1366 4937 ,
1379 4878 1405 4926 et
1423 4873 1606 4939 spectatoribus
1619 4874 1686 4925 orbis
1707 4875 1731 4924 in
1743 4874 1868 4927 intinitern

1092 4977 1269 5043 longitudinem
1286 4977 1408 5040 porrecte
1420 4977 1533 5041 spectem
1556 4977 1582 5024 et
1596 4972 1734 5038 opinionem
1753 4973 1872 5039 probent.

1092 5072 1166 5132 Quod
1174 5073 1196 5124 si
1204 5086 1262 5123 reru
1271 5071 1495 5137 quisamptitudlne
1502 5084 1642 5133 murorum,
1652 5072 1696 5135 qui
1703 5073 1807 5124 uveam
1813 5069 1870 5135 qul·

1093 5169 1870 5234 demdilticilessuutobmultamdlticiacobaemutiaetuodique

1093 5274 1230 5333 exstructa,
1243 5270 1288 5323 sed
1303 5269 1388 5322 multis
1398 5269 1423 5319 in
1439 5269 1498 5322 locis
1512 5270 1615 5335 vestigia
1627 5271 1721 5322 veteris
1737 5271 1870 5323 nmcrnrrr
