4088 5936
251 400 310 461 θθθ
776 391 947 454 DIONYSII
970 387 1351 451 HXLICAIINASSENSIS

253 560 266 585 ι
284 531 332 608 μίν
348 535 393 603 τῆς
408 529 556 610 Ταρκυνίου
570 526 719 597 πλεονεξίας
731 524 843 593 πολλοὺς
866 526 1032 604 ἀναιρεῖσθαι

254 649 266 673 α
284 619 431 695 πολέμους,
448 618 509 695 περὶ
533 616 560 676 δὲ
582 619 628 687 τῆς
643 615 741 674 ίαυτῶν
759 611 904 692 ἐλευθερίας
924 610 1032 689 μηδίνα.

295 708 452 771 LXXXIII.
479 726 493 762 ι
517 704 596 765 Τῖσιν
619 694 663 762 οδν
683 704 814 783 ἀφορμαῖς
834 702 871 768 είς
891 700 925 762 cl
947 699 1031 781 πράγ·

256 824 268 850 ι
286 820 358 873 ματα
385 792 558 876 χρησόμεθα,
579 790 624 851 καί
647 791 735 858 ποίαις
759 788 938 870 συμμαχίαις
957 794 1035 847 τοῦτο

213 910 227 947 ο
256 912 269 938 ε
283 885 334 966 γάρ
348 884 438 945 λοιπὸν
463 884 554 942 εἰπεῖν.
599 878 723 960 Πρώταις
745 878 793 957 μίν
808 886 866 947 ταῖς
884 877 957 960 παρά
982 880 1034 936 τῶν

256 997 268 1025 ε
282 978 346 1032 θεῶν
358 973 473 1044 ἐλπίσιν,
488 959 525 1028 ῶν
537 968 596 1050 ίερά
610 970 655 1027 καὶ
670 967 767 1044 τεμένη
782 969 828 1027 καὶ
840 965 943 1046 βωμοὺς
955 963 1034 1043 μιαί-

256 1088 269 1115 a
285 1084 324 1122 νει
347 1061 491 1142 Ταρκύνιος
511 1060 568 1127 ταῖς
588 1057 757 1140 αἱμοφύρτοις
774 1057 851 1138 χερσὶ
872 1054 918 1114 καί
939 1054 1036 1123 παντός

258 1177 270 1205 ι
287 1151 413 1233 ἐμφυλίου
427 1147 568 1227 γεμούσαις
583 1147 669 1225 ἄγους,
682 1150 778 1206 θυσιῶν
799 1146 845 1205 καί
856 1146 974 1204 σπονδῶν
990 1167 1035 1203 κα·

258 1240 461 1322 ιταρχόμενος·
476 1237 567 1297 ἔπειτα
585 1240 642 1301 ταῖς
664 1234 690 1305 ἐξ
708 1239 784 1313 ἡμῶν
803 1236 889 1294 αὐτῶν
908 1232 962 1293 οὔτ’
980 1232 1035 1291 θλί-

205 1358 231 1397 Iu
258 1352 338 1408 ιγων
358 1328 440 1387 ὄντων
455 1324 509 1386 οὔτ’
524 1323 639 1405 ἀπείρων
655 1324 786 1401 πολέμου·
809 1321 873 1403 πρδς
887 1321 915 1382 δὲ
935 1321 1036 1389 τούτοις

256 1445 270 1472 ι
284 1426 342 1481 ταῖς
356 1416 430 1498 παρά
452 1420 505 1475 τῶν
519 1414 670 1492 συμμάχων
694 1410 864 1493 ἐπικουρίαις,
886 1409 911 1470 οἳ
930 1410 968 1488 μὴ
987 1434 1035 1470 κα-

257 1532 271 1561 ι
286 1505 400 1566 λούντων
417 1503 464 1581 μίν
486 1505 563 1579 ἡμῶν
583 1500 657 1561 οὐδὲν
679 1499 818 1569 ἀξιώσουσι
843 1500 1036 1579 πολυπραγμο·

257 1625 269 1648 ι
285 1603 348 1669 νεῖν,
362 1594 407 1654 ilo
420 1595 444 1653 δ’
459 1595 553 1673 ἀρετῆς
572 1593 654 1669 δρῶσι
670 1588 908 1668 μεταποιουμένους
927 1587 1036 1665 ἀσμενοι

258 1712 270 1739 ι
288 1688 461 1760 συναροῦνται
473 1690 518 1741 τοῦ
527 1680 653 1757 πολέμου.
664 1677 792 1758 Ἰὐραννίς
802 1677 941 1758 γάρπάσιν
954 1677 1036 1757 ἐχθρά

203 1800 228 1841 Is
258 1784 338 1841 «τοῖς
365 1771 530 1853 βουλομένοις
550 1767 690 1848 ἐλευθέροις
717 1757 794 1829 εἶναι,
861 1768 895 1826 EI
915 1766 942 1825 δι’
970 1790 1037 1834 τινες

258 1866 361 1938 «ὑμῶν
387 1860 446 1926 τοὺς
471 1857 515 1916 ἀπὶ
537 1856 712 1936 στρατοπέδου
734 1854 858 1922 συνόντας
880 1852 938 1931 δίμα
959 1856 1037 1932 Ταρ-

257 1977 269 2001 a
284 1948 365 2031 κυνίιρ
380 1945 490 2014 πολίτας
513 1946 671 2017 δεδοίκασιν,
688 1949 723 2014 ώς
743 1947 833 2027 ἀκείνιρ
854 1944 902 2022 μίν
918 1968 1036 2022 συναγω·

257 2064 269 2090 ι
287 2035 453 2114 νιουμίνους,
470 2038 531 2110 ὑμῖν
551 2033 578 2091 ti
604 2033 812 2108 πολεμήσοντας,
838 2035 885 2093 οὐκ
900 2035 981 2114 ὀρθῶς
993 2033 1036 2091 δε-

256 2124 398 2185 ιδοίκασι.
452 2125 552 2202 Βαρεῖα
575 2119 626 2199 γάρ
653 2120 781 2187 κάκείνοις
802 2125 820 2193 ἡ
844 2122 974 2201 τυραννίς,
991 2121 1037 2177 καὶ

202 2229 229 2270 2⁰
255 2241 268 2266 ι
285 2213 397 2295 ἔμφυτος
418 2210 516 2270 ἀπασιν
545 2208 689 2285 ἀνθρώποις
719 2212 799 2281 θτῆς
819 2209 964 2287 ἐλευθερίας
983 2208 1035 2266 πό-

256 2328 268 2356 a
287 2307 345 2374 θος,
360 2299 405 2359 καί
424 2308 499 2359 πᾶσα
514 2297 662 2375 μεταθολῆς
686 2297 815 2377 πρόφασις
831 2304 884 2363 τοῖς
903 2296 938 2355 δι’
951 2295 1035 2374 ἀνάγ-

256 2412 333 2461 ικην
357 2391 569 2468 ταλαιπωροῦσιν
602 2386 693 2458 ίκανή·
713 2383 770 2456 οθς,
800 2386 822 2443 εί
843 2385 981 2466 ψηφιεῖσθι
1002 2389 1036 2463 τῇ

256 2504 268 2529 α
284 2476 392 2557 πατρίδι
418 2479 539 2555 βοηθεῖν,
556 2477 585 2534 οὐ
600 2472 678 2555 φόθος
694 2476 708 2532 i
727 2472 841 2540 καθέξειν
868 2470 943 2530 ἔσται
961 2472 1036 2551 παρὰ

257 2567 337 2635 «τοῖς
353 2566 497 2647 τυράννοις,
513 2565 543 2623 οθ
559 2563 646 2642 χάρις,
660 2563 710 2641 οὐχ
725 2559 811 2639 ἕτερόν
827 2581 853 2619 τι
867 2564 920 2618 τῶν
947 2562 1036 2639 βιαζο-

202 2681 229 2720 ns
258 2658 372 2731 «μένων
406 2651 424 2723 ἢ
450 2652 591 2711 πειθόντων
620 2649 770 2729 ἀνθρώπους
809 2648 842 2707 τδι
875 2648 912 2723 μὴ
947 2646 1036 2706 δίκαια

257 2768 270 2796 α
289 2744 425 2823 πράττειν.
468 2743 502 2801 Εἰ
523 2740 551 2799 δι’
567 2763 633 2798 τισιν
655 2742 740 2798 αὐτῶν
756 2738 807 2819 ἀρα
823 2736 866 2797 ici
887 2740 971 2807 κακὴν
986 2735 1036 2819 φύ-

258 2859 269 2883 α
287 2854 327 2889 σιν
346 2829 364 2902 ἢ
380 2827 497 2906 πονηράς
513 2827 607 2908 τροφάς
629 2827 659 2886 τὸ
681 2825 867 2908 φιλοτύραννον
888 2825 1035 2904 ἐμπέφυκεν

257 2946 269 2973 a
283 2922 312 2978 οὐ
322 2921 427 2985 πολλοῖς
441 2909 498 2978 σθαι
512 2914 550 2993 μά
562 2915 624 2989 Δία,
639 2915 766 2994 μεγάλαις
780 2915 825 2975 καὶ
836 2915 942 2983 τούτους
955 2912 1036 2992 ἀνάγ·

257 3030 344 3074 «καις
357 3006 517 3082 ίνζεύξομεν,
540 3003 603 3063 ὥστ’
631 3006 661 3062 In
675 3007 796 3082 πονηρῶν
816 3002 935 3081 γενέσθαι
953 3026 1037 3085 χρησ-

204 3112 232 3152 ao
259 3096 353 3162 ατούς.
369 3093 484 3173 Ὅμηρε
495 3093 546 3171 γάρ
562 3094 647 3152 αθτῶν
663 3091 759 3171 ἔχομεν
774 3093 800 3149 όν
817 3096 850 3172 τῇ
868 3091 943 3150 πόλει
957 3091 1036 3151 τέκνα

259 3184 333 3242 ικαὶ
351 3182 479 3261 γυναῖκας
503 3185 549 3240 καί
563 3187 662 3258 γονεῖς,
691 3177 709 3237 θ
734 3177 878 3259 τιμιώτερα
903 3182 951 3251 τῆς
970 3178 1037 3247 ἰδίας

262 3271 361 3330 uinis
377 3270 481 3349 ἑκάστῳ
504 3271 602 3350 ψυχῆς.
646 3270 672 3329 Τ
674 3266 742 3326 α’ύτά
757 3271 780 3324 τ’
796 3258 840 3326 ούν
859 3268 946 3334 αὐτοῖς
970 3270 1036 3327 ἀπο-

258 3384 270 3410 ε
286 3358 388 3432 δώσειν,
399 3359 443 3417 ἐὰν
455 3360 593 3416 ἀποστῶσι
607 3360 659 3415 τῶν
671 3357 812 3435 τυράννων,
824 3354 1036 3434 ὑπισχνούμενοι,

258 3447 331 3505 ικαὶ
353 3447 441 3505 άδειαν
463 3436 499 3504 ῶν
521 3445 641 3524 ἥμαρτον
663 3441 835 3527 ψηφιζόμενοι
859 3444 954 3524 ῥαδίως
980 3444 1037 3502 πεί-

203 3560 230 3600 35
257 3558 378 3613 ισομεν.
422 3534 511 3594 Ὥστε
528 3538 693 3616 θαρροῦντες,
718 3523 740 3593 ῶ
764 3533 888 3610 δημόται,
906 3532 952 3592 καί
966 3537 1037 3612 ἀγα-

257 3625 331 3692 cot<
348 3625 452 3706 ἔχοντες
473 3624 539 3702 ὑπὲρ
562 3627 615 3683 τῶν
631 3624 779 3701 μελλόντων
801 3624 909 3691 ἐλπίδας
924 3633 1037 3706 χωρεῖτε
1066 3622 1067 3627 ’

256 3714 349 3793 ιπρδς
376 3713 419 3772 τὸν
442 3715 546 3792 ἀγῶνα,
565 3713 706 3771 κάλλιστον
738 3704 774 3772 ῶν
801 3710 908 3772 πώποτε
935 3713 1035 3795 ἤρασθε

256 3801 407 3883 επολίμων
422 3802 497 3860 τόνδε
521 3799 738 3878 ὑποστησόμενοι.
790 3798 884 3879 Ἡμεῖς
906 3800 952 3876 μίν
972 3793 1035 3879 οθν,

258 3880 306 3950 ιώ
331 3893 384 3952 θεοὶ
410 3892 541 3970 πατρῷοι,
570 3888 682 3970 φύλακες
705 3889 798 3968 ἀγαθοί
820 3890 895 3962 τῆςδε
925 3893 1038 3969 τῆςγῆς

203 4006 230 4045 ιο
258 3981 330 4039 ικαὶ
354 3980 486 4056 δαίμονες,
508 3977 533 4037 oI
557 3975 617 4045 τοὺς
637 3977 753 4058 πατέρας
781 3980 856 4054 ἡμῶν
876 3978 1034 4058 λελόγχατε,

258 4094 270 4117 ο
288 4068 333 4126 καί
346 4068 421 4135 πόλις
435 4067 623 4148 θεοφιλεστάτη
638 4065 740 4126 πόλεων
753 4114 761 4145 ,
783 4072 809 4128 ἐν
828 4059 846 4142 ᾖ
864 4068 990 4145 γενέσεώς
1006 4092 1037 4126 τε

259 4182 271 4205 ι
290 4154 334 4213 καί
354 4161 450 4235 τροφῆς
465 4156 613 4237 ἐτύχομεν,
631 4158 782 4234 ἀμυνοῦμεν
807 4161 870 4234 ὑμῖν
894 4158 940 4218 καί
965 4156 1036 4233 γνώ-

258 4272 270 4299 ι
288 4266 351 4323 μαις
370 4246 415 4302 καὶ
433 4244 520 4321 λόγοις
534 4245 580 4305 καί
605 4246 683 4328 χερσί
701 4248 747 4306 καί
764 4250 879 4328 ψυχαῖς,
902 4247 948 4307 καί
964 4248 1037 4306 πάσ-

258 4360 271 4385 ι
284 4356 341 4413 χειν
355 4329 456 4408 ἕτοιμοι
470 4339 524 4390 πᾶν
548 4333 602 4392 δτι
623 4333 655 4393 ἀν
677 4337 691 4393 θ
714 4334 815 4411 δαίμων
837 4335 882 4394 καὶ
903 4334 933 4393 τὸ
952 4333 1037 4414 χρεὼν

204 4455 230 4491 η,
259 4421 363 4503 εφίρη.
415 4420 589 4497 Μαντεύομαι
610 4421 637 4482 δὲ
661 4426 752 4491 καλοῖς
776 4423 966 4503 ἐγχειρήμασιν
996 4425 1039 4481 εὖ·

258 4540 270 4564 ε
285 4512 364 4593 τυχὲς
394 4509 579 4580 ἀκολουθήσειν
604 4511 688 4579 τέλος.
714 4512 766 4586 Είη
787 4511 815 4571 δὲ
834 4511 934 4587 τούτοις
954 4510 1038 4571 ἀπασι

257 4630 269 4652 ν
286 4602 367 4660 ταύτὸ
386 4599 500 4660 λαόοῦσι
521 4598 616 4679 θάρσος
637 4599 681 4659 καί
704 4610 752 4682 μιᾷ
780 4602 873 4680 γνώμη
895 4600 1038 4680 χρησαμέ-

1088 550 1102 575 a
1118 530 1222 595 perpeti,
1233 534 1259 581 et
1268 544 1313 595 pro
1325 530 1558 597 lsrquInIIararitia
1569 531 1649 584 multa
1656 533 1782 598 suscipere
1794 533 1869 593 bella,

1089 639 1102 663 ι
1117 632 1162 683 pro
1175 621 1259 669 nostra
1271 631 1329 669 rero
1348 619 1458 684 ipsorum
1475 619 1588 670 libertate
1602 620 1704 671 nullum.

1121 707 1250 757 lxxxiii.
1270 725 1283 749 α
1294 708 1334 767 Xt,
1347 706 1436 769 qulbus
1446 705 1611 767 adrniuiculis,
1624 710 1651 757 et
1660 705 1753 770 qubus
1764 707 1839 757 sociis
1847 708 1873 759 in

1090 798 1165 850 «boc
1176 812 1202 849 re
1219 798 1380 863 aggredienda
1392 804 1510 851 utemur?
1541 802 1628 851 Restat
1644 802 1711 851 euim
1729 800 1817 852 utboo
1829 800 1871 853 di·

1090 912 1103 936 ι
1117 906 1214 943 comm.
1249 892 1360 944 Primum
1378 893 1479 958 quidem
1499 895 1555 945 lreti
1575 895 1667 946 auritio
1678 895 1791 958 deorum,
1804 910 1871 960 φυο·

1090 1005 1103 1031 ι
1117 1000 1173 1037 rum
1200 998 1271 1037 sacra
1294 991 1320 1038 et
1355 988 1447 1053 templa
1469 991 1496 1039 et
1518 1001 1574 1039 aras
1604 989 1754 1054 Tarquinius
1784 991 1872 1055 polim

1092 1077 1234 1131 «maribus
1246 1080 1353 1131 cruentis
1373 1084 1398 1132 ei
1416 1082 1482 1132 omni
1500 1083 1595 1147 piaculo
1612 1084 1637 1134 iu
1658 1084 1725 1135 clres
1738 1085 1873 1138 commisso

1091 1191 1103 1215 «ι
1118 1170 1299 1233 contaminatis,
1313 1171 1374 1223 dum
1390 1172 1511 1223 sacrificia
1523 1178 1549 1225 et
1567 1175 1695 1228 libationes
1710 1178 1870 1242 auspicatur:

1091 1284 1104 1308 ι
1119 1263 1208 1314 deiude
1219 1265 1304 1313 nostra
1314 1262 1423 1328 ipsorum
1438 1279 1493 1330 ope,
1506 1267 1550 1331 qui
1564 1281 1644 1333 neque
1656 1271 1727 1334 pauci
1740 1284 1820 1334 neque
1829 1285 1871 1322 re-

1091 1377 1103 1401 «
1122 1370 1179 1407 rum
1195 1356 1339 1407 bellicarum
1357 1358 1464 1422 lmpcriIl
1484 1373 1584 1423 sumus3
1605 1366 1726 1427 praeterea
1747 1366 1871 1419 sociorum

1092 1471 1104 1496 ι
1120 1450 1233 1513 auxiliis,
1245 1450 1288 1516 qui
1299 1465 1313 1500 a
1324 1452 1398 1503 uobis
1414 1467 1463 1504 non
1478 1457 1558 1506 vorati
1571 1470 1610 1508 res
1621 1471 1698 1508 noras
1709 1458 1810 1523 aggredi
1822 1475 1872 1511 non

1092 1565 1105 1589 ι
1119 1543 1261 1605 audebam
1275 1544 1320 1596 sed
1328 1546 1349 1596 si
1357 1546 1463 1600 viderim
1472 1563 1517 1601 nos
1527 1551 1643 1603 νίείυιοιυ
1655 1552 1726 1605 uobis
1736 1554 1871 1614 vindicare,

1092 1660 1105 1683 a
1123 1639 1235 1689 lubenter
1248 1638 1281 1689 ad
1289 1638 1365 1690 huius
1378 1641 1435 1693 belli
1446 1643 1589 1697 societatem
1602 1647 1711 1699 senlent.
1752 1650 1872 1714 mannis

1094 1749 1106 1771 ι
1122 1729 1188 1780 enim
1207 1731 1321 1783 omuibus
1352 1736 1394 1800 qui
1421 1736 1557 1788 libertatem
1578 1743 1697 1804 appetunt
1717 1746 1757 1793 est
1782 1741 1869 1795 inrisa.

1092 1857 1104 1881 ι
1123 1832 1196 1893 Quod
1210 1832 1234 1885 si
1254 1832 1297 1896 qul
1308 1833 1420 1882 restrum
1431 1830 1521 1882 limem
1536 1832 1613 1897 ciues,
1627 1835 1671 1897 qni
1687 1833 1811 1888 incastris
1822 1850 1871 1888 una

1093 1950 1104 1973 ν
1123 1943 1181 1980 cum
1189 1927 1323 1990 Tarquinio
1337 1928 1396 1977 sunt
1407 1926 1479 1990 qnasi
1491 1926 1563 1980 illum
1578 1927 1686 1980 εθίιιιυιί
1698 1930 1756 1993 siut,
1764 1936 1790 1983 et
1800 1932 1872 1983 uobis

1092 2045 1105 2069 ι
1123 2023 1217 2076 mum
1229 2022 1331 2087 ibaturI,
1341 2022 1407 2074 baud
1420 2024 1590 2076 recietImeui.
1601 2026 1664 2076 Nam
1675 2025 1756 2075 stillis
1766 2025 1872 2077 molesta

1094 2141 1106 2165 ι
1121 2126 1160 2172 εει
1174 2119 1298 2184 tyrannim
1313 2121 1338 2170 el
1356 2119 1470 2172 omnibus
1481 2120 1630 2173 mortalibus
1640 2121 1759 2173 libertatis
1770 2120 1871 2173 deside-

1093 2237 1105 2261 ιι
1120 2215 1185 2267 num
1202 2216 1241 2268 ssi
1261 2214 1386 2275 iuuatum;
1412 2221 1438 2267 et
1458 2216 1488 2267 Iis
1507 2217 1548 2281 qui
1571 2217 1642 2268 inriti
1663 2221 1688 2267 et
1700 2218 1779 2268 coacti
1798 2216 1872 2268 mise·

1091 2330 1104 2355 ι
1122 2311 1171 2362 rias
1188 2310 1330 2375 perierunt,
1352 2311 1449 2375 συιονὶε
1469 2311 1510 2363 uel
1526 2311 1652 2363 lorisslma
1668 2311 1766 2362 occasio
1778 2312 1811 2363 ad
1831 2324 1872 2369 rea

1090 2426 1104 2453 ι
1125 2405 1250 2457 novandos
1273 2404 1360 2457 idonea
1374 2405 1473 2457 videtin
1493 2425 1500 2456 ε
1515 2420 1578 2471 quos
1592 2407 1615 2457 si
1626 2411 1710 2458 restro
1727 2407 1828 2458 decreto
1841 2407 1873 2459 ad

1093 2521 1105 2544 u
1120 2515 1192 2565 opem
1206 2500 1293 2566 paldo
1306 2498 1432 2551 ferendam
1448 2500 1577 2562 uocantis,
1590 2515 1638 2552 nou
1654 2503 1735 2553 metus
1753 2517 1801 2553 nou
1815 2517 1873 2568 gra·

1091 2616 1106 2644 α
1122 2597 1160 2648 tia
1182 2608 1262 2658 nequo
1279 2595 1329 2646 ulla
1348 2596 1396 2646 elia
1408 2609 1456 2655 res,
1470 2609 1527 2659 queo
1545 2594 1658 2647 homiues
1671 2596 1702 2647 ad
1726 2595 1873 2649 iniustiliam

1092 2712 1105 2737 ι
1125 2690 1165 2741 uel
1187 2689 1297 2753 cogendo
1316 2689 1354 2740 rel
1374 2689 1502 2741 suadendo
1528 2690 1646 2755 impellit,
1668 2691 1732 2756 apud
1757 2693 1874 2754 tyrannos

1092 2805 1105 2830 κ
1127 2785 1234 2836 relinere
1247 2785 1343 2850 polerit.
1378 2787 1451 2844 Quod
1470 2786 1551 2850 siqui
1562 2799 1648 2837 eornm
1664 2787 1777 2847 tortasse,
1790 2785 1829 2836 vel
1841 2786 1875 2835 ob

1095 2879 1313 2941 «perversitatem
1337 2883 1432 2930 naturae
1455 2880 1493 2930 vel
1522 2879 1555 2930 ob
1574 2879 1665 2931 malam
1687 2880 1874 2942 educationem,

1093 2994 1105 3018 ν
1124 2975 1261 3039 tyrannidis
1277 2974 1388 3026 studium
1401 2974 1502 3025 insitum
1525 2973 1631 3035 habent;
1653 2978 1733 3036 certe,
1754 2989 1813 3024 cum
1825 2989 1874 3026 uon

1093 3088 1105 3111 ι
1128 3067 1177 3118 sint
1189 3067 1269 3130 multi,
1285 3067 1339 3117 illos
1353 3081 1452 3133 quoqne
1469 3068 1507 3118 vel
1525 3067 1616 3118 invitos
1631 3082 1663 3119 cx
1675 3067 1795 3131 improbIs
1813 3081 1873 3131 pro-

1095 3181 1108 3205 «
1125 3160 1169 3211 bos
1186 3161 1239 3211 lleri
1262 3175 1384 3225 cogemus.
1408 3161 1514 3212 Obsides
1533 3161 1598 3211 enim
1625 3161 1745 3212 babemus
1767 3161 1791 3211 in
1812 3160 1875 3215 urbe

1093 3273 1106 3297 ι
1125 3267 1210 3305 eorum
1225 3254 1323 3317 liberos,
1347 3257 1373 3306 et
1384 3255 1500 3318 coniuges
1513 3258 1538 3306 et
1553 3257 1685 3319 parentes:
1703 3268 1760 3318 qum
1775 3253 1874 3305 uoloni-

1094 3364 1156 3414 «σιω
1179 3352 1233 3401 rita
1254 3365 1302 3402 sua
1317 3350 1413 3402 cariora
1434 3352 1501 3400 suut.
1522 3350 1548 3400 si
1568 3349 1644 3414 igilur
1663 3350 1808 3414 pollicemur
1830 3362 1875 3403 nos

1095 3467 1107 3489 ι
1123 3446 1178 3497 boec
1195 3447 1243 3498 illis
1256 3446 1404 3507 reddituros,
1420 3446 1439 3496 si
1450 3445 1583 3508 atyrannis
1594 3444 1741 3505 defecerint3
1753 3447 1778 3495 et
1794 3442 1874 3494 siiltis

1093 3558 1105 3583 ι
1127 3542 1274 3594 debetonrm
1287 3542 1458 3607 impunitatem
1477 3541 1648 3603 decernimus,
1664 3538 1735 3589 Iacile
1743 3552 1796 3589 rem
1814 3536 1874 3602 Ipsis

1097 3652 1110 3676 ι
1126 3632 1337 3696 persuadebImus.
1370 3633 1470 3691 Quare,
1499 3628 1625 3687 Quirites.
1645 3626 1779 3678 confidenti
1793 3626 1875 3677 animo

1094 3734 1156 3770 «ac
1174 3720 1235 3770 bene
1257 3721 1289 3770 de
1315 3719 1390 3769 rebus
1415 3719 1506 3769 tuturis
1531 3716 1728 3782 sperantes‚,ad
1751 3719 1875 3766 certarnen

1093 3827 1105 3851 ι
1124 3810 1172 3860 boc
1192 3812 1295 3876 prodite,
1309 3811 1401 3861 bollum
1412 3807 1550 3873 suscepturi
1569 3805 1680 3857 omnium
1693 3819 1750 3869 quta
1765 3816 1874 3868 uuquam

1093 3915 1105 3939 κ
1125 3900 1250 3963 gesseritis
1259 3899 1434 3962 justissimum.
1467 3900 1518 3951 Nos
1538 3896 1612 3960 igilur
1630 3908 1674 3960 per
1689 3893 1749 3945 deos
1764 3893 1873 3957 patrios,

1094 4006 1106 4030 ι
1126 3987 1201 4039 holus
1212 3989 1317 4053 regionIs
1331 3989 1407 4039 bonos
1421 3985 1538 4050 praesides
1555 3986 1580 4034 et
1594 3983 1685 4047 genios,
1697 3981 1791 4044 quibus
1800 3979 1875 4029 mmo·

1093 4081 1338 4129 «rinocuroron
1369 4077 1448 4128 tutela
1469 4074 1572 4138 obtigX3
1599 4071 1737 4135 urbemque
1763 4069 1875 4120 omnium

1092 4183 1104 4207 ο
1123 4166 1171 4216 diis
1188 4168 1356 4227 canssImam,
1370 4167 1395 4218 in
1411 4179 1460 4230 qua
1477 4165 1528 4215 nati
1545 4166 1572 4215 et
1583 4162 1681 4213 educati
1695 4173 1794 4221 sumus,
1806 4158 1876 4210 uobis

1093 4274 1105 4298 ι
1122 4269 1194 4321 opem
1207 4259 1315 4309 letemus
1326 4261 1352 4309 et
1366 4257 1483 4317 consiliis,
1497 4259 1522 4307 et
1533 4253 1615 4316 dictis,
1630 4254 1656 4303 et
1668 4251 1749 4311 lactis,
1759 4254 1783 4300 et
1794 4249 1874 4301 mani-

1094 4363 1107 4389 ε
1122 4344 1183 4409 bus,
1205 4351 1231 4398 et
1248 4347 1306 4406 vita,
1320 4351 1347 4398 ct
1362 4346 1484 4412 quidquid
1505 4344 1566 4395 deus
1582 4346 1608 4393 et
1620 4342 1697 4393 iatum
1713 4339 1799 4391 tulerit
1815 4352 1874 4403 per-

1094 4452 1107 4476 «
1123 4434 1175 4499 peti
1193 4448 1280 4485 sumus
1296 4437 1386 4499 parali.
1419 4438 1533 4496 Auguror
1549 4434 1635 4482 autem
1650 4429 1712 4481 bene
1723 4431 1804 4492 empta
1817 4426 1874 4478 leli·

1095 4542 1108 4567 ι
1121 4534 1176 4573 cem
1189 4524 1331 4573 assecutum
1344 4536 1398 4574 esse
1415 4522 1518 4573 exitum.
1565 4519 1683 4582 obtingat
1699 4517 1738 4567 liis
1758 4514 1876 4567 omnibus

1095 4630 1107 4655 α
1122 4614 1159 4672 ut,
1172 4614 1271 4675 sumpto
1280 4611 1368 4662 eodem
1382 4612 1465 4662 animo
1481 4611 1618 4673 eodemque
1631 4606 1734 4658 consilio
1749 4607 1838 4670 capto.
1849 4606 1875 4654 et

258 4717 271 4741 ε
284 4713 346 4761 νοις,
362 4690 454 4760 σώζειν
470 4712 499 4749 τε
518 4692 602 4765 ἡμᾶς,
625 4687 671 4747 καί
691 4689 820 4758 οώζοοθοο
834 4688 877 4769 ὑφ’
890 4689 976 4764 ἡμῶν·
994 4712 1007 4738 ¹·
1094 4720 1106 4743 «
1124 4713 1169 4753 nos
1179 4703 1277 4752 servent
1288 4702 1313 4753 et
1326 4700 1460 4752 vicissima
1477 4699 1547 4752 nobis
1558 4700 1700 4749 serventur.
1719 4714 1731 4739 ν

298 4780 457 4841 LXXXIV.
482 4782 602 4840 Τοιοῦτο
622 4781 668 4836 τοῦ
683 4778 799 4856 Βρούτου
820 4779 1039 4857 δημηγοροῦντος,
1124 4792 1250 4841 LXXXIV.
1266 4792 1343 4841 Bruto
1358 4790 1406 4840 lroc
1421 4788 1496 4839 modo
1514 4785 1670 4838 concionanti
1683 4786 1751 4836 totus
1768 4784 1873 4850 populos

204 4892 231 4930 uo
258 4866 414 4938 ἀναόοήσεις
428 4890 456 4927 τε
469 4875 587 4948 συνεχεῖς
603 4869 642 4946 ἐφ’
658 4867 763 4947 ἑκάστῳ
780 4870 832 4927 τῶν
850 4865 999 4946 λεγομένων
1008 4868 1040 4925 διε
1094 4875 1235 4943 frequenter
1246 4879 1398 4930 acclamabat
1406 4878 1438 4929 ad
1457 4877 1553 4942 singula
1564 4889 1622 4940 qun
1635 4874 1748 4934 dicebat3
1765 4876 1873 4937 etque·

257 4957 303 5010 ταῶ
318 4955 432 5027 πλήθους
452 4956 567 5035 ἐγίνοντο
590 4954 813 5032 διασημαίνουσαι
830 4954 861 5014 τὸ
882 4954 1040 5034 βουλόμενόν
1093 4980 1151 5019 uam
1164 4971 1231 5020 esset
1250 4982 1296 5020 sna
1310 4968 1438 5025 voluntas.
1452 4970 1477 5018 et
1498 4965 1558 5030 quid
1577 4963 1674 5015 iuberet
1687 4967 1773 5029 aperte
1786 4961 1874 5026 signiti-

256 5062 286 5098 τι
301 5040 346 5098 καλ
373 5045 677 5123 ἐπικελευόμενον,τοῖς
696 5044 724 5103 δὲ
748 5043 866 5104 πλείοσιν
889 5044 1040 5105 αὐτῶνκαὶ
1093 5070 1160 5107 cans.
1194 5057 1336 5115 QuInetiam
1352 5056 1475 5121 plerisque
1490 5069 1578 5107 eorum
1594 5053 1705 5105 lacrimas
1718 5067 1770 5118 pras
1785 5051 1874 5116 uolup-

257 5126 359 5205 δάκρυα
376 5131 417 5210 bp’
433 5133 527 5205 ἡδονῆς
540 5130 608 5212 eppo
631 5134 792 5208 θουμοοτῶν
811 5132 857 5192 κοί
873 5132 1037 5214 ἇπροοδοκή·
1093 5149 1145 5197 tate
1168 5147 1285 5210 tinebant,
1306 5146 1375 5210 quod
1393 5145 1529 5198 oraIIouem
1552 5142 1722 5195 admirandam
1742 5146 1769 5194 el
1784 5142 1874 5207 praeter

255 5239 308 5274 των
325 5214 449 5275 ἆκθύθυσῑ
469 5219 568 5297 λίθων·
591 5218 662 5291 πάθη
679 5242 707 5279 τῑ
726 5219 834 5280 ποικίλα
856 5220 904 5292 I'Ii
927 5220 1038 5281 ἕκᾶοοοο
1093 5235 1202 5287 omnium
1214 5249 1284 5287 suam
1292 5235 1502 5299 exspectationem
1516 5233 1647 5285 andiceni:
1663 5237 1686 5283 et
1697 5231 1759 5281 rarii
1769 5229 1873 5281 alfenus
