4070 5926
660 466 954 540 ANTlQUlTA'l'UM
975 465 1123 528 ROMAN.
1148 467 1223 529 LlB.
1247 468 1299 529 lx.

168 597 337 682 Φλαόοληίῳ
355 601 394 679 τῷ
409 599 519 675 ἡγεμόνι
534 602 580 656 τοῦ
594 598 728 675 τάγματος
760 604 805 658 τοῦ
825 622 854 657 τε
869 596 948 677 ὅρκου

168 687 246 768 χάριν
260 687 307 745 καὶ
325 691 372 757 τῆς
383 686 458 765 παρά
469 684 503 744 τδι
521 684 593 743 δεινδι
608 685 708 767 ῥώμης.
752 684 946 766 Διαπραξάμε-

168 799 207 835 νοι
225 775 253 834 δέ
278 781 363 834 ταῦτα
384 773 431 832 καὶ
456 771 591 851 μείναντες
607 771 709 852 ἡμέρας
731 775 823 851 ὀλίγας
842 773 886 832 ἐπί
903 778 950 832 τού

168 864 306 943 χάρακος,
321 866 356 930 ώς
367 861 450 929 οὐδεὶς
465 860 621 942 ἀντεπεξῄει
637 863 689 919 τῶν
705 861 840 939 πολεμίων
855 885 947 942 μαχη·

131 976 145 1013 s
171 951 297 1028 σόμενος,
313 952 433 1032 ἀπῄεσαν
449 951 490 1009 ἐπ’
504 948 588 1010 οἴκου.
632 948 745 1012 Πάντων
763 949 792 1009 δέ
811 953 865 1009 τών
878 951 950 1010 κατδι

170 1041 218 1111 τὴν
236 1043 332 1116 πόλιν,
354 1044 390 1107 ὡς
403 1040 447 1098 ἐπὶ
467 1038 587 1120 μεγίστῳ
609 1040 690 1117 ἀγῶνι
713 1038 856 1100 κάλλιστον
876 1039 950 1107 τίλος

172 1129 303 1210 εἰληφότι,
321 1128 370 1199 τὴν
390 1125 515 1185 ἐπινίκιον
530 1124 610 1203 τιμὴν
630 1132 676 1185 τοῦ
691 1124 822 1207 θριάμόου
838 1130 876 1208 τῷ
897 1150 951 1187 πε-

173 1215 253 1294 ριόντι
269 1216 361 1296 ὑπάτῳ
379 1215 532 1296 προσθεῖναι
548 1214 735 1294 βουλομίνων,
751 1214 891 1294 ἠρνήσατθ
902 1218 950 1290 τὴν

172 1302 252 1384 χάριν
267 1306 353 1362 αὐτῶν
366 1308 380 1362 ό
394 1304 492 1369 ύπατος
505 1348 513 1379 ,
527 1302 588 1361 οὔτε
606 1302 677 1362 ὅσιον
692 1294 759 1363 εἶναι
773 1303 876 1383 λόγων,
892 1307 954 1367 οὔτε

121 1420 146 1459 10
171 1396 292 1469 θεμιτὸν,
309 1393 350 1450 ἐπ’
367 1393 479 1470 ἀδελφοῦ
500 1391 606 1471 θανάτῳ
620 1391 666 1450 καλ
680 1393 855 1474 συνάρχοντος
880 1395 952 1454 ἀπο-

173 1479 238 1560 toli]
262 1479 407 1558 πομπεύειν
436 1478 482 1539 καὶ
510 1480 727 1563 στεφανηφορεῖν.
782 1481 898 1551 Ἀποθεὶς
924 1481 952 1543 δέ

172 1568 218 1638 τὰς
237 1572 354 1645 σημαίας
369 1567 416 1628 καί
432 1567 491 1637 τοὺς
506 1567 669 1649 στρατιώτας
691 1569 827 1639 ἀπολύσας
851 1571 896 1632 ἐπὶ
919 1571 953 1630 εδι

171 1662 271 1733 οἰκεῖα,
287 1658 336 1730 τὴν
350 1657 478 1719 ὑπατείαν
500 1658 679 1736 ἀπωμόσατο,
704 1660 773 1720 δυεῖν
799 1658 839 1719 ἔτι
862 1662 952 1737 μηνῶν

172 1750 207 1817 είς
222 1748 266 1808 τὸν
282 1748 414 1807 ίνιαύσιον
428 1746 522 1828 χρόνον
537 1748 715 1827 λειπομένων,
732 1749 859 1816 ἀδύνατος
870 1749 908 1807 ών
918 1749 953 1808 τά

117 1858 144 1897 is
171 1841 218 1908 τῆς
232 1840 318 1917 ἀρχῆς
333 1838 370 1895 ἔτι
385 1837 526 1915 πράττειν·
541 1835 718 1916 ἐταλαιπώρει
739 1837 791 1919 γάρ
807 1837 858 1897 ὑπὸ
870 1838 952 1918 τραύ·

172 1948 256 2003 ματος
268 1926 382 1994 ἐξαισίου
397 1924 443 1984 καὶ
456 1915 488 1998 ἦν
504 1925 668 1997 κλινοπετής.

212 2015 291 2074 XIV.
315 2011 464 2091 Ἑλομίνης
477 2010 505 2071 δέ
519 2016 566 2085 τῆς
581 2015 678 2091 βουλῆς
697 2012 882 2088 μεσοόασιλιῑς
896 2017 949 2074 τῶν

172 2100 348 2180 ἀρχαιρεσίων
363 2101 455 2173 ἕνεκα,
470 2104 516 2158 τοῦ
532 2102 653 2181 δευτέρου
669 2099 867 2179 μεσοόασιλέως
883 2124 949 2182 συγ·

172 2192 331 2257 καλέσαντος
352 2192 388 2257 είς
402 2189 432 2249 τδ
448 2187 537 2248 πεδίον
552 2188 611 2257 τοὺς
630 2190 741 2269 λόχους,
766 2193 950 2252 ἀποδείκνυται

118 2298 148 2337 20
173 2280 280 2339 Καίσων
294 2277 399 2345 Φάόιος
425 2280 589 2357 δτάριστεῖα
616 2278 706 2339 λαόών
731 2284 761 2340 ἐκ
779 2285 826 2352 τῆς
850 2281 951 2363 μάχης,

173 2367 285 2446 ἀδελφός
307 2365 335 2425 δὲ
361 2372 408 2426 τού
433 2368 481 2439 τὴν
502 2366 588 2448 ἀρχὴν
614 2367 794 2445 ἀποθεμένου,
811 2370 841 2429 τὸ
864 2372 950 2451 τρίτον

172 2455 291 2532 δπατος,
306 2455 352 2513 καὶ
366 2453 413 2514 σύν
429 2456 502 2535 αὐτῷ
515 2455 595 2522 Τίτος
610 2453 770 2534 Οὐεργίνιος.
792 2449 874 2517 Οὗτοι
889 2458 950 2516 δια-

171 2543 296 2623 λαχόντες
322 2541 370 2610 τδις
386 2542 512 2621 δυνάμεις
543 2541 652 2622 ἐξῄεσαν
675 2546 711 2610 είς
734 2543 782 2616 τὴν
804 2541 949 2626 ύπαιθρον,

174 2630 279 2698 Φάόιος
294 2629 341 2707 μὲν
358 2632 484 2698 Αίκανοῐς
504 2630 665 2709 πολεμῄσων
687 2633 877 2713 προνομεύουσι
892 2631 951 2701 τοὺς

117 2750 147 2788 οε
173 2722 297 2781 Λατίνων
316 2722 423 2799 ἀγρούς,
438 2719 592 2800 Οὐεργίνιος
604 2720 632 2780 δέ
647 2721 826 2788 Οὗεενττινοῖς.
841 2721 950 2782 Αἰκανοὶ

174 2811 223 2888 μίν
243 2801 288 2869 σύν
295 2857 305 2885 ,
325 2808 416 2881 ἐπειδὴ
432 2809 544 2890 στρατδν
565 2809 734 2888 ἐλευσόμενον
754 2810 796 2869 ἐπ’
812 2809 905 2877 αύτούς
919 2810 949 2869 ἔ-

172 2923 288 2980 γνωσαν,
299 2897 460 2964 ἀναστάντες
469 2899 500 2957 ἐκ
506 2902 554 2970 τῆς
563 2898 693 2976 πολεμίας
706 2897 749 2956 δεδι
757 2899 855 2978 τάχους
865 2900 952 2970 ἀπῆλ-

172 2997 216 3049 θον
238 2990 274 3055 είς
288 2987 336 3055 τάς
352 2988 452 3046 ἑαυτῶν
471 2985 578 3055 πόλεις·
595 2987 641 3046 καὶ
661 2986 730 3065 μετά
749 2992 832 3045 ταῦτα
848 2989 949 3058 λεηλα-

173 3083 300 3163 τουμένης
315 3086 361 3154 τῆς
376 3080 503 3162 σφετίρας
523 3086 572 3161 γῆς
594 3082 746 3163 ἀνείχοντο,
760 3084 830 3141 ώστε
847 3083 951 3142 πολλῶν

118 3200 148 3241 30
173 3183 279 3254 κρατεῖν
294 3171 354 3240 τοὺς
370 3170 522 3249 Ῥωμαίους
535 3175 572 3238 είς
593 3171 709 3252 χωρίον,
732 3170 792 3231 ίνθα
812 3170 885 3232 ούδίν
900 3175 952 3231 τών

174 3262 329 3334 ἐπιτηδείων
344 3258 455 3339 ίμελλον
467 3258 551 3333 ἕξειν,
567 3261 613 3320 καὶ
626 3260 891 3341 προσαναγκάσοντες
904 3264 952 3322 οὐκ

173 3355 210 3420 είς
225 3351 329 3431 μακράν
345 3348 511 3430 παραδοῦναί
533 3372 606 3431 σφισι
623 3349 658 3407 τδι
670 3348 751 3412 όπλα.
797 3350 901 3412 Γίνεταί
922 3375 951 3411 τε

174 3441 261 3498 αι’ντών
280 3443 377 3517 συχνοῦ
390 3439 509 3505 ἐλθόντος
525 3436 606 3516 όχλσυ
625 3438 672 3497 δύο
684 3436 870 3519 στρατεύματα
890 3439 952 3521 περὶ

175 3532 221 3596 τὰς
244 3530 391 3607 ἐπιμάχους
410 3518 524 3605 λαγόνας
546 3531 590 3584 τού
608 3526 622 3582 λ
673 3549 705 3601 υ,
724 3526 811 3586 πολλὰ
833 3527 857 3585 δ’
882 3527 951 3586 ἀλλα

118 3649 148 3689 35
175 3616 286 3703 φρούρια
303 3615 454 3695 βραχύτερα
469 3613 538 3673 κατδι
559 3621 618 3681 τούς
661 3636 721 3674 ττον
743 3615 893 3693 ἐπικαίρους
907 3614 951 3674 τό·

175 3729 254 3773 πους·
270 3710 314 3763 καὶ
327 3705 414 3765 πάντα
428 3695 460 3777 ἦν
474 3699 559 3781 μεστδι
572 3700 671 3761 ὅπλων.
714 3700 749 3763 Ὁ
761 3702 788 3761 δὲ
801 3702 887 3782 ἔτερος
900 3705 952 3761 τών

175 3794 282 3855 ὑπάτων
302 3790 407 3860 Φάόιος
429 3791 597 3870 γραμμάτων
612 3791 685 3875 παρδι
706 3797 751 3852 τοῦ
778 3794 953 3874 συνάρχοντος

174 3881 339 3964 ἀφικομένων
356 3880 459 3959 ἐπιγνοί
465 3906 494 3956 ς,
508 3880 549 3940 ἀει
570 3880 597 3939 ἐν
612 3878 733 3960 ἐσχάτοις
747 3880 813 3940 εἰσὶν
831 3884 855 3941 οἱ
869 3905 952 3940 κατα·

175 3970 338 4038 κλεισθέντες
355 3972 382 4029 ἐν
397 3973 436 4048 τῷ
458 3966 549 4055 λόφῳ,
571 3968 617 4028 καὶ
632 3969 862 4048 κινδυνεύσουσιν,
875 3974 899 4030 εἰ
914 3972 952 4047 μή

121 4085 151 4127 lo
176 4085 216 4129 τις
238 4063 325 4126 αὐτοῖς
347 4058 494 4138 βοηθήσει.
517 4059 590 4137 λιμῷ
611 4058 720 4133 ἀλώναι,
743 4061 894 4132 ἀναστήσας
907 4059 951 4119 τδν

175 4150 285 4230 στρατὸν
310 4141 372 4225 ῄγεν
389 4149 432 4207 ἐπὶ
455 4146 513 4213 τούς
540 4140 712 4210 Οὐιεντανούς
736 4142 781 4198 σὺν
803 4140 893 4217 πάχεα
910 4137 954 4194 καὶ

173 4240 199 4295 εί
222 4246 271 4318 μιᾷ
296 4235 453 4316 βραδύτερον
476 4233 564 4314 ἡμίρφ
588 4231 693 4301 διῄνυσε
721 4232 767 4298 τὴν
788 4225 861 4301 όδδν,
883 4224 957 4284 attio

176 4327 208 4388 δν
223 4326 341 4400 ώνησιν,
365 4326 434 4385 ἀλλά
461 4325 653 4407 διεφθαρμίνην
676 4325 725 4398 τὴν
751 4328 807 4385 ἐκεῖ
827 4323 953 4406 στρατιάν

175 4415 319 4480 κατίλαόε.
350 4414 505 4492 Πιεζόμενοι
519 4415 571 4496 γὰρ
585 4415 726 4495 τῇσπάνει
736 4417 788 4474 τών
803 4416 954 4493 ἀναγκαίων

121 4536 150 4575 ες
176 4506 365 4586 οίκατίχοντες
377 4505 421 4563 τὸν
434 4503 514 4585 λόφον
526 4548 534 4576 ,
547 4504 654 4577 ἐξῆλθον
664 4508 700 4573 ώς
711 4503 755 4563 τδν
770 4502 954 4583 εύπρεπίστα·

176 4618 220 4654 τον
241 4597 410 4673 αἱρησόμενοι
424 4596 477 4652 τῶν
501 4594 635 4654 θανάτων·
648 4592 695 4652 καλ
708 4591 887 4669 συμόαλόντες
901 4598 955 4659 τοῖς

176 4684 311 4759 πολεμίοις
322 4682 454 4762 ἐμάχοντο
465 4681 627 4761 κεκμηκότες
641 4685 665 4741 σί
677 4682 783 4749 πλείους
794 4679 829 4740 τά
840 4678 954 4755 σώματα

176 4774 248 4851 λιμῷ
258 4795 287 4830 τε
297 4772 342 4831 καὶ
355 4771 425 4854 δίψει
435 4771 482 4830 καλ
497 4772 629 4853 άγρυπνίφ
638 4772 727 4851 καλτῇ
742 4769 810 4849 άλλη
823 4767 951 4829 κακώσει.

176 4860 244 4925 Μετ’
258 4863 286 4919 οὗ
301 4860 368 4921 πολύ
382 4861 410 4919 δέ
420 4863 456 4928 ώς
466 4861 496 4920 εδ
506 4865 551 4920 τοῦ
563 4858 671 4921 Φαόίου
684 4858 837 4939 στράτευμα
847 4857 955 4938 προσιδν

118 4974 149 5013 ω
174 4945 250 5026 ώφθη
261 4945 330 5006 πολύ
345 4972 374 5007 τε
389 4948 435 5009 καὶ
456 4947 684 5024 συντετεγμίνον,
706 4947 801 5027 θάρσος
817 4946 865 5025 μίν
879 4945 954 5029 ἔφερε

174 5036 230 5103 τοῖς
241 5037 384 5117 σφετέροις,
396 5036 452 5103 δίος
463 5036 490 5096 δέ
500 5034 708 5111 τοῖςπολεμίοις.
721 5033 806 5095 Kelol
819 5032 954 5115 Τυρρηνοί

175 5121 264 5185 ούκίτι
279 5123 420 5206 ἀξιόμαχοι
443 5114 511 5184 εἶναι
533 5123 689 5199 νομίσαντες
713 5122 778 5203 πρὸς
800 5122 903 5198 ἀγαθήν
924 5144 954 5181 τε

175 5215 221 5275 καί
232 5216 343 5289 ἀκμῆτα
356 5213 467 5290 δύναμιν
484 5216 521 5281 είς
535 5214 625 5292 ἀγῶνα
634 5219 747 5293 χωρεῖν,
764 5210 867 5294 ᾤχοντο
882 5210 955 5271 ἐκλι·

177 5302 270 5370 πάντες
283 5301 342 5370 τοὺς
352 5301 485 5384 χάρακας.
529 5299 580 5371 Ὧς
593 5299 616 5361 δ’
631 5302 667 5370 τίς
680 5300 762 5361 ταθτδ
775 5303 903 5374 συνῆλθον
923 5301 953 5359 ul

1717 474 1781 533 sel·

1007 607 1155 667 iurandum,
1171 613 1226 658 tum
1237 609 1271 660 ob
1285 606 1340 659 eius
1351 607 1524 659 fortitudinem
1536 608 1562 659 in
1577 610 1705 674 periculis.
1738 611 1786 664 ilis

1004 712 1126 776 peractis,
1138 713 1235 779 aliquot
1246 713 1335 765 (lieslu
1351 714 1440 764 cestris
1458 713 1564 775 moreti,
1577 728 1634 765 cum
1653 718 1714 767 nulli
1729 733 1787 769 nm·

1005 821 1071 887 plius
1082 822 1167 873 hostes
1185 822 1217 873 ed
1237 836 1345 888 pugnam
1364 821 1504 888 prodirent,
1520 821 1624 873 domum
1645 824 1782 877 rediemut.

1006 928 1091 983 Quum
1113 930 1198 977 nutem
1214 926 1324 991 populus
1342 925 1488 984 universus,
1516 929 1545 976 ul
1559 927 1625 978 bello
1647 929 1787 981 felicissime

1006 1028 1133 1092 conlecto,
1147 1031 1178 1082 ob
1193 1035 1291 1096 partum
1310 1030 1440 1081 uictoriam
1461 1032 1582 1096 triumphi
1594 1033 1712 1084 honorem
1726 1048 1786 1086 cou-

1006 1135 1055 1187 sull
1079 1135 1208 1200 superstiti
1229 1133 1328 1186 delerre
1341 1135 1429 1194 rellel,
1447 1136 1500 1200 ipse
1523 1138 1609 1187 consul
1623 1139 1729 1203 gratiam
1745 1154 1787 1192 re-

1006 1240 1119 1299 cusavit,
1135 1239 1220 1290 dicens
1232 1252 1278 1289 nec
1287 1239 1357 1303 pium
1372 1253 1418 1290 nec
1430 1238 1468 1290 les
1482 1254 1549 1299 esse,
1562 1241 1589 1291 in
1604 1240 1690 1292 fratris
1700 1247 1726 1293 et
1737 1242 1787 1294 col·

1007 1346 1068 1410 legce
1080 1344 1209 1397 funeribus
1221 1345 1377 1410 triumphare
1393 1348 1418 1396 et
1433 1360 1549 1397 somnam
1561 1350 1666 1411 gesture.
1700 1351 1787 1414 ltuque

1007 1452 1123 1518 repositis
1135 1452 1228 1516 siguis,
1245 1452 1418 1518 militibusque
1431 1452 1533 1505 domum
1554 1454 1677 1513 dimissis,
1697 1469 1788 1506 eonsu-

1008 1558 1060 1609 latu
1072 1572 1100 1609 se
1111 1558 1252 1617 abdicerit,
1266 1573 1323 1609 curn
1336 1560 1387 1610 duo
1401 1570 1499 1611 meuses
1511 1564 1632 1615 desnuuo
1640 1562 1787 1625 magistratu

1008 1668 1178 1730 superessent,
1200 1665 1341 1716 consularia
1353 1665 1438 1716 munia
1457 1666 1529 1718 obire
1548 1680 1597 1716 non
1608 1669 1723 1731 poteret:
1737 1668 1786 1720 lm·

1008 1773 1075 1823 moui
1092 1773 1158 1824 enim
1179 1774 1283 1824 vulnere
1295 1773 1405 1838 grauiter
1421 1772 1567 1831 isburebul,
1586 1772 1622 1823 ite
1635 1776 1664 1824 ul
1682 1773 1709 1824 iu
1722 1774 1787 1826 lecte

1007 1877 1107 1930 iaceret.

1040 2046 1106 2096 xlv.
1134 2047 1219 2103 Quum
1239 2048 1325 2096 nutem
1341 2047 1443 2095 senmus
1466 2043 1603 2108 interreges
1630 2045 1789 2096 comitiorum

1009 2133 1097 2171 caussa
1109 2123 1232 2179 creasset,
1248 2123 1274 2170 et
1287 2121 1412 2170 secundus
1426 2119 1536 2170 interrex
1549 2119 1676 2171 centurius
1687 2120 1713 2171 in
1724 2134 1789 2170 cem-

1010 2208 1070 2259 pum
1082 2198 1258 2256 convocasset,
1278 2196 1349 2247 cesso
1368 2194 1460 2245 Fabius
1477 2193 1534 2253 llle,
1554 2194 1599 2259 qui
1617 2194 1650 2245 ob
1663 2194 1791 2245 fortitudi-

1008 2283 1066 2320 nem
1091 2279 1161 2316 sunm
1178 2270 1281 2333 prmmie
1299 2283 1331 2321 ex
1345 2268 1432 2334 proelio
1453 2271 1608 2333 reportaret.
1627 2269 1722 2334 quique
1733 2276 1790 2321 eret

1009 2345 1087 2396 freter
1098 2340 1170 2405 eius,
1184 2347 1228 2409 qui
1241 2345 1372 2396 consulatu
1389 2358 1416 2395 se
1428 2343 1570 2403 abdicaret,
1589 2345 1692 2395 tertium
1704 2347 1790 2398 consul

1009 2423 1048 2469 est
1062 2427 1177 2481 creatus,
1195 2422 1221 2471 et
1234 2432 1292 2469 cum
1304 2432 1334 2469 eo
1344 2420 1374 2469 Τ.
1391 2417 1529 2483 Virginius.
1567 2418 1612 2468 lsti
1626 2419 1709 2469 sortiti
1722 2419 1789 2471 inter

1010 2507 1038 2545 ee
1049 2496 1134 2560 copies
1152 2496 1185 2546 ud
1205 2493 1298 2545 bellum
1319 2496 1378 2543 sunt
1397 2493 1511 2558 proiecti.
1547 2493 1693 2558 Obtigitque
1713 2496 1789 2546 Fabio

1009 2570 1103 2622 bellum
1123 2575 1209 2622 contre
1222 2571 1332 2633 AEquos,
1350 2566 1395 2633 qui
1415 2567 1576 2628 letiuorum,
1597 2580 1670 2630 egros
1689 2569 1791 2633 populu-

1010 2644 1119 2695 bentur;
1133 2643 1244 2708 Virginio
1265 2645 1352 2692 contre
1374 2641 1499 2692 Veientes.
1534 2642 1608 2707 AEqui
1630 2641 1716 2705 igitur,
1732 2656 1789 2694 cum

1010 2718 1093 2783 copies
1103 2722 1191 2769 eontra
1205 2730 1232 2767 se
1243 2716 1327 2767 venire
1339 2715 1525 2780 cognovissent,
1539 2728 1643 2781 propere
1655 2718 1745 2767 cestris
1758 2731 1790 2767 ex

1009 2787 1107 2838 bestico
1121 2788 1213 2847 motis,
1236 2800 1263 2837 se
1283 2786 1370 2836 lusus
1391 2784 1483 2851 oppidu
1503 2788 1657 2849 receperunt
1680 2786 1791 2837 :deinde

1009 2858 1075 2923 pessi
1085 2862 1144 2909 sunt
1159 2872 1232 2922 egros
1246 2871 1306 2908 suos
1318 2855 1407 2921 diripi,
1427 2856 1464 2907 itu
1477 2860 1507 2907 ul
1519 2856 1606 2907 consul
1626 2857 1714 2907 mullis
1732 2871 1791 2923 cep-

1009 2931 1069 2981 tivis
1092 2931 1226 2996 praednque
1253 2928 1301 2979 ulie
1325 2942 1371 2979 suo
1398 2927 1528 2992 repentino
1557 2926 1667 2977 adventu
1697 2928 1791 2992 potitus

1009 3001 1094 3053 luerit.
1128 3001 1244 3052 Veientes
1262 3003 1359 3058 autern,
1378 3012 1436 3049 curu
1453 3014 1468 3049 e
1487 2998 1606 3064 principio
1624 2999 1748 3049 menibus
1765 3011 1792 3049 se

1010 3070 1206 3130 eontinuissent,
1223 3071 1266 3125 ubi
1281 3073 1449 3136 opportunum
1469 3069 1624 3120 occasionem
1641 3070 1708 3120 nacti
1720 3068 1793 3121 ride-

1009 3144 1110 3196 buntur.
1121 3142 1207 3192 hostes
1222 3155 1267 3206 per
1281 3155 1381 3205 campos
1391 3141 1517 3204 disperses
1526 3144 1552 3191 ct
1564 3140 1589 3190 in
1603 3139 1694 3203 praedre
1707 3138 1792 3203 direp-

1010 3215 1103 3264 tionem
1121 3213 1229 3264 Intentos
1245 3213 1354 3279 uggrmsl
1369 3216 1437 3263 suut.
1471 3212 1536 3264 llum
1551 3211 1693 3276 ingentibus
1707 3215 1792 3262 uulern

1010 3290 1036 3337 et
1048 3286 1110 3337 bene
1123 3286 1251 3336 instructis
1265 3283 1343 3348 copiis
1357 3282 1479 3347 impetum
1492 3281 1518 3331 in
1532 3294 1575 3332 eos
1590 3281 1714 3339 lecerunt,
1727 3294 1794 3344 prm·

1010 3358 1123 3423 dumque
1144 3357 1306 3422 eripuerunt,
1322 3357 1399 3417 etque
1422 3367 1478 3413 eos,
1501 3351 1547 3416 qui
1569 3365 1654 3402 secum
1676 3351 1792 3416 congredi

1010 3431 1065 3482 nusi
1082 3433 1169 3491 erant,
1182 3428 1274 3493 purtim
1294 3424 1454 3485 oeciderunt,
1473 3423 1565 3488 purtim
1582 3422 1609 3473 in
1631 3423 1717 3486 iugum
1734 3436 1793 3473 rer-

1010 3505 1095 3552 terunt
1109 3521 1115 3550 r
1130 3506 1156 3552 et
1166 3501 1214 3550 nisi
1227 3503 1256 3550 T.
1271 3498 1380 3556 Siccius,
1400 3495 1445 3561 qui
1462 3498 1521 3544 tunc
1535 3494 1633 3555 legatus
1645 3497 1715 3552 erut,
1732 3508 1789 3543 curn

1010 3573 1132 3623 instructu
1148 3571 1311 3635 peditumque
1330 3581 1405 3617 manu
1422 3565 1475 3615 suis
1490 3564 1604 3616 celeriter
1624 3578 1790 3622 succurrens,

1010 3658 1053 3694 eos
1065 3642 1241 3707 repressisset,
1257 3640 1360 3704 paulurn
1380 3636 1478 3695 obluit,
1499 3636 1561 3700 quin
1580 3639 1650 3685 totus
1661 3635 1789 3685 exercitus

1009 3714 1146 3779 peieretur.
1180 3712 1228 3763 sed
1246 3710 1316 3761 illius
1331 3709 1475 3759 interventu
1490 3706 1611 3771 reliquis,
1628 3705 1674 3770 qui
1685 3704 1794 3767 dispersi
1830 3708 1833 3713 ’

1010 3788 1094 3843 erent,
1111 3797 1138 3835 se
1150 3784 1175 3834 ln
1187 3796 1266 3832 unum
1279 3779 1393 3830 celeriter
1405 3776 1536 3840 colligendi
1548 3775 1655 3826 lucullus
1665 3778 1704 3825 est
1715 3774 1791 3825 datu:

1010 3860 1185 3922 etqueomues
1204 3853 1325 3903 inunum
1344 3849 1424 3900 coacti
1445 3847 1572 3898 tumulum
1594 3846 1729 3911 quemdum
1745 3846 1793 3898 sub

1010 3927 1186 3992 crepusculum
1195 3921 1365 3989 vespertinum
1377 3922 1545 3985 occuparunt,
1557 3922 1582 3969 el
1597 3917 1622 3967 in
1632 3930 1662 3967 eo
1677 3931 1792 3969 securum

1010 4002 1108 4050 noctem
1131 3997 1286 4047 manseriml.
1323 3995 1356 4043 lt
1376 3992 1479 4042 Veiutes
1499 3989 1604 4040 victoria
1633 3989 1692 4041 eluti
1715 4004 1792 4056 prope

1010 4070 1136 4122 tumulum
1151 4073 1235 4120 eostre
1255 4067 1405 4132 posuerunt,
1429 4063 1543 4127 aliosque
1562 4076 1595 4112 ex
1616 4062 1678 4113 urbe
1694 4064 1794 4115 occire·

1009 4147 1082 4202 runt,
1102 4143 1176 4210 qussi
1201 4143 1326 4192 Romanos
1346 4137 1372 4188 in
1396 4136 1451 4187 loco
1474 4133 1670 4193 conclusissent,
1696 4135 1721 4186 iu
1741 4150 1793 4201 quo

1010 4215 1092 4265 nullos
1111 4215 1266 4263 commestus
1284 4212 1368 4261 essent
1386 4204 1514 4263 babituri,
1529 4208 1555 4255 et
1566 4205 1640 4270 quusi
1660 4220 1704 4257 eos
1720 4207 1792 4258 breui

1009 4299 1079 4336 erma
1098 4284 1196 4334 trudere
1217 4280 1328 4333 coacturi
1348 4279 1439 4330 esseni.
1481 4279 1582 4341 itaquo,
1607 4291 1687 4342 quum
1707 4277 1793 4341 ingens

1010 4357 1124 4407 turbeeo
1135 4354 1309 4413 conllurisset,
1324 4351 1383 4402 bine
1393 4353 1476 4401 cestra
1490 4347 1604 4400 lecerunt
1620 4349 1653 4399 ari
1663 4364 1692 4400 ea
1701 4350 1793 4399 tumuli

1009 4428 1103 4485 lutera,
1115 4441 1166 4492 que
1183 4423 1320 4491 expugnari
1336 4426 1452 4488 peteret,
1472 4424 1499 4471 el
1516 4421 1543 4471 in
1564 4421 1625 4472 locis
1640 4421 1725 4471 miuus
1745 4434 1793 4484 op-

1009 4499 1124 4566 portunis
1135 4498 1215 4549 multe
1228 4497 1277 4548 elia
1290 4495 1387 4546 ruluoru
1398 4492 1514 4558 presidis
1526 4492 1687 4551 collocarunt,
1700 4490 1793 4541 omnia·

1009 4585 1060 4637 que
1073 4569 1178 4621 eunetis
1195 4567 1320 4620 militibus
1329 4567 1465 4631 replerunt.
1499 4564 1549 4616 Sed
1562 4564 1626 4615 ulter
1640 4562 1728 4614 consul
1743 4565 1793 4614 Fu·

1010 4643 1067 4694 blus
1077 4641 1184 4706 acceptis
1205 4654 1221 4690 u
1244 4637 1337 4702 college
1353 4635 1434 4688 literis
1453 4635 1496 4686 ubi
1516 4634 1649 4699 cognorit,
1673 4646 1734 4694 ens,
1748 4634 1794 4699 qui

1010 4717 1037 4768 in
1049 4715 1147 4766 tumulo
1157 4711 1345 4771 obsidebuntur,
1359 4708 1385 4760 in
1395 4710 1509 4759 extremo
1523 4704 1634 4771 periculo
1647 4705 1751 4763 versari,
1765 4709 1792 4755 et

1011 4788 1148 4843 verendum
1165 4800 1219 4839 esse
1246 4783 1384 4850 (nisi-quis
1397 4783 1469 4834 ocius
1483 4781 1546 4845 ipsis
1565 4779 1688 4831 auxilium
1700 4779 1793 4841 ferret)

1010 4880 1042 4917 nc
1055 4865 1121 4916 lemn
1132 4864 1351 4927 expugnarentur,
1374 4856 1451 4908 motis
1470 4855 1560 4906 cestris
1579 4857 1665 4904 contra
1678 4854 1794 4903 Veientes

1010 4936 1124 4988 celeriter
1139 4933 1224 4999 copies
1242 4932 1399 4988 domitet,
1422 4928 1511 4979 siuns
1529 4926 1570 4978 rlie
1593 4925 1689 4976 tardius
1707 4924 1794 4975 itinere

1010 5007 1121 5058 coniecto
1139 5018 1170 5056 eo
1184 5003 1310 5060 uenisset,
1333 5000 1396 5051 nibil
1416 4998 1469 5050 suis
1491 4996 1643 5063 profuisset,
1661 4994 1793 5046 sedilium

1010 5077 1147 5130 exercitum
1164 5075 1274 5125 deletum
1289 5072 1429 5137 reperisset.
1463 5073 1549 5129 Quum
1565 5068 1632 5119 enirn
1647 5067 1679 5126 ii,
1703 5067 1747 5132 qui
1768 5066 1794 5117 iu

1011 5153 1207 5211 tumuloernnt,
1228 5148 1310 5213 inopia
1322 5160 1407 5197 rerum
1426 5143 1459 5197 ud
1478 5145 1573 5196 rictum
1598 5143 1794 5195 necessariarum

1011 5230 1192 5295 premerentur,
1210 5221 1358 5288 prodierunt
1379 5218 1412 5271 sd
1425 5232 1550 5286 pugnum,
1566 5221 1596 5269 ut
1616 5216 1794 5269 honestissimo

1010 5302 1099 5356 mortis
1111 5312 1201 5368 genere
1213 5297 1383 5358 morirenturr
1400 5298 1427 5346 et
1440 5293 1550 5347 maxime
1563 5305 1653 5414 οοταγφ
1662 5305 1721 5358 perr
1734 5302 1793 5342 cum
