4048 5924
245 409 305 468 alt
768 410 937 475 Dlottlslt
959 408 1338 474 Halicattlttssattsls

247 541 393 619 ίιιύριοσσν.
436 533 493 604 Ἦν
507 539 535 602 δί
559 541 667 603 τοιόνδε·
682 570 695 597 ιι
714 543 772 611 Ti<
790 541 870 622 τιμάς
892 531 959 602 εἶναι
972 547 1025 603 τῶν
1080 555 1164 603 autem
1177 552 1248 605 tale:
1267 572 1280 597 ιι
1296 551 1379 603 Ρτείίε
1397 564 1481 603 rerum
1496 552 1665 605 rcudiumad
1685 553 1864 617 quotidianum·

249 652 263 681 ιι
280 629 366 689 ὠνίων
380 632 433 690 τῶν
454 628 519 709 πρὸς
533 630 578 689 τὸν
600 633 661 690 καθ’
672 630 775 713 ἡμέραν
787 633 844 711 βίον
856 631 1024 710 ἀναγκαίων,
1081 658 1093 682 ι
1111 641 1204 691 rictum
1213 638 1392 705 pertinentium
1402 652 1451 690 uon
1465 638 1562 690 maiora
1577 653 1646 700 esse,
1655 653 1732 705 quam
1743 655 1801 705 quie
1812 643 1864 693 mi·'

250 741 264 770 ιι
283 716 379 786 αἵτινες
393 718 663 799 ίγένοντοίλοίχισται
674 719 726 800 πρὸ
752 724 800 792 τῆς
815 720 942 802 ίμρυλίου
959 721 1026 781 στά-
1080 747 1093 771 ιι
1110 727 1349 780 ιιῖιιιααιιῐοοίνίΙστα
1358 726 1642 779 seditiommluisseut.»
1653 729 1860 781 ttribuuisrem

250 830 264 858 ι
280 828 356 873 σεοις.
372 834 385 859 ι
398 805 478 887 Μαρά
492 806 520 865 δέ
536 811 588 866 τῶν
605 810 750 889 δημάρχων
763 809 850 868 πολλὰ
864 809 1027 889 λιπαρήσαν·
1078 816 1163 867 multis
1181 816 1306 879 precibus,
1316 829 1375 865 cum
1394 814 1563 867 remissionem
1586 815 1706 878 integram
1726 817 1859 882 impetrare

248 893 351 969 τεςτὴν
372 896 420 974 μὲν
437 897 567 977 ὁλοσχερῆ
594 898 705 976 πάρεσιν
729 902 778 979 ούχ
793 897 911 975 εὕροντο,
934 899 982 970 τὴν
997 896 1025 958 δὲ
1078 916 1127 953 non
1147 903 1298 968 potuissent,
1317 903 1462 955 dilationem
1479 904 1566 955 ludicii
1580 905 1757 970 impetrarunt,
1776 916 1857 970 quata-

247 985 284 1052 είς
307 983 401 1066 χρόνον
426 983 487 1044 δσον
498 983 587 1056 ἠξίουν
611 985 744 1056 ἀναύολὴν
768 985 874 1044 ίλαθον·
900 985 976 1044 αὐτοί
995 1009 1025 1045 τε
1078 992 1130 1042 mm
1146 992 1271 1054 petierunt
1281 1010 1288 1055 ;
1298 991 1395 1056 ipsiqm
1413 992 1486 1042 adom
1499 1005 1594 1043 moram
1612 993 1794 1057 excogitarunt,
1809 995 1857 1045 bac

247 1072 522 1155 προσεμηχανήσαντο
537 1074 675 1156 διατριθὴν
691 1075 783 1154 ἑτέραν
799 1079 909 1156 ἀφορμῇ
932 1075 1024 1156 τοιᾷδε
1077 1081 1205 1131 οσεαεῖοσο
1219 1082 1269 1132 usi.
1303 1084 1407 1146 Legatos
1417 1096 1449 1132 ex
1465 1081 1571 1132 Siciliae
1589 1086 1695 1144 tyranno
1716 1083 1821 1140 missos,
1831 1085 1860 1132 et

245 1162 420 1248 χρησόμενοι.
465 1163 533 1229 Tube
557 1167 588 1223 ἐκ
613 1166 736 1232 Σικελίας
760 1165 959 1231 ἀποσταλέντας
972 1165 1024 1224 ύπὸ
1077 1166 1121 1231 qui
1133 1167 1283 1219 trumentum
1294 1168 1384 1234 populo
1398 1173 1508 1220 Romano
1519 1170 1584 1220 dono
1596 1171 1682 1222 datum
1697 1172 1858 1231 advexerant,

245 1259 292 1314 τοῦ
304 1251 433 1334 τυράννου
445 1251 569 1331 πρέσύεις
583 1251 629 1311 καὶ
640 1253 878 1330 παρακομίσαντας
892 1254 930 1332 τῷ
945 1250 1023 1332 δήμῳ
1077 1254 1179 1305 domum
1192 1254 1338 1314 redeuntes,
1354 1256 1466 1306 tutatos
1487 1255 1565 1307 missa
1577 1257 1715 1322 piratarum
1728 1271 1804 1308 mauu
1818 1257 1857 1307 ia·

206 1356 220 1383 ⁰
245 1339 293 1414 τήν
305 1344 351 1400 τοῦ
361 1338 435 1399 σίτου
451 1341 568 1420 δωρεὰν,
582 1342 766 1409 ἀποπλέοντας
782 1340 872 1402 σίκσδε
888 1338 1023 1401 Ἀντιοίται
1077 1342 1241 1405 tercepcruut,
1257 1340 1416 1405 ipsorumque
1429 1356 1506 1394 naves
1518 1342 1544 1394 iu
1555 1356 1615 1395 suos
1624 1346 1726 1408 portus,
1742 1342 1859 1409 aquibus

244 1428 413 1511 πειρατήριον
424 1427 572 1496 στείλαντες
582 1428 752 1509 κατήγαγον,
769 1429 980 1498 ἀποσαλεύοντας
991 1432 1022 1489 σθ
1077 1440 1126 1478 ¹¹0ss
1139 1428 1211 1493 ¹⁰¹1&
1221 1427 1356 1478 thennim
1369 1428 1432 1480 ‘³¹⁸⁰
1446 1431 1541 1482 δίθῠῑθθ
1554 1431 1723 1493 (ίθίίῦῑθῐΰῦίι
1731 1432 1758 1483 θί
1771 1444 1859 1483 “imm

244 1519 336 1601 πρόσω
347 1519 400 1576 τῶν
415 1517 548 1593 λιμένων,
568 1517 615 1576 καί
636 1515 671 1576 τοί
687 1540 716 1576 τε
731 1516 860 1597 χρήματα
883 1519 969 1577 αὐτῶν
984 1519 1030 1603 ὡςι
1077 1516 1195 1579 decantas
1211 1518 1241 1567 ut
1256 1515 1366 1568 hostium
1378 1517 1549 1584 diripuerunt,
1566 1520 1681 1585 ipsosque
1696 1519 1721 1571 ln
1734 1533 1858 1572 carcerem

244 1605 376 1685 πολεμίοιν
391 1607 424 1665 δι’
441 1606 568 1686 ἀφελείας
595 1605 700 1684 έθεντο,
725 1607 771 1666 καὶ
787 1605 950 1683 τὰσώματα
970 1629 1022 1666 κα·
1076 1605 1200 1656 multatim
1225 1603 1406 1657 emtodiebant.
1442 1607 1563 1658 &mules
1591 1607 1629 1658 itis
1651 1608 1729 1659 rebus
1752 1608 1858 1673 cogntus

243 1694 430 1761 τακλείσαντες
446 1684 516 1773 εἶχον
532 1695 559 1753 έν
580 1696 698 1775 φυλακῇ.
743 1695 840 1754 Ταῦτα
857 1693 983 1769 μαθόντες
996 1695 1021 1754 σί
1076 1694 1259 1758 expeditionem
1270 1694 1297 1745 5¹1
1318 1695 1430 1746 Antistia
1443 1695 1624 1757 demittunt,
1639 1696 1723 1759 quod,
1737 1695 1858 1747 miffld

206 1792 217 1824 ί·
244 1780 439 1849 ύπστσιίξοδον
452 1780 616 1862 ίψηρίσαντο
630 1782 673 1840 ἐπὶ
688 1780 750 1850 τούς
764 1781 911 1854 Ἀντιάτας,
927 1781 1019 1854 ίπειδὴ
1076 1793 1120 1831 0⁰⁸
1141 1782 1279 1847 Ιθεᾶῑίθῠθι
1300 1782 1360 1833 sslhfl
1392 1784 1460 1848 quod
1478 1797 1580 1849 equum
1608 1789 1689 1847 esset,
1710 1789 1793 1836 ‘totle
1806 1783 1857 1835 tel·

244 1867 464 1952 πρεσόευσμίνοις
493 1870 583 1937 αὐτοῖς
609 1870 685 1930 οὐδέν
712 1870 800 1942 ἡξίουν
829 1874 881 1929 τῶν
909 1870 1019 1931 δικαίων

243 1969 336 2020 ποιεῖν·
362 1958 409 2017 καί
435 1958 611 2036 ποιησόμενοι
624 1963 678 2018 τῶν
707 1964 734 2019 έν
762 1962 836 2038 ἀκμῇ
869 1963 1017 2037 κατάλογον

243 2047 353 2127 ἀξήισαν
372 2046 534 2126 ἀμφότεροι,
553 2045 680 2124 ψήφισμα
693 2044 860 2126 κυρώσαντες
874 2046 939 2126 ὑπὲρ
952 2046 1018 2106 ἀνα-

243 2137 323 2209 tots<
337 2137 390 2195 τῶν
399 2155 429 2192 τε
443 2133 516 2192 ίδίων
526 2130 573 2191 καί
586 2136 638 2192 τῶν
651 2131 785 2209 δημοσίων
799 2133 896 2209 δικῶν,
908 2131 968 2192 όσον
986 2134 1018 2192 ἀν

210 2233 221 2259 ¹³
241 2225 335 2305 χρόνον
349 2213 414 2282 ὦσιν
428 2226 455 2282 ἐν
469 2221 522 2288 τοῖς
535 2219 636 2289 ὅπλοις.
688 2219 812 2300 Ἐγένετο
830 2221 857 2281 δί
872 2214 947 2290 οὗτος
969 2224 1020 2303 ούχ

242 2312 301 2372 ὅσον
316 2310 465 2387 ύπέλαόσν,
481 2306 551 2370 ἀλλά
565 2311 656 2392 πολλῷ
669 2309 798 2370 ίλάττων,
841 2313 878 2372 Οἱ
892 2307 944 2390 γάρ
957 2309 1018 2370 Ἀν-

241 2403 331 2462 τισίται
355 2401 482 2478 μαθόντες
501 2397 752 2479 ἐξεστρατευμένους
782 2398 916 2477 πανδημεί
943 2398 1016 2461 Ῥω-

243 2490 337 2563 μαίους
350 2488 409 2548 οὐδέ
420 2487 464 2547 τὸν
480 2488 618 2568 έλάχιστον
638 2486 765 2568 ἀντέσχον
778 2487 883 2567 χρόνον·
899 2486 1017 2563 δεόμενοι

241 2579 271 2639 δί
286 2578 331 2638 καὶ
350 2577 524 2657 λιπαροῦντες
539 2578 573 2636 τοί
587 2599 616 2636 τε
630 2575 744 2654 σιύματα
758 2579 810 2635 τῶν
828 2575 945 2635 ἁλόντων
966 2578 1017 2637 Σι-

190 2682 216 2721 2⁵
239 2670 374 2729 κελιωτῶν
388 2666 521 2725 ἀπέδοσαν
539 2665 585 2725 καί
605 2665 639 2725 st
658 2665 796 2747 χρήματα.
837 2663 923 2725 Ὥστε
936 2668 1019 2743 ἡναγ·

241 2756 377 2826 κάσθησαν
392 2757 417 2814 οῖ
431 2752 561 2828 Ῥωμαῖοι
575 2755 612 2821 είς
625 2754 673 2827 τὴν
694 2755 771 2815 πόλιν
781 2753 956 2834 ἀναστρέψαι.

278 2839 445 2901 xxxvlll.
467 2840 640 2914 Διαλυθείσης
662 2841 690 2901 δέ
715 2846 763 2914 τῆς
787 2843 950 2919 στρατιάς,δ
971 2837 1019 2918 μέν

239 2928 371 2998 Σικίννιος
384 2926 546 3008 όδὴμαρχος
555 2930 710 3009 συναγαγὼν
722 2932 752 2991 τό
762 2932 862 3001 πλῆθος
874 2932 910 2996 είς
925 2931 1019 3000 ίκκλη-

243 3017 320 3090 σίαν,
340 3020 465 3097 προεῖπεν
482 3015 608 3093 ἡμέραν,
629 3023 655 3078 ίν
670 3009 689 3098 ἡ
703 3021 835 3078 συντελεῖν
859 3018 955 3094 ἔμελλε
968 3017 1017 3089 τὴν

190 3122 217 3160 'dt
241 3106 357 3187 περὶτοῦ
373 3103 497 3184 Μαρκίου
511 3103 605 3177 κρίσιν·
617 3105 663 3165 καί
678 3107 821 3187 παρεκάλει
836 3106 896 3172 τούς
908 3128 936 3163 τε
949 3105 1017 3164 κατὰ

241 3196 318 3256 πολιν
339 3193 506 3275 ὑπάρχοντας
520 3193 627 3274 ἀθρόους
642 3192 717 3266 ήκειν
739 3196 783 3254 tut
807 3194 856 3267 τὴν
877 3193 1017 3270 διάγνωσιν

240 3287 289 3354 τῆς
313 3281 403 3354 δίκης,
423 3282 471 3341 καί
492 3279 551 3347 τοὺς
577 3282 622 3341 ert
642 3285 695 3340 τῶν
720 3284 809 3364 ἀγρῶν
834 3279 1016 3360 διατρίόοντας

242 3369 385 3453 ἀραμένους
397 3373 450 3429 τῶν
465 3369 549 3450 ίργοιν
558 3372 594 3436 είς
608 3369 657 3442 τὴν
668 3368 750 3441 αὐτὴν
763 3367 868 3449 ἡμέραν
883 3369 1016 3441 ἀπαντᾶν,

243 3462 279 3527 όις
299 3457 363 3538 ύπέρ
379 3459 525 3538 ίλευθερίας
548 3457 594 3517 καὶ
614 3458 746 3537 σωτηρίας
761 3459 823 3530 ὅλης
844 3459 891 3528 τῆς
914 3453 1016 3523 πόλεως

189 3563 218 3603 ³³
243 3550 388 3631 πὴνψὴρον
403 3546 626 3627 ἀναληψομένους.
670 3545 846 3625 Μαρὴγγελλε
866 3543 893 3603 δὲ
911 3543 958 3602 καί
977 3546 1018 3625 τῷ

242 3638 357 3720 Μαρκίῳ
384 3644 508 3716 παρεῖναι
523 3637 588 3715 πρὸς
609 3635 657 3708 τήν
671 3637 837 3714 ἀπολογίαν,
857 3637 893 3701 ὡς
916 3633 1019 3702 ούδενδς

241 3728 399 3809 ἀτυχήσοντι
416 3726 469 3782 aba
483 3723 544 3803 περὶ
558 3723 604 3791 τὰς
625 3724 724 3805 κρίσεις
738 3723 869 3802 νομίμων.
912 3728 976 3792 Τοῖς
989 3723 1017 3785 δέ

241 3818 349 3883 ύπάτοις
371 3813 456 3874 έδόκει
479 3812 698 3893 βουλευσαμένοις
722 3813 790 3890 μετδι
812 3818 859 3873 τοῦ
884 3813 1019 3895 συνεδρίου

242 3905 280 3980 μή
295 3911 420 3987 περιορᾶν
441 3901 486 3960 τόν
501 3903 586 3979 δῆμον
601 3900 718 3970 ίξουσίας
739 3903 900 3974 τηλικαύτης
926 3899 1015 3981 κύριον

190 4007 217 4046 io
242 3991 393 4067 γενόμενον.
444 3988 552 4070 Εύρητο
563 3991 591 4050 st
606 3991 692 4054 αὐτοῖς
703 3993 749 4061 τῆς
757 3988 896 4057 κωλύσεως
911 3988 1018 4070 ἀρορμὴ

243 4077 333 4136 δικαία
358 4077 405 4136 καλ
427 4078 553 4154 νόμιμος,
580 4069 598 4157 ἡ
624 4077 757 4158 χρώμενοι
778 4077 866 4137 ποίντα
882 4075 1016 4138 διαλύσειν

240 4166 323 4247 ᾤοντο
349 4165 384 4224 τά
407 4169 460 4226 τῶν
485 4167 624 4227 ἀντιδίκων
647 4166 827 4245 βουλεύματα.
878 4167 932 4226 Καὶ
948 4167 1016 4244 μετά

239 4261 317 4315 τοῦτο
329 4253 513 4334 παρεκάλεσαν
527 4259 563 4324 εἰς
578 4259 670 4337 λόγους
688 4258 770 4317 ἐλθεῖν
784 4256 842 4325 τοὺς
852 4257 1016 4337 προεστηκό-

239 4370 286 4413 τας
306 4351 352 4404 soii
376 4342 477 4420 δήμου,
504 4346 633 4406 συνόντων
659 4348 745 4413 αὐτοῖς
770 4350 821 4406 τῶν
847 4347 1013 4420 ἐπιτηδείων.

190 4466 216 4503 so
240 4435 295 4498 liat
317 4433 389 4503 ίλεξε
403 4433 536 4505 Μηνύκιος
554 4436 651 4496 τοιάδε·
670 4465 683 4492 ιι
702 4435 802 4513 Ἡμῖν,
821 4426 844 4496 ὦ
868 4437 1016 4518 δήμαρχοι,

241 4550 255 4576 ιι
272 4524 345 4584 δοκεῖ
353 4523 453 4604 χρῆναι
467 4519 515 4592 τὴν
533 4523 626 4583 στάσιν
648 4523 793 4593 ἀξελαύνειν
809 4526 899 4596 ἀκτῆς
915 4527 1017 4594 octaua

241 4610 367 4693 ιιὰπάσῃ
392 4609 516 4688 δυνοίμει,
543 4610 589 4671 καί
612 4609 650 4687 μὴ
677 4614 831 4694 φιλονεικεῖν
851 4612 956 4672 έναντία
976 4617 1016 4695 τῷ

241 4727 257 4755 ιι
271 4701 349 4783 δὴμιρ
371 4700 433 4781 περί
451 4700 562 4779 μηδενός
588 4701 733 4783 χρήματος·
760 4702 876 4778 μάλιστα
902 4701 930 4761 δέ
952 4702 1016 4762 όταν

240 4817 253 4845 ιι
270 4793 373 4871 δρῶμεν
396 4794 465 4867 ὑμᾶς
485 4793 539 4852 ἀπδ
557 4795 609 4851 τῶν
634 4792 728 4870 βιαίων
752 4792 795 4852 ἀπὶ
816 4791 849 4851 τὰ
868 4789 958 4850 δίκαια
968 4791 1016 4851 καί

190 4904 217 4943 σο
241 4904 253 4929 ιι
272 4879 331 4948 τοῖς
344 4878 438 4960 λόγους
451 4878 573 4952 ἥκοντας.
585 4879 693 4951 Ταύτης
707 4877 827 4960 μέντοιγε
845 4883 893 4951 τῆς
908 4878 1016 4959 Υνιύμης

241 4992 254 5018 ιι
271 4968 436 5038 ίπαινσῖίντες
454 4971 540 5045 ὑμᾶς,
553 4966 602 5040 τήν
622 4966 721 5047 βουλήν
738 4969 845 5047 οἰόμεθα
870 4971 923 5029 δεῖν
938 4969 1015 5050 ἄρξαι

241 5078 254 5102 ιι
272 5052 458 5135 προόσδλευμα
472 5054 677 5133 ποιησαμένην,
693 5056 784 5137 ὥσπερ
800 5057 871 5118 ἐστίν
884 5061 948 5137 ἡμῖν
960 5057 1013 5117 ποί·

240 5163 253 5189 ιι
271 5158 352 5214 τριον.
376 5142 505 5205 Δύναισθε
521 5143 549 5203 δί
565 5141 597 5202 ἀν
613 5143 659 5202 καῖ
676 5143 750 5202 αὐτοὶ
764 5150 841 5203 τοῦτο
853 5150 1012 5229 μαρτυρεῖν,

1076 1870 1150 1922 lent:
1174 1870 1307 1937 habitoque
1337 1872 1462 1924 iuniorum
1476 1873 1575 1925 delectu
1601 1875 1716 1925 exiemut
1737 1873 1856 1939 utrique,

1077 1957 1145 2009 facto
1166 1961 1393 2020 senatusconsulto,
1419 1964 1449 2013 ut
1470 1961 1568 2026 omnia,
1592 1965 1646 2014 tam
1665 1963 1765 2028 privata
1780 1976 1856 2028 quam

1078 2045 1176 2109 publiea
1188 2046 1278 2097 iudlcia
1288 2047 1508 2112 suspenderentur,
1519 2048 1640 2117 quamdiu
1648 2049 1674 2101 iu
1683 2050 1758 2100 amuis
1768 2050 1856 2101 locent.

1079 2134 1132 2183 llos
1144 2135 1229 2195 eutem
1239 2128 1412 2199 tempusuou
1435 2140 1558 2200 quantum
1583 2136 1631 2201 ipsi
1652 2140 1792 2202 sperarant,
1810 2137 1855 2188 sed

1075 2219 1155 2270 multo
1176 2221 1276 2272 brevius
1306 2222 1360 2274 luit
1394 2224 1456 2274 Nam
1483 2224 1527 2275 ubl
1550 2226 1664 2277 Antiates
1687 2232 1855 2291 coguommnt

1075 2305 1198 2356 Romanos
1211 2306 1271 2357 totis
1284 2307 1380 2358 uiribus
1399 2321 1430 2358 ex
1447 2307 1539 2359 tinibus
1552 2310 1605 2359 suis
1625 2322 1753 2375 egressum·
1768 2323 1800 2361 ne
1813 2311 1855 2363 vel

1076 2391 1204 2443 minimum
1218 2393 1318 2456 quidem
1332 2394 1451 2459 temporis
1465 2395 1574 2460 spatium
1586 2396 1744 2457 εοεθίαειιιιίς
1757 2397 1800 2447 sed
1810 2408 1855 2447 eos

1081 2480 1176 2543 precari
1190 2483 1216 2530 et
1237 2480 1382 2546 suppliciter
1401 2496 1472 2535 orare
1484 2488 1630 2549 ceperunt,
1648 2486 1740 2549 etipsa
1757 2484 1855 2536 Siculo-

1077 2580 1132 2618 rum
1146 2580 1250 2633 corpora
1260 2571 1287 2619 et
1299 2568 1415 2633 pecuaias
1428 2569 1604 2633 restitueruut;
1613 2584 1663 2635 quo
1676 2572 1743 2623 tactu
1753 2571 1857 2622 Romani

1075 2653 1163 2706 urbem
1171 2658 1281 2721 repetere
1293 2656 1373 2708 coacti
1384 2660 1450 2711 suut.

1107 2831 1242 2883 xxxvnl.
1261 2829 1370 2882 Dimisso
1385 2835 1469 2882 autem
1483 2832 1593 2884 eremita
1603 2870 1610 2894 ,
1620 2830 1729 2884 sicinius
1743 2833 1858 2884 tribunus

1077 2915 1147 2980 plebe
1168 2917 1198 2968 ad
1221 2917 1365 2969 concionem
1377 2921 1463 2968 coacta
1481 2918 1574 2969 ltarclo
1587 2917 1655 2970 diem
1675 2919 1755 2983 dixit,
1768 2920 1794 2971 iu
1807 2933 1857 2984 qua

1077 3016 1173 3054 caussa
1189 3003 1243 3054 eius
1258 3003 1378 3054 iudicium
1391 3004 1532 3057 iaciendum
1550 3008 1625 3057 erat:
1642 3007 1795 3072 rogabatque
1808 3021 1857 3058 non

1075 3095 1156 3145 solum
1169 3095 1282 3158 eos,qui
1303 3095 1328 3145 in
1342 3095 1402 3147 urbe
1423 3102 1508 3157 erant,
1531 3102 1558 3149 ut
1582 3098 1769 3163 frequentesad
1791 3099 1858 3150 illius

1076 3197 1171 3235 caussae
1192 3183 1357 3248 cognitionem
1380 3198 1410 3235 ac
1434 3184 1698 3247 iudiciumrenirent3
1718 3184 1858 3237 sedetiam

1073 3270 1143 3331 illos,
1156 3269 1200 3333 qui
1213 3269 1238 3320 in
1251 3268 1316 3334 agris
1330 3269 1459 3335 degebant,
1473 3273 1500 3322 ut
1511 3271 1655 3322 intermisso
1666 3284 1740 3335 opere
1752 3269 1784 3321 ad
1798 3283 1858 3321 san·

1073 3357 1131 3409 dem
1142 3356 1208 3408 diem
1222 3360 1313 3421 praesto
1329 3360 1425 3420 essent,
1448 3358 1516 3423 quod
1533 3373 1579 3424 pm
1594 3358 1707 3409 libertate
1731 3361 1756 3409 et
1771 3357 1855 3409 salute

1073 3447 1151 3500 totius
1162 3444 1306 3509 reipublice
1319 3445 1437 3509 sutfragia
1451 3446 1511 3512 ipsis
1527 3451 1611 3499 essent
1626 3445 1734 3498 terenda.
1749 3448 1854 3497 Dennu·

1074 3536 1145 3588 tiarit
1157 3534 1233 3585 etiam
1252 3534 1359 3597 Marcio,
1373 3536 1402 3585 ut
1413 3535 1445 3585 ad
1464 3549 1580 3587 caussam
1599 3534 1727 3587 dicendam
1743 3533 1855 3593 veniret,

1073 3624 1197 3690 pollicitus
1215 3622 1282 3683 tore,
1298 3625 1327 3673 ut
1341 3624 1436 3675 auidus
1445 3624 1481 3675 rei
1494 3624 1610 3689 legitima
1623 3625 1649 3675 iu
1666 3622 1765 3675 tudiciis
1777 3623 1857 3689 repul·

1074 3727 1128 3764 sam
1141 3713 1275 3775 pateretur.
1310 3708 1458 3760 Consulibus
1474 3714 1547 3771 vem',
1571 3714 1628 3777 post
1651 3711 1855 3762 consultationem

1074 3813 1132 3851 curu
1143 3796 1255 3862 patribus
1265 3795 1375 3847 habitam
1386 3834 1392 3859 ,
1408 3797 1487 3862 plebis
1507 3798 1610 3850 arbitrio
1630 3802 1728 3850 tantam
1745 3802 1854 3864 potesta·

1075 3905 1125 3953 ίοειε
1138 3902 1238 3952 minime
1251 3898 1394 3964 permittere
1407 3896 1508 3961 placuit.
1541 3899 1640 3947 lustum
1656 3901 1741 3947 autem
1756 3899 1780 3945 et
1790 3894 1851 3960 legi-

1074 3984 1160 4037 timum
1170 3984 1223 4035 eius
1237 3981 1377 4034 inhibendas
1398 3981 1516 4032 rabonem
1532 3981 1693 4043 invenerunt,
1711 3981 1854 4046 quaomnia

1073 4073 1270 4126 aduersariorum
1283 4069 1419 4122 mosibus
1447 4083 1474 4121 se
1496 4067 1643 4134 dissipatum
1669 4069 1700 4120 iri
1726 4070 1851 4134 putabant.

1074 4166 1205 4225 Quolacto
1223 4161 1335 4213 tribunos
1356 4160 1433 4224 plebis
1453 4172 1573 4209 unacum
1597 4173 1683 4211 eorum
1708 4160 1855 4211 necessariis

1073 4253 1106 4305 ad
1116 4255 1267 4319 colloquium
1282 4256 1411 4304 vocarunt.
1431 4252 1462 4299 m
1485 4248 1608 4301 llinucius
1623 4249 1649 4299 ln
1670 4248 1738 4299 bunc
1753 4250 1855 4301 modum

1072 4355 1112 4402 est
1123 4350 1221 4401 locutus
1235 4370 1241 4400 ι
1264 4347 1377 4407 uliobis,
1394 4343 1501 4405 tribuni,
1522 4342 1612 4394 seditio
1622 4357 1654 4394 ex
1667 4343 1730 4394 urire
1746 4344 1804 4394 totis
1816 4345 1853 4395 vi·

1075 4445 1172 4496 oribus
1195 4446 1316 4507 tollenda,
1342 4456 1388 4495 nec
1403 4454 1462 4493 eum
1486 4438 1558 4506 plebe
1583 4440 1733 4505 pertinacius
1753 4440 1803 4491 ulla
1820 4441 1854 4495 de

1075 4549 1130 4586 ιιτε
1149 4535 1347 4586 mutendendum
1371 4530 1630 4599 ridetumprassertim
1654 4543 1714 4581 vero
1732 4544 1789 4580 cum
1813 4531 1853 4582 ri·

1074 4639 1087 4670 ιι
1103 4620 1221 4683 deamus,
1234 4634 1292 4682 ros,
1308 4621 1399 4672 omissa
1410 4621 1450 4682 vi,
1465 4619 1521 4671 iuro
1534 4632 1565 4670 ac
1577 4618 1661 4669 uerbis
1677 4630 1758 4683 agere.
1773 4620 1857 4678 Quam

1074 4727 1086 4759 ιι
1100 4711 1207 4760 vestram
1219 4707 1371 4760 uoluntatem
1379 4707 1439 4759 licet
1452 4706 1595 4769 laudemus,
1608 4709 1693 4757 tamen
1701 4715 1858 4776 patrassent·

1074 4796 1257 4849 utusconsulto
1277 4809 1346 4847 more
1367 4795 1447 4860 patric
1461 4794 1533 4846 robis
1546 4795 1662 4845 auctores
1678 4792 1734 4842 lieri
1755 4806 1855 4859 ωιγυιιειε

1074 4900 1175 4951 nequo
1189 4900 1244 4938 ease
1263 4898 1400 4938 censemus.
1434 4883 1542 4935 Potestis
1563 4886 1646 4934 autam
1664 4883 1691 4932 et
1711 4881 1762 4946 ipsi
1778 4886 1857 4933 testes

1074 4992 1086 5024 ι
1101 4989 1168 5036 esse,
1181 4989 1273 5040 exque
1285 4976 1339 5027 lec
1350 4974 1435 5027 urbsa
1448 4972 1584 5025 maioribus
1595 4972 1688 5024 uostris
1698 4970 1799 5023 condita
1807 4974 1853 5031 est,

1073 5086 1086 5111 ι
1104 5079 1200 5132 semper
1216 5067 1282 5119 bunc
1299 5066 1418 5118 bonorem
1431 5065 1528 5117 seuatul
1541 5065 1668 5123 habituro,
1684 5066 1711 5116 et
1727 5075 1854 5128 ιιιισησεισ

1073 5155 1200 5220 αρίοοειιι·
1212 5157 1244 5208 de
1261 5157 1311 5208 ulta
1328 5170 1355 5208 re
1367 5156 1460 5222 absque
1486 5159 1612 5223 praeunte
1637 5152 1855 5208 senatusconsulto

240 5248 254 5276 ιι
271 5222 315 5286 ότι,
325 5222 351 5292 ti
365 5217 394 5285 οὗ
407 5227 487 5300 τήνδε
507 5228 556 5302 τὴν
576 5231 653 5290 πόλιν
680 5230 788 5290 ίκτεσαν
804 5234 881 5308 ἡμῶν
905 5233 929 5291 oi
953 5233 1020 5314 πρί-
1068 5241 1233 5302 uindicasse,
1247 5254 1327 5306 neque
1340 5241 1476 5308 quidquam
1490 5241 1543 5295 suls
1560 5241 1685 5307 sntlraglls
1697 5239 1857 5294 decrevisse,
