4068 5924
255 434 315 496 182

255 570 332 625 σθαι·
347 564 404 624 otti
420 563 471 641 γὰρ
487 564 511 621 οἱ
532 560 749 644 καταλειφθέντες
762 561 789 619 ἐν
807 565 845 641 τῷ
867 560 968 641 χάρακι
982 560 1031 629 τὴν

257 654 349 733 έφοδον
365 648 578 729 ἀποκρούσασθαι
591 654 644 708 τῶν
665 649 792 709 ἐπιόντων
807 647 896 729 σφίσιν
918 647 1035 728 ἐθάρρη-

256 763 321 809 σαν,
339 740 391 795 οὐδ’
408 739 443 804 εἰς
455 746 549 815 πεῖραν
565 730 643 808 ἦλθον
657 738 761 817 μάχης,
781 739 841 796 ἀλλ’
856 735 1035 816 ἐκταραχθέν-

255 850 296 894 τες
315 825 365 884 tub
382 830 427 884 τοῦ
444 826 506 906 παρ’
522 827 616 885 ἐλπίδα
635 833 736 899 κακοῦ,
752 826 902 906 παρέδοσαν
916 823 1036 904 ἀμαχητὶ

216 937 229 973 ε
257 924 323 996 σφᾶς
337 937 365 972 τε
382 913 475 981 αὐτούς
489 913 534 972 καὶ
550 915 580 973 τό
600 915 695 993 ἔρυμα.
739 917 775 976 Αἱ
791 914 838 991 μέν
854 913 886 986 δὴ
901 917 953 972 τῶν
976 914 1036 974 Σα-

258 1004 339 1064 ύίνων
363 1004 460 1074 πόλεις,
475 1007 510 1071 ὡς
527 1004 809 1085 κατεστρατηγημέναι
822 1005 868 1062 καὶ
886 1006 933 1063 ούκ
956 1005 1036 1082 ἀρετῇ

257 1094 305 1166 τὴν
337 1093 410 1163 νίκην
437 1091 604 1174 ἀφῃρημέναι
625 1092 689 1172 πρδς
714 1096 766 1151 τῶν
793 1090 941 1169 πολεμίων,
965 1088 1034 1147 ἀλλά

257 1182 342 1261 δόλῳ,
365 1181 485 1257 μείζονας
512 1173 584 1248 αὖθις
606 1181 776 1240 ἀποστελλειν
801 1180 923 1257 δυνάμεις
950 1200 1037 1258 παρε-

257 1270 413 1338 σκευάζοντο
425 1269 469 1328 καὶ
480 1268 626 1351 στρατηγὸν
638 1267 837 1347 ἐμπειρότερον.
879 1262 915 1325 ‘0
924 1264 953 1324 δδ
964 1266 1038 1342 Tap·

206 1374 231 1414 10
257 1360 355 1432 κόνιος,
369 1357 459 1434 μαθὼν
475 1358 522 1431 τλν
535 1359 652 1419 διάνοιαν
669 1359 767 1429 αὐτῶν,
782 1359 878 1434 συνῆγε
891 1353 939 1428 τὴν
955 1376 1037 1434 arpa·

258 1448 316 1508 τιδιν
339 1445 382 1506 διδι
404 1446 516 1528 τάχους,
533 1447 578 1505 καὶ
607 1444 668 1527 πρὶν
696 1443 808 1510 ἐκείνους
838 1444 957 1509 ἅπαντας
985 1441 1037 1514 ἤδη

259 1539 389 1598 συνελθεῖν
402 1535 490 1617 φθάνει
503 1533 595 1602 διαόδς
608 1534 652 1593 τὸν
668 1532 773 1602 Ἀνίητα
790 1531 919 1610 ποταμόν.
941 1534 1036 1591 Ταῦτα

159 1690 165 1699 ,
260 1624 389 1705 μαθιὶιν,θ
412 1627 464 1683 τῶν
481 1622 603 1684 Σαύίνων
617 1621 764 1703 στρατηγὸς
779 1618 849 1699 ἐξῄει
863 1620 912 1698 μέν
931 1621 967 1687 ύις
983 1609 1038 1701 εῖχε

259 1717 355 1795 τάχους
367 1759 375 1788 ,
389 1714 436 1783 τὴν
462 1713 553 1772 νεωστὶ
566 1710 731 1790 συνηγμένην
750 1708 861 1768 δύναμιν
880 1706 1037 1778 ἀναλαύδιν,

207 1815 232 1853 ¹⁵
260 1805 305 1863 καὶ
322 1800 560 1878 στρατοπεδεύεται
581 1801 693 1872 πλησίον
715 1802 766 1858 τῶν
778 1797 921 1874 Ῥωμαίων
933 1797 976 1857 ἐπὶ
990 1796 1038 1857 λό-

263 1914 311 1972 φου
325 1890 392 1957 τινδς
407 1890 507 1969 ὑψηλοῦ
521 1888 567 1947 καὶ
582 1884 731 1962 ἀποτόμου,
749 1884 840 1966 μάχης
852 1886 875 1944 δ’
886 1886 977 1966 ἀρχειν
991 1886 1039 1944 οὐκ

259 1979 410 2054 ἐδοκίμαζεν
425 1977 473 2043 έως
487 1978 514 2034 αὶ
529 1976 620 2037 λοιπαὶ
630 1978 682 2034 τῶν
697 1973 822 2035 Σαύίνων
836 1974 959 2051 δυνάμεις
974 1997 1037 2034 συν-

260 2068 389 2137 έλθωσιν,
414 2066 472 2124 ἀλλ’
495 2065 540 2123 ἐπὶ
561 2063 621 2130 τοὶς
644 2060 856 2144 προνομεύοντας
879 2061 926 2134 τλν
948 2060 1039 2141 χώραν

178 2208 181 2214 Α
260 2154 403 2231 ἐκπέμπων
418 2152 469 2213 niet
484 2176 556 2220 τινας
569 2155 622 2211 τῶν
639 2150 754 2223 ἱππέων,
768 2149 814 2209 καὶ
825 2150 920 2231 λόχους
935 2150 1041 2229 έγκαθί·

208 2257 234 2296 ευ
262 2248 312 2313 ζων
334 2241 409 2310 ύλαις
426 2240 443 2313 ’λ
468 2241 575 2319 νάπαις,
589 2231 665 2324 εἶργεν
678 2239 738 2308 τοὶς
752 2239 904 2317 Ῥωμαίους
921 2243 974 2299 τῶν
997 2240 1041 2298 ἐπὶ

261 2333 308 2403 τὴν
324 2332 415 2412 χώραν
430 2330 537 2400 ἐξόδων.

301 2420 393 2482 bxv.
405 2420 504 2479 Τοῦτον
526 2416 554 2477 δὶ
577 2414 621 2475 τδν
636 2414 734 2497 τρόπον
747 2417 828 2476 αύτοῦ
845 2415 984 2495 χρωμένου
1004 2419 1042 2496 τῷ

262 2506 492 2585 πολέμῳ,πολλαὶ
517 2504 564 2579 μέν
580 2503 733 2583 συμπλοκαὶ
756 2504 816 2564 κατ’
833 2503 935 2582 ὀλίγους
959 2504 1042 2584 ψιλῶν

262 2616 290 2652 τε
306 2594 350 2653 καὶ
370 2592 475 2653 ἱππέων
489 2591 618 2672 ἐγίνοντο,
633 2592 708 2670 μάχη
723 2591 749 2648 δ’
761 2588 904 2669 ὁλοσχερὴς
919 2589 1043 2649 ἁπάντων

208 2696 235 2735 ²³
263 2681 384 2758 οὐδεμία.
428 2679 591 2757 Ἑλκομένου
602 2678 630 2738 δέ
642 2683 688 2739 τοῦ
702 2679 807 2759 χρόνου,
819 2681 853 2737 δι’
867 2680 947 2758 ὀργῆς
957 2677 1042 2759 φόρων

262 2770 311 2841 τὴν
327 2767 477 2849 διατριόὴν,
490 2770 504 2826 θ
521 2766 668 2846 Ταρκύνιος
689 2769 732 2828 ἐπὶ
745 2770 793 2838 την
806 2767 978 2849 παρεμύολὴν
990 2773 1044 2828 τῶν

263 2858 397 2936 πολεμίων
422 2858 468 2925 τδις
493 2856 615 2935 δυνάμεις
634 2857 734 2937 ἔκρινεν
759 2857 849 2931 άγειν,
872 2858 917 2916 καὶ
940 2857 1043 2926 πολλάς

266 2947 408 3019 ἐποιήσατο
425 2944 585 3027 προσόολάς.
607 2942 723 3005 Ἔπειτα
736 2942 898 3021 καταμαθών
912 2946 952 3026 τῷ
965 2945 1044 3023 βιαίῳ

265 3042 316 3097 τιῗιν
338 3036 441 3114 τρόπων
463 3037 492 3095 ού
509 3036 601 3116 ρφδίαν
620 3023 701 3093 οὖσαν
718 3033 799 3105 αύτῖγν
814 3035 914 3092 ἁλῶναι
933 3032 976 3092 bb
995 3035 1043 3105 τὴν

209 3135 238 3175 ³0
264 3127 427 3207 ἐχυρότητα,
441 3128 474 3205 τῇ
490 3123 584 3184 σπάνει
598 3125 650 3181 τῶν
670 3121 824 3194 ἐπιτηδείων
839 3124 965 3198 πολεμεῖν
982 3121 1042 3190 τοὶις

262 3225 288 3282 ἐν
312 3224 379 3302 αὐτῇ
396 3222 507 3298 διέγνω,
524 3220 569 3279 καὶ
589 3218 664 3299 παρά
683 3218 772 3285 πάσας
791 3218 839 3285 τδις
853 3218 978 3301 φερούσας
1001 3219 1045 3278 ἐπὶ

262 3310 343 3379 αὐτὴν
367 3307 441 3375 θδοὶις
463 3306 576 3389 φρουρδις
597 3306 876 3384 κατασκευαζόμενος,
898 3305 1045 3375 ξυλίζεσθαί

263 3400 289 3456 τ’
301 3397 395 3464 αὐτούς
406 3395 451 3456 καὶ
465 3396 539 3477 χιλδν
554 3396 645 3464 ἵπποις
662 3395 784 3473 συνάγειν
792 3396 837 3454 καὶ
850 3395 936 3454 τιίλλα
951 3395 1044 3468 ἐπιτή-

264 3489 321 3546 δεια
330 3483 478 3563 λαμύάνειν
493 3486 523 3544 ἐκ
534 3488 580 3557 τῆς
591 3483 680 3566 χώρας
693 3485 742 3543 οὐκ
753 3486 803 3543 ἑῶν
814 3485 850 3551 εὶς
863 3482 966 3557 πολλὴν
977 3507 1043 3543 κατ·

210 3580 237 3618 3⁵
264 3574 373 3647 ε’στησεν
411 3573 535 3634 ἀπάντων
572 3572 702 3652 ἀπορίαν
739 3571 803 3632 ὥστ’
837 3576 1044 3653 ἠναγκάσθησαν

267 3664 426 3746 φυλάξαντες
437 3661 519 3722 νύκτα
532 3662 667 3743 χειμέριον
686 3661 763 3721 ύδασι
779 3662 824 3721 καὶ
846 3662 935 3742 ἀνέμῳ
954 3669 1045 3742 φυγεῖν

267 3753 381 3833 αἰσχρῶς
405 3751 436 3808 ἐκ
453 3753 498 3809 τοῦ
515 3748 652 3829 χάρακος,
668 3747 855 3816 καταλιπόντες
873 3749 900 3806 ἐν
917 3750 989 3831 αὐτῷ
1011 3747 1044 3806 τά

264 3864 293 3899 τε
306 3838 434 3917 ὑποζύγια
450 3838 495 3896 καὶ
510 3835 556 3902 τάς
570 3836 669 3907 σκηνάς
682 3836 729 3894 καὶ
745 3834 805 3903 τοὶις
819 3834 984 3916 τραυματίας
998 3839 1045 3895 καὶ

266 3927 314 4000 τὴν
337 3931 372 3995 εἷς
394 3928 438 3986 τὸν
461 3925 577 4004 πόλεμον
600 3923 770 4005 παρασκευὴν
794 3924 910 3984 άπασοιν.
953 3926 997 4004 Τῇ
1017 3923 1045 3982 δέ

211 4029 238 4067 4⁰
266 4015 324 4086 ἑξῆς
345 4015 443 4097 ἡμέρᾳ,
458 4015 585 4092 μαθόντες
599 4016 624 4074 οὶ
644 4012 777 4090 Ῥωμαῖοι
791 4011 840 4087 τὴν
864 4013 979 4093 ἄπαρσιν
1000 4013 1046 4070 αύ-

268 4105 334 4175 τιῖιν,
355 4104 401 4162 καὶ
427 4105 563 4183 γενόμενοι
582 4107 629 4164 τοῦ
654 4104 772 4184 χάρακος
791 4101 914 4182 ἀμαχητὶ
945 4099 1045 4181 κύριοι,

268 4189 366 4262 σκηνάς
390 4192 437 4267 μὲν
452 4193 498 4253 καὶ
518 4194 645 4270 ὑποζύγια
667 4192 713 4252 καὶ
728 4193 856 4272 χρήματα
876 4188 1044 4270 διήρπασαν,

267 4279 326 4347 τοὶς
341 4282 363 4340 δ’
379 4278 566 4359 αἰχμαλώτους
580 4281 727 4360 ἀπάγοντες
741 4284 776 4348 εἰς
790 4279 838 4353 τὴν
860 4277 970 4356 Ῥώμην
986 4280 1045 4337 δινέ-

268 4374 394 4453 στρεψαν.
438 4360 523 4436 Ούτος
541 4373 556 4428 θ
571 4369 687 4445 πολεμος
705 4370 752 4443 ἔτη
770 4370 847 4430 πέντε
863 4369 965 4446 διέμενε
983 4394 1046 4429 συν-

214 4477 242 4517 εε
269 4465 337 4542 εχιῒις
359 4456 571 4536 πολεμούμενος,
590 4461 617 4518 ἐν
635 4449 657 4534 ᾧ
673 4463 724 4537 γῆν
740 4459 884 4541 ἀμφότεροι
898 4456 946 4530 τὴν
963 4458 1045 4530 ἀλλά·

270 4553 324 4611 λων
340 4554 511 4629 πορθοῦντες,
533 4546 578 4606 καὶ
597 4548 685 4626 μάχας
704 4547 806 4614 πολλδις
818 4549 941 4615 ἐλάττους
953 4570 983 4606 τε
1002 4547 1047 4607 καὶ

269 4641 371 4717 μείζους
394 4637 541 4719 μαχόμενοι
563 4635 732 4710 διετέλεσαν,
757 4636 835 4715 ὀλίγα
853 4635 901 4713 μέν
920 4659 979 4695 τινα
1001 4637 1046 4695 καὶ

267 4733 318 4787 τῶν
338 4726 460 4789 Σαύίνων
488 4724 669 4806 εὐτυχούντων
699 4727 726 4784 ἐν
750 4726 803 4794 τοῖς
825 4729 929 4804 ἀγῶσι,
956 4723 990 4784 τά
1018 4726 1046 4785 δὲ

268 4820 380 4875 πλεῖστα
399 4815 557 4893 Ῥωμαίων·
579 4817 606 4874 ἐν
622 4817 649 4874 δέ
670 4839 702 4895 τη
719 4813 859 4893 τελευταία
874 4813 949 4893 μάχη
972 4813 1047 4882 τέλος

215 4913 242 4951 ⁶⁰
270 4902 363 4962 ἐλαύεν
381 4903 529 4982 ὁλοσχερές.
574 4902 685 4963 Σαύῖνοι
697 4901 748 4981 γάρ
767 4905 817 4981 οὐχ
825 4906 863 4969 ώς
877 4903 1001 4982 πρότερον
1018 4905 1048 4963 ἐκ

271 4992 410 5069 διαδοχῆς,
427 4992 487 5051 ἀλλ’
503 4992 560 5065 ἅμα
582 4990 676 5059 πάντες
695 4991 719 5050 οῖ
738 4991 928 5068 στρατεύσιμον
943 4990 1046 5072 έχοντες

269 5077 373 5147 ἡλικίαν
391 5078 496 5150 ἐξῆλθον
512 5079 556 5137 ἐπὶ
574 5080 618 5137 τὸν
632 5079 762 5150 πολεμον,
778 5077 910 5156 Ῥωμαῖοί
930 5103 959 5139 τι
974 5079 1044 5156 σύμ-

269 5188 366 5231 παντες
382 5163 428 5233 τάς
450 5166 572 5226 Λατίνων
588 5166 632 5225 καὶ
653 5168 810 5247 Τυρρηνῶν,
823 5167 868 5225 καὶ
887 5172 939 5227 τῶν
959 5168 1046 5227 ἄλλοιν

271 5252 422 5331 συμμάχων
447 5252 570 5330 δυνάμεις
594 5252 809 5333 παραλαόόντες,
830 5253 945 5334 ἐχώρουν
966 5254 1047 5331 θμόσε

778 429 949 490 DIONYSll
974 426 1358 490 HALICARNASSENSIS

1091 569 1209 634 repellere
1217 569 1273 620 ausi
1284 571 1357 630 sunt,
1369 569 1536 634 neqneproeiii
1547 569 1625 621 aleam
1635 569 1719 621 subire
1728 569 1869 633 voluerunt,

1091 682 1135 733 sed
1157 681 1307 732 eonstemati
1328 681 1451 745 insperato
1485 682 1550 733 iunio
1580 682 1633 734 eine
1660 684 1712 734 ntia
1732 698 1813 750 pugna
1843 695 1871 735 εα

1091 805 1185 857 suaque
1205 792 1359 844 munimenta
1376 791 1426 843 iliis
1441 791 1602 845 dediderunt.
1638 793 1783 845 Sabinorum
1797 793 1872 859 igitur

1092 902 1174 968 populi
1190 904 1221 954 nt
1234 903 1343 954 hostiurn
1355 902 1413 953 doto
1421 903 1546 967 superati,
1559 907 1584 955 et
1602 917 1651 954 non
1667 907 1758 956 virtute
1771 905 1814 956 sod
1825 905 1871 957 tal·

1093 1013 1157 1064 lania
1175 1012 1208 1063 ab
1228 1011 1342 1063 hostibus
1359 1012 1462 1063 notoria
1478 1013 1583 1077 privati,
1595 1013 1701 1065 munros
1719 1016 1802 1080 oopias
1820 1018 1869 1068 ite-

1093 1137 1147 1173 rum
1166 1122 1268 1172 mittere
1285 1123 1417 1185 parabant,
1434 1124 1460 1171 et
1470 1121 1642 1185 imperatorem
1655 1138 1744 1175 rernm
1761 1125 1871 1180 bellica-

1093 1247 1155 1287 rum
1162 1233 1311 1300 peritiorem.
1343 1231 1392 1282 Sed
1404 1232 1561 1296 Tarquiuius,
1576 1236 1763 1300 cognitoaorum
1769 1238 1873 1290 οοιιείθο

1093 1345 1205 1396 celeriter
1218 1344 1302 1407 eopias
1312 1343 1405 1408 usna,
1422 1347 1448 1395 et
1463 1349 1596 1411 antequam
1611 1360 1697 1399 omnes
1707 1349 1743 1400 iiii
1758 1349 1784 1401 in
1794 1361 1872 1399 unum

1093 1449 1503 1512 coirent,eosanterertittlurium
1511 1452 1628 1504 anienem
1635 1453 1768 1518 trajiciens.
1800 1452 1874 1513 Quod

1094 1561 1136 1612 ubi
1152 1561 1268 1626 eognovit
1287 1562 1430 1613 Sabinorum
1447 1566 1589 1631 imparatae,
1603 1580 1676 1630 qaam
1700 1567 1781 1632 potuit
1798 1566 1874 1618 eeler-

1094 1673 1156 1724 rime
1169 1687 1226 1724 enm
1240 1686 1328 1725 recens
1339 1675 1442 1727 eolleeto
1460 1677 1572 1729 eaeroitu
1587 1678 1650 1728 exiit
1665 1681 1692 1728 et
1704 1682 1786 1728 castra
1797 1690 1874 1743 prope

1095 1789 1218 1838 Βοοιιιοοε
1230 1787 1321 1852 posuit,
1334 1788 1359 1838 in
1373 1790 1481 1853 quodam
1493 1790 1558 1840 coito
1575 1790 1675 1841 οιιοοΙεο
1688 1793 1714 1840 et
1733 1792 1873 1853 praeruptos
1974 1828 1982 1840 .

1095 1900 1140 1950 sed
1159 1900 1272 1967 aprrobo
1285 1901 1461 1954 abstinendum
1475 1901 1587 1964 censuit,
1603 1901 1682 1953 donee
1694 1901 1794 1964 reliqua
1808 1900 1875 1952 subi-

1094 2017 1184 2055 norom
1200 2004 1277 2068 oopieo
1291 2005 1464 2065 convenirent,
1479 2009 1556 2070 atoue
1571 2002 1670 2055 Ιιιίσιῖτο
1680 2003 1704 2053 iu
1719 2002 1875 2068 pabulatores

1095 2109 1190 2173 equites
1203 2108 1297 2172 aliquot
1309 2110 1417 2162 subinde
1426 2111 1550 2167 emittens,
1568 2113 1595 2162 et
1612 2111 1711 2161 insidias
1727 2112 1752 2160 iu
1768 2110 1837 2160 siris
1848 2112 1876 2160 et

1096 2217 1200 2268 saltibus
1210 2217 1343 2279 oolioeans,
1356 2217 1503 2283 impediebat
1514 2221 1635 2269 Romanos
1648 2217 1837 2269 neinoursiones
1849 2219 1875 2270 in

1096 2339 1181 2391 agrurn
1191 2327 1308 2379 tacerent.

1126 2445 1200 2493 bxv.
1214 2446 1295 2506 atque
1307 2456 1364 2494 cum
1376 2443 1417 2494 iiis
1437 2443 1529 2494 betium
1542 2443 1577 2495 ita
1586 2445 1697 2507 gereret,
1712 2442 1799 2494 erebro
1812 2442 1877 2495 inter

1097 2568 1188 2620 pauoos
1205 2557 1326 2620 quosuuru
1348 2556 1436 2609 volites
1451 2560 1477 2608 et
1496 2556 1594 2620 equitas
1609 2558 1759 2622 pugnatum,
1778 2558 1804 2607 at
1817 2569 1878 2607 nnn-

1097 2679 1171 2732 quarn
1194 2666 1256 2718 tutis
1270 2667 1364 2718 viribus
1384 2666 1411 2717 in
1426 2667 1480 2718 anie
1499 2669 1620 2719 portatum
1633 2671 1680 2719 est.
1715 2668 1779 2718 cnm
1794 2669 1878 2719 autem

1075 2840 1078 2846 Δ
1098 2782 1197 2843 tempas
1212 2776 1363 2839 traheretur,
1377 2775 1525 2838 'tarquinius
1537 2790 1619 2827 moras
1634 2776 1690 2828 ilias
1706 2778 1877 2841 agneramus,

1098 2887 1186 2938 statuit
1199 2886 1282 2951 copias
1298 2886 1331 2937 nt
1344 2887 1453 2938 hostium
1472 2889 1554 2936 eastra
1568 2883 1673 2946 ducere,
1695 2899 1774 2948 eoquo
1787 2885 1879 2950 saepius

1097 2997 1257 3061 oppugnarit.
1290 2996 1338 3048 Sed
1351 3011 1408 3048 ουιιι
1423 2996 1639 3049 animadvertisset
1651 3011 1681 3047 ea
1691 3011 1740 3046 nun
1750 2997 1821 3047 tacite
1831 3010 1877 3048 ex·

1097 3097 1200 3162 pugnari
1215 3110 1303 3162 posse,
1317 3098 1385 3163 quod
1396 3100 1466 3149 Ιοιυε
1483 3103 1550 3149 esset
1566 3102 1655 3150 natura
1674 3098 1799 3157 ιιιιιιιῖῑιιε,
1813 3111 1879 3150 com·

1098 3211 1196 3258 meatus
1206 3206 1289 3272 inopia
1301 3210 1396 3271 eosqui
1409 3207 1435 3257 iu
1449 3207 1509 3273 ipsis
1524 3211 1594 3261 eraut
1603 3221 1743 3272 expugnare
1756 3207 1877 3260 decrevit.

1098 3298 1186 3385 ltaque
1199 3318 1232 3369 ad
1245 3332 1331 3369 ornnes
1345 3318 1400 3368 vias
1411 3332 1468 3381 qun
1479 3333 1509 3371 eo
1527 3319 1640 3371 terebant
1651 3320 1778 3384 dispositis
1791 3320 1880 3384 prosi·

1097 3420 1159 3482 diis,
1175 3433 1218 3470 eos
1232 3432 1311 3483 neque
1325 3419 1412 3483 lignani
1423 3433 1503 3484 neque
1515 3419 1632 3486 pabulum
1642 3420 1712 3485 equis
1721 3425 1880 3485 comportare

1098 3538 1179 3589 neque
1194 3524 1257 3575 alias
1271 3537 1311 3575 res
1324 3522 1477 3575 necessarias
1490 3536 1522 3574 er
1540 3536 1598 3587 agro
1612 3537 1659 3573 nuo
1668 3537 1766 3576 sumere
1783 3525 1879 3585 sinens.

1098 3632 1130 3684 ad
1150 3646 1265 3697 maguam
1284 3645 1366 3682 rerum
1383 3630 1495 3682 omniurn
1512 3631 1641 3695 penuriam
1661 3631 1765 3697 redegit.
1797 3635 1881 3692 Quare

1100 3743 1179 3795 eoacti
1195 3745 1269 3803 sunt,
1283 3742 1416 3793 observata
1428 3746 1501 3794 noete
1514 3741 1636 3793 imbribus
1650 3746 1678 3793 et
1693 3744 1808 3807 procellis
1823 3748 1879 3797 tur·

1100 3853 1171 3915 bida,
1182 3867 1214 3904 ex
1231 3853 1321 3903 casinis
1333 3852 1440 3917 turpiter
1453 3853 1550 3917 fugere,
1561 3851 1654 3904 relictis
1668 3852 1703 3904 ibi
1722 3858 1748 3905 et
1763 3854 1881 3908 iumentis

1100 3969 1126 4017 et
1146 3965 1261 4018 tentoriis
1279 3968 1304 4014 et
1322 3963 1414 4014 sanetis
1427 3966 1454 4013 et
1474 3962 1542 4012 omui
1556 3961 1644 4013 bellico
1656 3964 1785 4027 apparatu.
1818 3965 1879 4015 Pos-

1101 4080 1155 4129 tero
1164 4075 1205 4127 die
1223 4074 1335 4137 Romani,
1349 4074 1447 4139 cognita
1459 4086 1544 4124 eorum
1557 4073 1622 4136 iuga.
1633 4072 1687 4123 siue
1698 4086 1780 4138 pugna
1792 4077 1882 4127 eastris

1100 4180 1189 4244 potiti,
1213 4179 1319 4231 tantuin
1339 4182 1366 4230 et
1390 4179 1502 4229 iumenta
1524 4179 1550 4228 et
1571 4176 1689 4243 pecunias
1711 4176 1881 4243 diripuerunt,

1102 4285 1263 4348 captivosque
1276 4297 1360 4334 seouru
1374 4282 1524 4334 abducentes
1538 4284 1642 4334 Romam
1659 4281 1794 4335 redierunt.
1827 4286 1882 4335 lion

1101 4390 1194 4441 betium
1217 4390 1326 4453 quinque
1347 4387 1455 4451 integros
1475 4389 1502 4438 et
1521 4385 1653 4438 continuos
1674 4400 1752 4438 anuos
1767 4387 1882 4451 duravit,

1101 4513 1151 4565 quo
1170 4494 1272 4559 utrique
1294 4506 1366 4558 agnos
1386 4493 1481 4544 mutuis
1500 4493 1683 4547 incursionibus
1699 4496 1841 4557 vasbrnnt,
1857 4500 1883 4547 et

1102 4608 1187 4676 prolia
1201 4605 1281 4657 muita
1298 4603 1364 4655 laria
1379 4607 1405 4655 et
1417 4604 1501 4669 gravia
1518 4606 1638 4669 perpetuo
1652 4602 1842 4667 eommisomnt3
1855 4608 1883 4656 nt

1102 4736 1158 4778 raro
1179 4718 1280 4784 ηυῖθειιι
1297 4718 1395 4781 Sabini,
1416 4718 1553 4783 sapiasime
1580 4732 1640 4770 varo
1659 4717 1762 4770 Romani
1779 4716 1883 4771 taliata

1102 4839 1154 4878 roan
1167 4825 1302 4889 gesserunt.
1335 4822 1384 4874 Sed
1397 4828 1520 4889 postrema
1530 4836 1613 4889 pugna
1623 4821 1688 4874 betto
1698 4824 1797 4888 ponitus
1808 4823 1882 4875 θιιειιι

1102 4931 1228 4999 imposuit.
1261 4931 1346 4983 Sabini
1367 4934 1443 4996 ειιὶιιι,
1460 4947 1510 4984 non
1531 4937 1561 4985 ut
1578 4936 1637 4985 ante
1657 4946 1703 4998 per
1729 4933 1810 4995 εἰοεε,
1836 4932 1882 4985 sed

1101 5043 1288 5106 omousiani,
1302 5045 1344 5109 qui
1359 5058 1402 5109 per
1422 5046 1522 5097 atatem
1535 5057 1605 5095 arma
1619 5042 1684 5096 terre
1701 5047 1830 5109 poterant,
1848 5045 1881 5095 ad

1101 5157 1193 5208 betium
1206 5157 1311 5220 protecti
1322 5159 1380 5207 eunt
1391 5177 1398 5206 ι
1411 5158 1437 5208 ot
1445 5155 1549 5208 Romani
1562 5168 1656 5216 ornnes,
1669 5171 1725 5206 euna
1735 5156 1881 5207 latinorum

1102 5266 1127 5313 et
1141 5266 1301 5312 Etrusoorum
1314 5266 1339 5312 et
1350 5261 1456 5313 aliorum
1469 5262 1594 5312 sociorum
1604 5261 1681 5326 copiis
1691 5262 1789 5313 obviarn
1804 5262 1881 5314 bosit-
