4070 5926
636 433 930 508 ANTIQUITATUM
953 435 1101 496 ROMAN.
1123 436 1198 497 LIB.
1222 438 1273 498 IX.

153 567 289 640 νεκτήσειν
313 565 373 635 τοθς
393 565 535 646 πολεμίους
558 564 687 643 ἔμελλον,
715 566 805 647 ἐξῆγον
829 568 865 632 είς
888 566 932 627 τὸν

152 659 242 718 πεδίον
265 656 313 722 τάς
328 656 460 734 δυνάμεις.
516 656 657 716 Μενόντων
673 654 700 714 δέ
719 660 773 715 τῶν
787 652 933 727 Ῥωμαίων

152 749 194 828 ἐφ’
209 745 340 826 ἡσυχίας,
355 743 579 825 προσιππεύοντες
595 743 621 812 ἐξ
646 745 731 803 αὐτῶν
752 746 776 803 οί
799 742 933 824 τολμηρά·

152 858 227 894 τατοι
242 834 288 895 καὶ
302 833 417 908 πλησίον
429 837 475 893 τοῦ
496 831 617 914 χάρακος
634 830 789 912 ἱστάμενοι,
807 831 934 913 γυναῖκάς

119 947 132 985 s
157 950 186 986 τε
200 928 350 988 ἀπεκάλουν
363 927 492 995 ἅπαντας,
505 924 555 982 καί
565 928 624 990 τοὺς
640 926 772 1000 ἡγεμόνας
783 924 872 982 αὐτῶν
887 930 940 990 τοῖς

160 1015 318 1081 δειλοτάτοις
339 1017 392 1072 τῶν
417 1014 490 1082 ζώων
517 1011 630 1072 ἐοικέναι
655 1014 774 1089 λέγοντες
804 1012 938 1089 ἐκάκιζον,

155 1099 202 1158 καί
225 1100 292 1158 δυεῖν
317 1094 425 1177 θάτερον
443 1093 550 1174 ήζίουν,
562 1097 585 1154 εί
600 1092 648 1173 pb
668 1098 862 1155 ἀντιποιοῦνται
885 1100 933 1167 τῆς

155 1187 216 1266 περί
230 1185 263 1245 adt
274 1185 388 1263 πολέμια
399 1187 493 1265 ἀρετῆς
507 1183 677 1252 καταόάντας
691 1185 728 1251 είς
738 1187 769 1244 τὸ
781 1184 871 1243 πεδίον
884 1193 934 1263 μιᾷ

155 1274 200 1333 τὸν
211 1276 300 1352 ἀγῶνα
310 1281 399 1354 κρῖναι
410 1272 499 1352 μάχῃ,
512 1273 535 1332 εί
548 1271 570 1329 δ’
583 1274 753 1351 ὁμολογοῦσιν
768 1263 834 1332 εἶναι
847 1272 933 1349 κακοί,

102 1388 128 1427 ιο
155 1361 321 1444 παραδόντας
334 1361 369 1420 τά
384 1359 455 1420 ὅπλα
474 1367 527 1428 τοῖς
545 1359 675 1440 κρείττοσι
699 1361 744 1419 καί
761 1359 834 1429 δίκας
851 1365 933 1422 ὑποσ-

155 1451 249 1531 χόντας
268 1445 304 1510 ὧν
343 1447 457 1529 ίῦρασαν
473 1448 585 1528 μηδενὸς
601 1448 640 1509 ἔτι
661 1451 714 1509 τῶν
728 1451 852 1530 μεγάλων
872 1456 934 1511 ἐαυ-

154 1539 213 1607 τοίις
226 1540 312 1609 ἀξιοῦν
318 1540 333 1601 .“
346 1541 433 1600 Τοῦτο
447 1537 550 1598 ἐποίουν
565 1537 712 1619 ὁσημέραι·
729 1541 776 1598 καί
790 1542 848 1600 ἐπεί
859 1542 933 1601 οὐδὲν

155 1632 310 1711 ἐπέραινον,
337 1627 510 1708 ἀποτειχίζειν
534 1628 627 1695 αὐτούς
649 1628 783 1710 ἔγνωσαν,
807 1635 842 1698 ὡς
862 1633 933 1713 λιμῷ

154 1717 416 1798 προσαναγκάσοντες
438 1720 619 1799 παραστῆναι.
664 1719 699 1777 Ol
720 1716 748 1777 δέ
764 1717 860 1777 ῦπατοι
885 1743 933 1778 πε·

98 1830 123 1869 ts
155 1806 271 1887 ριειίιρων
297 1805 331 1865 τά
356 1805 481 1884 γινόμενα
504 1805 585 1886 μίχρι
603 1808 716 1880 πολλοῦ,
738 1806 772 1866 δι’
790 1808 931 1889 ἀνανδρίαν

154 1896 203 1971 μίν
218 1895 236 1968 ἢ
249 1895 384 1972 μαλακίαν
400 1894 540 1972 οὐδεμίαν·
554 1895 698 1976 ἀμφότεροι
713 1895 764 1975 γάρ
780 1895 889 1978 εὔψυχοί
903 1922 932 1958 τε

153 1985 199 2043 καί
212 1984 385 2065 φιλοπόλεμοι
403 1974 490 2056 ήσαν·
504 1982 534 2042 τὸ
549 1983 576 2042 δὲ
590 1989 643 2044 τῶν
657 1989 826 2062 στρατιωτῶν
845 1987 931 2046 ἐθελό-

153 2073 236 2132 κακόν
253 2094 280 2130 τε
295 2072 341 2131 καί
353 2072 521 2151 ἀπρόθυμον,
540 2070 661 2148 διαμένον
676 2075 703 2132 ἐν
716 2079 770 2138 τοῖς
781 2073 932 2151 δημοτικοῖς

156 2162 182 2230 ἐξ
196 2152 295 2240 ούπερί
308 2165 356 2231 τῆς
368 2159 530 2243 κληρουχίας
544 2161 743 2239 διεστασίασαν,
757 2161 930 2245 ὑφορώμενοι·

95 2270 126 2309 ευ
153 2249 193 2310 ἔτι
207 2252 258 2331 γάρ
277 2251 364 2316 αὐτοῖς
389 2248 487 2309 ίναυλα
509 2250 554 2308 καὶ
569 2251 621 2329 πρὸ
646 2247 774 2327 ἀμμάτων
790 2243 838 2324 ἦν,
862 2252 931 2333 θτῷ

153 2337 309 2419 παρελθόντι
331 2341 443 2419 ἐνιαυτῷ
459 2335 529 2397 κατά
552 2336 582 2396 τθ
605 2337 711 2415 ἔγκοτον
736 2342 784 2409 τῆς
806 2338 868 2418 περί
887 2340 931 2399 τὀν

153 2425 252 2486 ῦπατον
265 2429 345 2505 τιμῆς
364 2424 464 2506 αίσχρά
477 2424 523 2485 καί
539 2424 632 2494 ἀνάξια
649 2430 696 2498 τῆς
715 2426 817 2495 πόλεως
839 2428 930 2506 εἰργά·

154 2540 251 2591 σαντο,
273 2515 518 2597 παραχωρήσαντες
534 2520 581 2587 τῆς
606 2514 679 2587 νίκης
698 2524 751 2583 τοῖς
771 2521 930 2592 ἡττηθεῖσι,

154 2608 200 2665 καὶ
214 2610 297 2685 φυγῆς
311 2604 406 2672 ὄνειδος
426 2605 474 2662 οθκ
496 2604 591 2676 ἀληθὲς
610 2604 816 2681 ὑπομείναντες,
830 2603 873 2665 ίνα
892 2607 931 2686 μή

95 2725 124 2762 25
154 2694 295 2774 καταγάγῃ
309 2693 352 2754 τὸν
367 2691 493 2753 ἐπινίκιον
509 2691 636 2773 θρίαμῦον
655 2697 669 2751 θ
683 2692 763 2773 ἀνήρ.

193 2785 220 2843 V
222 2785 272 2845 ΙΙΙ.
296 2781 457 2861 Βουλόμενοι
477 2780 509 2853 δή
531 2780 562 2840 τὸ
580 2782 721 2851 στασιάζον
739 2784 769 2842 ἐκ
781 2785 829 2854 τῆς
848 2806 932 2864 στρα-

152 2880 210 2939 τιᾶς
223 2871 318 2940 ἐξελεῖν
338 2874 373 2936 εές
384 2868 477 2940 τέλος,
496 2870 542 2929 καὶ
557 2874 724 2943 καταστῆσαι
738 2872 819 2931 πάλιν
832 2873 868 2940 είς
882 2871 930 2946 τήν

153 2960 179 3029 ἐξ
191 2962 275 3042 ἀρχῆς
288 2961 412 3038 ὁμόνοιαν
427 2957 498 3017 άπαν
514 2960 545 3020 τ“ο
560 2961 673 3032 πλῆθος,
688 2961 735 3020 καὶ
754 2961 790 3028 τίς
811 2959 837 3020 ίν
854 2969 930 3023 τοῦτο

153 3059 242 3109 πᾶσαν
265 3048 445 3131 εἰσφερόμενοι
458 3048 553 3125 βουλήν
568 3070 597 3105 τε
617 3047 663 3107 καὶ
678 3046 824 3130 πρόνοιαν,
837 3051 929 3124 ἐπειδὴ

96 3169 126 3207 ης
154 3140 212 3199 οῦτε
225 3139 333 3199 κολάσει
343 3138 438 3218 μέρους
448 3137 516 3204 τινὸς
525 3136 734 3219 σωφρονέστερον
746 3139 889 3198 ἀποδοῦναι
899 3139 930 3200 εδ

154 3227 244 3287 λοιπὸν
254 3218 305 3302 ήν,
323 3223 391 3285 πολθ
404 3223 449 3295 καί
460 3222 571 3292 αὔθαδες
583 3225 702 3306 ὑπάρχον
713 3228 802 3286 καὶτὰ
817 3226 887 3289 ὅπλα
901 3235 928 3292 ἐν

153 3325 210 3383 ταῖς
226 3315 318 3400 χερσὶν
340 3313 415 3396 ἐχον,
433 3311 493 3374 οὔτε
510 3315 597 3376 πειθοῖ
609 3316 829 3397 ,προσαγαγέσθαι
843 3320 928 3399 λόγων

149 3409 207 3476 τοὺς
223 3410 281 3469 οὐδὲ
296 3412 434 3478 πεισθῆναι
450 3402 634 3484 βουλομένους,
648 3404 693 3461 δύο
713 3403 812 3471 ταύτας
826 3404 929 3462 ὑπέλα-

150 3498 196 3558 θον
210 3499 315 3557 ἐσεσθαι
331 3499 382 3556 τῶν
395 3492 590 3562 στασιαζόντων
609 3493 693 3560 σίτίας
711 3497 757 3563 τῆς
775 3494 929 3571 διαλλαγῆς,

94 3610 122 3649 νε
150 3588 203 3655 τοῖς
212 3587 259 3664 μὲν
269 3582 462 3665 ἐπιεικεστέρας
471 3580 641 3661 μετειληφόσι
654 3580 836 3659 φύσεως·ἐν“ῆν
848 3582 930 3660 γάρτι

150 3676 197 3735 καὶ
205 3680 319 3735 τοιοῦτον
330 3676 357 3732 ἐν
368 3676 407 3754 τῷ
416 3673 521 3750 πολλῷ·
540 3668 588 3740 τήν
601 3669 644 3728 ἐπί
651 3670 704 3737 τοῖς
713 3672 870 3748 ὀνειδισμοῖς
879 3673 931 3729 τῶν

150 3767 285 3844 πολεμίων
298 3767 426 3845 αἰσχύνην
438 3790 444 3804 ·
455 3773 509 3831 τοῖς
522 3762 550 3823 δὲ
566 3761 729 3841 δυσαγώγοις
741 3762 784 3819 ἐπὶ
794 3760 826 3819 τὸ
837 3757 930 3830 καλὸν,

150 3857 183 3929 ἣν
192 3856 286 3916 άπασα
294 3855 408 3915 δέδοικεν
421 3852 559 3933 ἀνθρώπου
568 3851 643 3929 φύσις
658 3851 787 3928 ἀνάγκην.
828 3847 888 3912 Ἵνα
897 3847 930 3918 δή

151 3945 237 3998 ταῦτα
261 3940 362 4019 γίνοιτο
394 3940 548 4019 ἀμφότερα,
580 3937 681 4014 ἐφῆκαν
706 3937 759 4004 τοῖς
793 3936 929 4013 πολεμίοις

95 4053 124 4091 ιο
152 4027 224 4106 λόγῳ
249 4050 278 4084 τι
297 4025 450 4107 αἰσχύνειν,
473 4025 628 4094 κακίζοντας
654 4026 725 4106 σφῶν
751 4029 785 4097 ὡς
804 4029 929 4108 ἄνανδρον

152 4116 200 4189 τήν
216 4115 348 4196 ἡσυχίαν,
364 4116 513 4197 ὑπεροψίας
523 4138 552 4174 τε
567 4114 613 4173 καὶ
624 4113 844 4196 καταφρονήσεως
862 4119 929 4175 πολ·

152 4207 199 4276 λῆς
224 4207 369 4284 γινομένοις
398 4208 554 4287 ἀναγκάζειν
582 4203 695 4285 ἀγαθοὺς
720 4206 842 4284 γενέσθαι
871 4207 930 4277 τοὺς

151 4294 276 4362 ἑκουσίως
299 4286 367 4355 εἶναι
394 4294 432 4374 μὴ
462 4295 646 4373 βουλομένους.
699 4295 848 4373 Γινομένων
878 4295 930 4375 γάρ

151 4383 267 4458 τούτων,
282 4385 383 4454 πολλάς
396 4384 505 4452 ἐλπίδας
520 4375 593 4464 εἶχον
615 4383 686 4456 ἥξειν
704 4384 750 4444 ἐπὶ
764 4384 794 4443 τδ
808 4385 930 4466 στρατή-

96 4492 124 4530 ts
151 4495 207 4551 γιον
231 4473 351 4541 ἅπαντας
377 4477 588 4551 ἀγανακτοῦντας
613 4474 660 4533 καί
677 4475 864 4543 καταόοῶντας
882 4474 928 4536 καί

151 4562 307 4631 κελεύοντας
321 4565 444 4641 ἡγεῖσθαι
460 4567 531 4645 σφῶν
550 4563 594 4624 ἐπί
611 4563 670 4631 τοὺς
690 4565 846 4638 πολεμίους·
865 4569 930 4644 ὅπερ

151 4649 199 4709 καί
211 4652 318 4724 σονέόη.
371 4650 421 4720 Ὡς
435 4649 487 4731 γάρ
502 4651 615 4730 ἤρξαντο
628 4653 676 4720 τὰς
696 4653 798 4722 ἐξόδους
815 4658 860 4712 τοῦ
875 4655 930 4734 χά·

153 4761 233 4818 ρακος
247 4742 437 4823 ἀποταφρεύειν
451 4742 538 4799 τεκαὶ
553 4744 735 4822 ἀποσταυροῦν
747 4745 771 4801 οί
787 4743 929 4820 πολέμιοι,

151 4828 431 4911 δυσανασχετήσαντες
447 4833 471 4890 οί
486 4829 616 4907 Ῥωμαῖοι
641 4831 685 4890 ἐπὶ
704 4834 743 4911 τῷ
758 4831 842 4911 ίργῳ,
866 4832 931 4899 τέως

96 4945 124 4985 an
151 4921 212 4979 κατ’
227 4920 346 5000 ὀλίγους,
360 4919 442 4980 ἔπειτ’
455 4920 544 4999 ἀθρόοι
554 4920 738 5000 συντρέχοντες
748 4919 792 4980 ε’τί
805 4917 852 4987 τάς
863 4944 930 4991 σκη·

149 5010 197 5079 νάς
212 5015 264 5070 τῶν
280 5010 403 5084 ὑπάτων,
420 5009 599 5088 ἐκεκράγεσάν
612 5033 642 5067 τε
656 5009 702 5068 καί
717 5008 861 5088 προδοσίαν
876 5012 929 5069 αῦ-

151 5099 204 5165 τοῖς
218 5098 373 5173 ἐνεκάλουν,
396 5099 460 5169 καὶ,
488 5099 511 5157 εί
527 5096 565 5175 μή
583 5122 621 5164 τις
641 5097 770 5173 ἡγήσεταί
785 5121 858 5177 σφισι
882 5101 929 5169 τῆς

152 5186 255 5260 ἐξόδου,
271 5188 333 5267 δίχα
348 5188 455 5248 ἐκείνων
468 5187 543 5247 αθτοί
560 5186 595 5246 τά
611 5190 681 5247 ὅπλα
694 5188 798 5267 ἔχοντες
811 5187 855 5247 ἐπὶ
869 5186 928 5257 τοδς

152 5276 292 5354 πολεμίως
305 5277 396 5359 ίλιγον
413 5277 605 5348 ἐξελεύσεσθαι.
650 5276 699 5347 Ὡς
719 5278 744 5337 δ’
760 5277 787 5349 ἐξ
801 5276 927 5339 ἀπάντων

1708 443 1767 504 525

989 578 1013 627 iu
1025 577 1153 642 planitiem
1170 577 1319 631 eduxerunt.
1353 580 1544 638 Quiescentibus
1565 595 1625 632 vero
1637 582 1767 644 Romanis,

989 668 1146 720 audacissimi
1159 669 1254 734 quique
1267 684 1354 722 eorum
1370 670 1561 737 adequitantes,
1573 675 1598 722 et
1609 675 1709 737 propius
1736 671 1770 723 ad

989 766 1071 812 castra
1098 761 1260 824 aecedentes,
1284 776 1327 814 eos
1348 777 1434 815 omnes
1458 763 1577 815 mulieres
1591 763 1767 828 appellabant,

989 856 1114 920 ducesque
1127 868 1213 905 eorum
1233 854 1397 907 timidissimis
1413 857 1495 908 brutis
1514 856 1609 907 similes
1620 870 1674 908 esse
1688 857 1770 908 dicen·

990 950 1029 998 tes
1046 947 1165 998 conviciis
1187 948 1312 1012 petebant.
1346 951 1378 999 Et
1393 948 1519 1000 eduobus
1531 949 1640 1001 alterum
1659 949 1770 1014 postula·

990 1040 1049 1090 bant
1071 1042 1114 1100 ut,
1141 1039 1181 1089 rel
1204 1040 1225 1089 si
1245 1039 1363 1091 virtutem
1386 1041 1500 1092 bellicam
1524 1042 1572 1093 sibi
1597 1042 1767 1101 uindicarent,

989 1131 1168 1183 descenderent
1180 1132 1206 1182 in
1216 1132 1359 1198 planitiem,
1372 1136 1397 1184 at
1414 1146 1463 1183 uuo
1473 1133 1561 1198 proelio
1573 1133 1606 1184 de
1619 1146 1717 1184 summa
1726 1148 1768 1185 re·

990 1240 1047 1275 rum
1063 1224 1241 1286 depromerent,
1262 1224 1316 1288 rel,
1336 1224 1357 1276 si
1374 1224 1514 1277 faterentur
1533 1239 1560 1277 se
1578 1239 1633 1277 esse
1652 1227 1767 1291 ignaros,

990 1317 1117 1368 traderent
1130 1330 1198 1367 arma
1215 1316 1447 1382 prestantiorlbus,
1458 1320 1484 1368 et
1495 1319 1574 1383 pranis
1590 1302 1782 1369 ιιιοίεθοίοιιειιί

989 1410 1136 1476 persolutis,
1156 1410 1218 1461 nihil
1229 1409 1342 1475 praeclari
1355 1410 1462 1476 amplius
1477 1411 1525 1462 sibl
1533 1416 1684 1476 arrogarent.
1714 1412 1768 1461 iloc

988 1499 1100 1565 qnotldle
1114 1497 1238 1549 ludebant
1249 1515 1256 1548 z
1268 1500 1294 1548 et
1305 1512 1384 1562 quum
1401 1498 1463 1549 uilril
1477 1500 1640 1563 prolicerent,
1659 1513 1703 1551 eos
1719 1498 1768 1549 clr-

989 1592 1141 1645 cumrallere
1152 1591 1333 1655 decreuerunt,
1355 1597 1385 1644 ut
1401 1591 1467 1644 lame
1485 1592 1517 1643 ad
1530 1591 1682 1643 deditionem
1698 1606 1766 1642 coru·

988 1686 1115 1751 pellerent.
1160 1684 1280 1736 macutes
1298 1698 1358 1736 vero
1372 1686 1443 1748 haec,
1457 1699 1514 1750 qum
1536 1684 1644 1744 fiebant,
1658 1683 1703 1734 diu
1723 1698 1768 1735 ue·

988 1774 1131 1840 glexerunt,
1158 1790 1207 1827 nou
1227 1776 1260 1827 ob
1286 1776 1408 1839 ignaviam
1443 1776 1603 1826 mollitiemre
1635 1774 1765 1840 aliquam3

988 1868 1081 1932 (ambo
1097 1868 1163 1919 enim
1177 1872 1203 1919 et
1223 1868 1326 1918 animosi
1337 1871 1363 1918 et
1383 1867 1493 1920 bellicosi
1506 1870 1593 1931 erant)
1611 1867 1656 1919 sed
1669 1881 1768 1932 suspec-

987 1963 1038 2013 um
1053 1959 1173 2011 habentes
1195 1959 1305 2009 rnilitum
1322 1959 1445 2023 ignaviam
1467 1963 1493 2011 et
1514 1959 1728 2025 segnitiemque
1743 1959 1768 2010 in

986 2051 1140 2117 plebeiorum
1163 2053 1253 2104 animis
1274 2053 1307 2105 ob
1333 2051 1466 2103 seditiones
1489 2052 1600 2117 agrarias
1622 2052 1766 2103 inhaerebat.

987 2146 1049 2194 Nam
1063 2148 1120 2194 aute
1136 2143 1248 2208 ipsorum
1257 2157 1330 2195 aures
1342 2147 1369 2194 et
1380 2144 1467 2194 oculos
1478 2143 1561 2194 adlruc
1572 2143 1769 2209 obversabantur

985 2251 1044 2302 quaa
1061 2251 1126 2287 anno
1141 2235 1279 2301 superiore,
1295 2236 1391 2287 consuli
1404 2236 1524 2287 honorem
1537 2237 1693 2300 inridentes,
1713 2241 1767 2288 tur·

986 2328 1050 2392 piter
1062 2332 1089 2379 et
1101 2332 1192 2393 praeter
1206 2328 1292 2394 populi
1304 2328 1407 2380 domani
1420 2328 1576 2380 maiestatem
1590 2330 1708 2387 lacerant,
1723 2343 1767 2395 qur

986 2422 1117 2472 rictorlam
1129 2422 1203 2473 victis
1213 2423 1405 2483 concessissent,
1416 2427 1442 2473 et
1454 2424 1520 2488 ingre
1536 2423 1661 2474 simulate
1674 2422 1765 2474 falsam

986 2511 1203 2576 exprobrationem
1221 2511 1288 2561 ultro
1310 2510 1459 2571 subiissent,
1477 2525 1508 2563 ne
1528 2511 1568 2561 rir
1579 2511 1637 2575 illc,
1651 2515 1724 2576 parta
1735 2511 1768 2562 de

987 2603 1101 2654 hostibus
1117 2603 1236 2663 victoria,
1247 2603 1418 2668 triumpharet.

1019 2819 1085 2869 vlit.
1098 2821 1183 2877 Quum
1192 2816 1269 2880 igitur
1277 2831 1375 2867 omnem
1385 2816 1532 2867 seditionem
1541 2816 1640 2881 penitus
1653 2817 1767 2867 ecaslris

985 2905 1071 2955 toliere
1083 2908 1110 2955 et
1126 2904 1267 2954 universam
1281 2902 1468 2955 multitudinem
1481 2903 1507 2953 lu
1525 2902 1655 2968 pristinam
1666 2916 1767 2953 coneor-

985 2992 1053 3045 diam
1068 2994 1186 3044 reducere
1200 2994 1300 3051 vellent,
1314 2995 1340 3044 et
1352 2993 1377 3042 in
1391 2991 1440 3042 hoe
1451 3006 1529 3042 unum
1543 2993 1611 3043 omni
1628 2992 1731 3043 mosibo
1742 2995 1768 3042 et

985 3081 1116 3148 prudentia
1133 3081 1317 3142 incumberent,
1336 3081 1396 3146 quia
1415 3095 1498 3146 neque
1517 3081 1728 3132 animadversione
1742 3081 1767 3131 in

984 3170 1096 3235 aliquam
1120 3172 1216 3232 partem
1240 3174 1335 3220 ceteros
1359 3168 1519 3234 sapientiores
1548 3182 1578 3219 ae
1606 3168 1769 3221 modestiores

985 3255 1089 3307 reddere
1100 3258 1229 3320 poterant,
1243 3253 1275 3305 ob
1288 3268 1404 3319 magnam
1417 3255 1601 3306 contumaciam
1618 3256 1644 3307 in
1656 3255 1767 3320 ipsorum

984 3348 1074 3399 animis
1085 3347 1199 3406 insitam,
1210 3346 1255 3411 qui
1275 3345 1350 3395 etiam
1362 3357 1431 3394 arma
1445 3344 1472 3393 in
1494 3343 1610 3395 manibus
1621 3343 1763 3405 habebant3

984 3452 1029 3488 uec
1048 3435 1145 3496 uerbis,
1162 3450 1207 3485 nee
1222 3433 1373 3494 rationibus,
1396 3431 1434 3484 αά
1447 3428 1567 3496 officium
1586 3430 1678 3482 ducere
1697 3435 1767 3496 pote·

984 3520 1040 3567 rant
1055 3530 1110 3573 eos,
1134 3515 1179 3579 qui
1196 3514 1322 3565 obstinato
1345 3518 1417 3563 eraut
1441 3514 1524 3563 animo
1546 3527 1552 3556 τ
1575 3513 1766 3571 existimarunt,

984 3598 1084 3649 duobus
1097 3597 1178 3646 modis
1192 3596 1323 3647 seditiosos
1333 3596 1357 3646 in
1372 3596 1477 3659 gratiam
1491 3595 1628 3657 redituros,
1638 3599 1664 3645 et
1678 3592 1769 3656 ingenii

985 3683 1086 3751 quidem
1101 3683 1274 3733 mansuetioris
1287 3682 1400 3732 homiues
1413 3683 1499 3743 (erant
1512 3682 1577 3732 euim
1590 3684 1616 3732 ct
1628 3680 1691 3731 tales
1703 3693 1766 3729 uon·

984 3766 1045 3817 nulli
1062 3764 1217 3815 multitudini
1231 3763 1351 3827 admixti)
1370 3763 1561 3828 opprobriorum
1574 3762 1704 3813 hostilium
1718 3776 1767 3825 pu·

984 3850 1057 3910 dore;
1080 3864 1123 3900 eos
1142 3862 1217 3910 uero,
1236 3848 1282 3914 qul
1306 3848 1339 3899 ad
1359 3847 1516 3900 honestatem
1530 3845 1630 3896 dillicile
1654 3845 1769 3909 compelli

985 3939 1097 4002 possent,
1118 3937 1172 4001 ipsa
1191 3937 1351 3995 necessitate,
1371 3949 1448 4000 quam
1465 3933 1614 3999 universum¹
1626 3945 1704 3996 genus
1717 3931 1767 3981 hu·

985 4035 1088 4071 manum
1102 4019 1200 4071 metuit.
1235 4023 1269 4071 Ut
1287 4020 1363 4085 igitur
1384 4020 1433 4070 hoe
1451 4020 1587 4082 utrumque
1607 4018 1692 4079 lieret,
1709 4031 1765 4081 per·

984 4104 1121 4164 miserunt,
1136 4107 1166 4153 ut
1181 4101 1264 4153 hostes
1281 4106 1308 4153 et
1319 4099 1505 4152 contumeliosis
1523 4098 1606 4150 uerbis
1625 4098 1672 4149 sibi
1693 4098 1768 4151 msul-

985 4199 1079 4256 tarent,
1100 4208 1172 4244 suam
1192 4194 1303 4259 quietem
1321 4191 1427 4255 maasiae
1441 4187 1624 4249 adscribentes,
1637 4190 1663 4238 et
1677 4185 1765 4248 lacha,

984 4279 1153 4342 postmultum
1164 4277 1370 4341 contemptionem
1378 4273 1565 4337 etdespeetum,
1579 4271 1610 4321 ils
1618 4272 1662 4334 qui
1674 4271 1766 4321 nollent

984 4364 1071 4423 sponte
1094 4373 1145 4411 rem
1168 4357 1268 4410 fortiter
1288 4371 1386 4421 gerere,
1414 4353 1565 4405 tortitudinis
1592 4353 1767 4405 necessitatem

985 4442 1158 4508 imponerent:
1175 4445 1197 4496 si
1211 4443 1277 4495 enim
1288 4443 1343 4494 hmo
1366 4443 1468 4497 tierent,
1483 4451 1595 4504 maguam
1607 4451 1676 4502 spem
1689 4436 1766 4486 habe·

984 4527 1045 4579 bant
1069 4527 1122 4580 lore
1141 4532 1169 4579 ut
1187 4542 1273 4579 omnes
1291 4526 1322 4578 ad
1343 4524 1488 4591 praetorium
1511 4523 1637 4580 venirent,
1658 4535 1710 4586 prae
1728 4520 1766 4570 in·

984 4613 1123 4677 dignatione
1136 4612 1299 4665 vociferantes
1310 4616 1336 4663 et
1356 4626 1383 4662 so
1396 4612 1481 4661 oonha
1493 4609 1578 4660 hostes
1591 4605 1650 4657 duci
1665 4617 1766 4668 poscen-

985 4700 1038 4755 tesr
1053 4697 1078 4748 id
1099 4696 1167 4762 quod
1182 4697 1255 4747 etiam
1269 4697 1368 4749 amidit.
1405 4695 1453 4747 Ubi
1465 4694 1530 4745 enim
1540 4691 1625 4743 hostes
1640 4691 1766 4754 ceperunt

985 4783 1123 4830 castrorum
1140 4780 1222 4830 exitus
1240 4779 1306 4830 lossa
1321 4779 1437 4844 ualloque
1455 4778 1567 4840 cingere,
1584 4772 1699 4835 Romani,
1712 4785 1764 4821 rem

984 4861 1109 4926 indignam
1124 4877 1152 4912 nc
1163 4862 1264 4913 minime
1277 4861 1402 4913 terendam
1418 4864 1479 4917 ratr,
1492 4858 1564 4924 pauci
1575 4857 1695 4922 primum,
1705 4867 1766 4904 mox

984 4944 1132 4995 catervatim
1153 4948 1327 4995 concurrentes
1347 4945 1378 4995 ad
1398 4940 1529 4993 consulum
1541 4939 1663 5000 tentoria,
1676 4937 1767 4987 elamo-

984 5040 1036 5076 rem
1058 5026 1227 5085 sustulerunt,
1247 5031 1273 5078 et
1294 5026 1441 5092 proditionis
1459 5038 1502 5075 eos
1525 5019 1718 5080 insimulabant,
1739 5020 1765 5070 et

983 5109 1030 5158 nisi
1054 5109 1110 5173 quis
1136 5123 1250 5173 egressus
1267 5110 1357 5162 ducem
1376 5124 1403 5161 se
1428 5108 1589 5174 praebuisset,
1618 5119 1644 5156 se
1667 5104 1764 5156 iniussu

984 5197 1081 5248 illorum
1097 5199 1217 5262 correptis
1230 5200 1307 5250 armis
1325 5198 1481 5264 eruptionem
1500 5196 1527 5247 in
1538 5197 1636 5248 hostem
1654 5194 1764 5248 facturos

982 5286 1105 5339 dicebaut.
1145 5289 1178 5338 Et
1193 5302 1273 5353 quum
1297 5289 1322 5340 id
1348 5288 1381 5340 ab
1402 5286 1517 5339 omnibus
1531 5285 1614 5348 lieret,
1631 5285 1761 5344 consules,
