4034 5922
196 402 198 405 ’
279 434 301 496 o
798 422 965 489 naonrsn
989 422 1368 485 nnnrcnnmssnssrs

282 564 393 674 σούσητ,
411 563 456 623 καί
476 562 520 621 τδν
535 562 594 630 ἐξ
582 562 679 621 εκείνου
700 561 792 665 χρόνον
815 561 880 618 ἐτῶν
900 557 945 618 δύο
958 556 1004 616 καλ
1016 554 1052 614 ab

281 677 341 712 κοσι
355 652 435 732 μέχρι
446 656 492 711 τοῦ
507 649 635 730 παρόντος
649 648 788 729 γενόμενον
806 650 833 706 ἐν
847 646 942 727 ιιΡιίμη
958 643 1055 724 διατρί-

283 749 358 821 ψας,
382 740 516 800 διάλεκτόν
546 764 574 799 τε
601 739 647 811 τὴν
676 736 833 814 Ρωμαϊκνλ
862 732 983 811 ἐκμαθὼν
1010 731 1055 792 καὶ

282 832 446 909 γραμμάτων
474 833 526 888 τῶν
548 831 648 907 ἐπιχωρ
635 825 697 904 ρίων
723 824 845 884 λαόὼν’
834 846 998 899 επιστημην,
1028 822 1055 879 ἐν

240 929 251 965 ⁵
282 919 360 978 παντί
376 917 460 997 τούτῳ
478 920 516 996 τῷ
528 918 614 995 χρόνῳ
627 914 661 975 τδι
680 916 843 973 συντείνοντα
854 911 918 991 πρὸς
931 908 1057 982 Lemi-

283 1005 431 1065 θεαινταύτ
432 1029 464 1077 ην
492 976 621 1062 διετέλουν
647 1002 904 1081 πραγματευόμενος.
951 994 1052 1057 Καλτδι

283 1094 330 1169 μὲν
354 1093 427 1169 παρὰ
450 1096 501 1151 τῶν
518 1090 722 1170 λογιωτάτων
710 1092 826 1167 ανδρῶν,
845 1079 920 1153 οἶς’
898 1111 934 1155 εις
950 1085 1056 1161 ὁμιλίαν

282 1154 376 1254 Litai,
391 1184 486 1259 διδαχῇ
512 1179 691 1258 παραλαόόιν·
713 1177 747 1236 τά
771 1176 793 1234 δ’
814 1180 844 1234 ἐκ
862 1180 913 1233 τῶν
935 1176 1055 1252 ἱστοριῶν

284 1270 493 1344 ἀναλεξάμενος,
506 1269 536 1334 θς
551 1271 574 1325 oi
598 1266 663 1346 πρὸς
677 1267 762 1324 αὐτῶν
784 1264 968 1338 ἐπαινούμενοι
984 1260 1055 1321 Ῥω-

230 1380 255 1424 ιο
283 1358 367 1436 μαίων
389 1359 569 1463 συνέγραψαν,
593 1355 703 1434 Πόρκιός
720 1376 750 1411 τε
779 1354 874 1413 Κάτων
889 1350 934 1409 καί
952 1348 1056 1415 ψάῦιος

283 1447 403 1524 Μάξιμος
417 1469 462 1503 και
482 1444 654 1519 Οὐαλέριοβ
644 1464 658 1500 6
672 1442 730 1501 Ἅντ
733 1442 797 1511 ιεθς,
808 1447 853 1499 καὶ
868 1440 980 1504 Λικίνιος
995 1437 1055 1497 Μά-

271 1559 344 1614 ικερ,
357 1533 442 1594 Αἴλιοί
460 1557 488 1591 τε
504 1556 548 1589 και
539 1529 668 1591 iiiior
682 1530 727 1588 καὶ
742 1528 920 1606 Καλπούρνιοι
935 1526 979 1584 καὶ
1000 1548 1056 1584 ετε·

284 1647 323 1701 poi
337 1622 427 1767 σμχνρὶ
441 1645 505 1700 προς
516 1620 614 1687 τούτοις
629 1620 705 1697 ἄνδρε
708 1643 719 1684 ς
733 1621 780 1677 οὐκ
793 1620 907 1729 ἀγανοῖς,
925 1621 963 1672 ἀπ
965 1613 1057 1672 '6666-

283 1735 334 1769 νων
350 1717 500 1791 ρμωμενος
514 1732 565 1766 των
578 1730 717 1787 πραγαατ
708 1712 780 1765 τῶν·
803 1706 853 1764 εἶσι
877 1706 904 1763 δὲ
923 1708 978 1769 ταῖς
993 1702 1057 1762 ‘hl-

283 1804 402 1869 ληνικαίς
413 1798 634 1907 χρονογραφίαις
637 1796 759 1854 ἐοικυῖαι·
776 1793 831 1855 τότ’
850 1793 1010 1872 ἐπεχείρησα
1023 1794 1057 1868 τῇ

284 1892 383 1967 γραρῇ.
427 1886 572 1955 Ἰαῦτα,ὲ
540 1909 573 1962 με
575 1909 588 1940 ν
605 1909 648 1944 ουν
678 1882 743 1962 ὑπὲρ
768 1885 882 1960 ίμαυτοῦ
902 1882 1056 1958 διείλεγμαι.

283 1975 381 2037 Λοιπόν
394 1980 489 2035 ἐστι
462 1974 489 2032 δ
503 1997 547 2051 μοι
560 1972 605 2032 καὶ
618 1995 679 2049 περι
691 1996 737 2042 της
752 1970 865 2050 ἱστορίας
877 1971 957 2040 αὐτῆς
968 1989 1057 2047 προει-

283 2069 357 2138 πεῖν,
381 2065 435 2122 τίσι
456 2087 472 2121 τ
473 2062 579 2132 ἀὐτὴν
598 2058 788 2141 περιλαμῦάνω
811 2058 912 2138 χρόνοις
938 2056 983 2115 καί
997 2054 1058 2135 περὶ

282 2153 359 2212 τίνων
376 2157 503 2227 ποιοῦμαι
518 2151 682 2229 πραγμάτων
702 2147 749 2219 rLu
767 2146 887 2223 διήγησιν
909 2144 955 2203 καὶ
975 2166 1057 2202 ποτα·

283 2241 332 2299 πδν
349 2241 497 2315 ἀποδίδωμι
515 2237 545 2297 τδ
560 2242 653 2316 σχῆμα
668 2241 701 2316 τῇ
716 2234 896 2316 πραγματείᾳ.

322 2330 402 2391 Vlll.
422 2324 469 2407 hp
456 2350 554 2407 ρχομαι
564 2326 612 2402 μὲν
624 2316 668 2385 σόν
682 2329 727 2395 τῆς
742 2322 857 2427 ίστορίρις
869 2321 922 2380 άπδ
933 2324 985 2378 τῶν
1002 2343 1056 2377 πα-

281 2417 427 2477 λαιοτάτων
436 2416 535 2494 μύθων,
547 2414 590 2480 οῦς
601 2437 668 2492 παρ
658 2412 777 2472 ε”λιπον
755 2436 779 2472 οι
790 2434 868 2491 προ
828 2411 912 2469 ίιιοῦ
925 2408 1058 2487 γενόμενοι

283 2515 440 2586 συγγραφεῖς
468 2502 641 2584 χαλεποὺς
626 2526 702 2569 οντας
725 2502 786 2561 ἄνευ
808 2498 1015 2578 πραγματείας
1011 2520 1058 2553 66-

282 2595 364 2674 γάλης
382 2594 561 2674 ἐξευρεθῆναι
583 2615 634 2649 κατ
636 2588 799 2658 αόιόάζωδὲ
814 2585 1024 2693 τὴνδιήγιγσιν
1013 2584 1058 2642 επί

227 2711 253 2748 αν
282 2684 358 2756 τλν’
344 2684 414 2763 opLL
417 2686 489 2741 ντοῦ
507 2680 624 2791 πρώτου
624 2682 777 2739 Φοινικικοῦ
793 2673 950 2751 πολέμου
923 2695 970 2743 την
986 2695 1059 2748 γενο·

283 2772 372 2846 μένην
376 2773 486 2830 ἔνιαυτῶ
501 2770 582 2849 τρίται
593 2772 639 2837 τῆς
652 2767 744 2841 ὀγδόης
755 2764 800 2824 καλ
812 2766 916 2822 ebroe
869 2785 931 2832 της
948 2760 1048 2820 ἐπὶ
1003 2783 1060 2825 ταις

282 2842 375 2940 ἑκατὸν
390 2858 560 2937 ὀλυμπιάσιν.
604 2853 817 2937 Ἀρηγοῦμαιδε
837 2851 922 2917 τούςτ
923 2849 1061 2914 ’ὀθνείους

283 2951 459 3057 πολέμους
426 2973 473 3020 της
498 2947 597 3012 πόλεως
612 2944 752 3015 ἅπαντας,
773 2942 818 3007 οθς
836 2942 862 2998 ἐν
878 2937 984 3004 ἐκείνοις
1007 2944 1061 3002 τοῖς

283 3064 318 3120 χρ
305 3039 387 3118 ρόνοις
398 3037 560 3115 ἐπολέμησε,
577 3034 623 3093 καί
637 3033 683 3098 τὰς
697 3030 838 3107 ἐμφυλίους
850 3027 955 3139 στάρεις
964 3025 1062 3090 ὁπόσας

229 3155 235 3166 ·
285 3126 449 3199 ἐστασίασεν,
460 3123 525 3193 ἔξί
500 3147 561 3182 οων
575 3125 666 3181 αἰτιῶν
681 3120 801 3197 ἐγένοντο
818 3140 862 3175 και
878 3114 910 3172 δι’
927 3110 989 3171 οἵων
1001 3110 1061 3191 τρό·

285 3240 342 3274 πων
358 3214 445 3272 τεκαὶ
466 3211 551 3290 λόγων
573 3208 769 3281 κατελύθησαν
790 3204 967 3263 πολιτειων
944 3225 959 3258 τ
990 3198 1061 3265 ἰδέας

285 3302 394 3379 διεξειμι
409 3300 508 3376 πάσας,
523 3298 596 3364 ὅσαις
606 3296 738 3405 ίχρήσατρ
753 3293 944 3401 βασιλευομένη
963 3312 993 3347 τε
1017 3286 1062 3345 καὶ

287 3416 354 3470 μετα
340 3391 418 3462 τὴν
432 3391 634 3449 κατάλυσιν
599 3411 651 3445 των
669 3384 825 3464 μονάρχων,
850 3405 896 3440 και
886 3380 947 3446 τίς
962 3371 1044 3449 Lo’
1015 3400 1062 3434 αυ-

285 3487 337 3541 τῶν
352 3479 465 3551 ἑκάστης
479 3482 493 3537 6
505 3476 619 3550 κόσμος·
635 3479 662 3533 ε
664 3500 680 3546 η
697 3496 724 3531 τ
748 3472 782 3530 τθι
805 3470 934 3550 κράτιστα
954 3464 1000 3525 καλ
1020 3463 1064 3522 νό-

286 3593 350 3644 μους
363 3568 421 3636 τους
433 3564 653 3648 ίπιρανεστατους
667 3564 828 3640 διηγοῦμαι,
844 3558 888 3616 καί
913 3552 1064 3625 συλλήθδην

207 3732 210 3749 ι
285 3663 345 3719 ὅλον
377 3655 540 3731 ἐπιδείκνυμι
582 3652 625 3710 τδν
651 3652 760 3730 ἀρχαῖον
791 3646 845 3727 βίον
877 3649 923 3717 τῆς
954 3641 1062 3707 πόλεως.

285 3744 423 3865 ZLL666’
438 3741 640 3818 άποδίδωμι”
607 3765 640 3820 τῃ
659 3736 838 3819 πραγματείᾳ,
850 3733 902 3794 οὔθ’
928 3731 1016 3792 ὁποῖον
1039 3731 1063 3790 οἱ

286 3842 346 3943 τρὺς
356 3836 485 3900 πολέμους
500 3830 700 3910 ἀναγράψαντες
713 3824 897 3885 ἀποδεδώκασι
916 3824 973 3886 ταῖς
992 3821 1064 3878 ἱστο-

289 3925 366 4004 ρίαις,
382 3921 435 3981 οὔθ’
450 3924 540 3979 θποῖον
567 3915 658 3983 σῖτός
681 3917 814 3979 πολιτείας
836 3909 917 3976 αύτδς
941 3911 982 3988 ἐρ’
1000 3910 1064 3965 ἑαυ-

232 4032 261 4073 su
286 4015 338 4071 τῶν
350 4008 552 4087 διηγησάμενοι,
567 4003 627 4063 οὔτε
642 4007 699 4070 ταῖς
712 4000 847 4082 χρονικαῖς
865 3994 1065 4075 παραπλησιον,

289 4099 350 4164 άς
339 4120 364 4164 6,
352 4098 467 4156 ε’δωκαν
483 4099 506 4155 ol
521 4096 567 4160 τδς
583 4092 699 4157 Ἀτθίδας
711 4086 994 4200 πρριγματευσάμενοι·
1011 4105 1064 4160 μο-

288 4186 394 4251 νοιιδεῖς
414 4184 464 4283 γδρ
476 4183 573 4241 ἐκεῖναί
587 4206 616 4239 τε
631 4180 677 4239 καὶ
698 4178 766 4256 ταχὺ
783 4173 994 4281 προσιρτάμεναι
1009 4180 1063 4238 τοῖς

291 4270 447 4335 ἀκούσασιν·
473 4271 530 4327 ἀλλ’
547 4268 572 4336 ἐξ
597 4269 703 4377 ἁπάσης
718 4265 787 4331 ἰδέας
802 4264 905 4340 μικτὸν,
924 4258 1064 4339 ἐναγωνίου

290 4360 380 4419 τεκαὶ
396 4361 568 4438 θεωρητικῆς,
584 4355 627 4414 ἵνα
641 4356 687 4415 καὶ
703 4351 830 4432 τοῖςπερὶ
846 4350 906 4416 τοὺς
919 4345 1065 4413 πολιτικοὺς

250 4475 261 4510 ο
290 4447 450 4524 διατρίόουσι
460 4444 553 4522 λόγους
567 4444 613 4502 καὶ
622 4445 674 4510 τοῖς
681 4467 731 4525 περ
734 4468 742 4501 ι
732 4441 803 4514 τὴν
818 4438 957 4521 ριλόσορον
971 4440 1066 4496 ἐσπου-

211 4542 212 4545 *
290 4548 384 4605 δακόσι
403 4541 512 4623 θεωρίαν
536 4538 583 4597 καὶ
607 4541 632 4597 εἴ
654 4562 721 4598 τισιν
749 4537 882 4617 ἀοχλήτου
904 4534 1021 4605 δεήσει
1006 4549 1063 4590 666·

291 4638 379 4742 γωγῆς
406 4632 432 4689 ίν
460 4630 599 4709 ἱστορικοῖς
633 4624 853 4705 ἀναγνώσμασιν,
891 4619 1067 4700 ἀποχρώντως

292 4721 390 4800 ἔχουσα
404 4716 542 4798 φαίνηται.
585 4706 918 4792 Ἡμὲνοδνίατορίαπερ
890 4707 1064 4767 λτοιούτων

292 4834 320 4867 τε
332 4809 471 4885 γενήσεται
485 4802 651 4886 πραγμάτων
666 4802 711 4861 καλ
725 4801 843 4861 τοιούτου
866 4797 983 4867 τεύξεται
996 4793 1064 4875 σχή·

237 4924 264 4961 ω
293 4920 383 4972 ματος·
401 4900 415 4954 6
437 4897 465 4956 δὲ
484 4893 657 4963 συντάξας’
627 4890 710 4963 οιυτήν
724 4893 779 4965 εἰμι
802 4887 935 4955 Διονύσιος
950 4884 1067 4954 Ἀλεξάν-

292 4987 353 5065 δρου
370 4981 586 5062 Ἁλικαρνασεύς·
605 4981 759 5088 οίρχομριιδ
776 4978 885 5039 ίνθίνδε.

333 5075 387 5136 ΙΧ.
403 5072 462 5144 'l'Ln
475 5070 592 5148 ἡγεμόνα
607 5076 708 5147 γῆςκοιι
696 5066 854 5136 θαλάσσης
865 5062 1065 5136 άτάσηςπόλιν,

295 5162 328 5235 ἣν
343 5167 388 5221 νῦν
409 5164 561 5221 κατοικοῦσι
577 5157 726 5235 Ῥωμαῖοι,
742 5152 914 5213 παλαιότατοι
928 5156 980 5213 τῶν
1002 5174 1067 5230 μνη·

294 5249 475 5346 μανευομίνων
493 5247 613 5331 λε’γονται
632 5252 776 5326 κατασχεῖν
798 5241 927 5324 βάρρόαοι
946 5240 1068 5310 Σικελοί,

1111 564 1155 614 lllo
1168 566 1277 626 tempore
1291 561 1323 611 ad
1337 560 1401 611 banc
1413 573 1493 622 usqne
1502 558 1569 610 diem
1584 573 1660 609 annos
1676 557 1763 621 viginti
1781 558 1806 607 et
1824 556 1890 607 duos

1111 673 1195 720 Romae
1207 667 1368 729 mansissem,
1379 671 1405 716 et
1418 680 1555 716 sermonem
1566 668 1705 715 Romanuin
1717 663 1887 726 edidicissem,

1110 774 1286 835 literarumque
1295 772 1363 823 illius
1371 772 1476 836 regionis
1484 771 1645 834 cognitionem
1656 769 1761 833 adeptus
1773 770 1886 832 inissem,

1111 882 1163 930 toto
1180 879 1228 930 hoc
1242 884 1351 943 tempere
1365 879 1390 929 in
1406 891 1491 929 curam
1503 891 1605 936 eorum,
1620 891 1678 940 quin
1696 878 1729 927 ad
1749 877 1825 927 huius
1836 879 1887 928 mei

1110 986 1191 1050 operis
1210 989 1382 1049 argumentum
1394 983 1539 1047 spectabant
1569 987 1690 1047 perpetuo
1711 982 1822 1034 incubui.
1855 986 1888 1033 Et

1111 1104 1169 1140 cum
1196 1091 1277 1140 alla-a
1294 1088 1444 1138 doctissimis
1462 1087 1539 1146 riris,
1560 1087 1703 1151 inquorum
1720 1086 1884 1137 consuctudi-

1110 1209 1168 1245 narn
1179 1209 1219 1245 me
1231 1176 1392 1253 imbuerem,
1408 1192 1513 1244 edoctus
1524 1192 1688 1255 accepissem,
1709 1190 1756 1240 alia
1767 1205 1799 1240 ex
1811 1190 1888 1240 histo

1111 1304 1154 1353 riis
1172 1301 1363 1366 decerpsissem,
1375 1313 1436 1362 quas
1451 1297 1554 1348 Romani
1563 1299 1702 1362 scriptores
1716 1295 1748 1346 ab
1760 1296 1820 1361 ipsis
1830 1295 1886 1346 lau·

1111 1409 1163 1459 dati
1183 1408 1388 1472 composuerunt,
1415 1405 1516 1456 Porcius
1541 1405 1618 1463 Cato,
1643 1402 1731 1452 Fabius
1748 1402 1887 1464 Maximus,

1112 1512 1226 1563 Valerius
1238 1512 1339 1572 Antias,
1356 1511 1463 1560 Licinius
1479 1514 1569 1570 Macer,
1591 1510 1662 1569 AEhl,
1676 1507 1762 1569 Gellii,
1782 1507 1886 1570 calpor-

1112 1620 1161 1679 nii,
1184 1623 1209 1669 et
1232 1623 1322 1683 praeter
1341 1619 1402 1667 istos
1417 1616 1488 1666 multi
1508 1617 1548 1667 alil
1569 1617 1615 1666 viri
1628 1630 1677 1665 non
1690 1614 1821 1679 ignobiles,
1840 1613 1885 1662 ho·

1112 1738 1166 1774 rum
1180 1722 1362 1773 commentariis
1374 1722 1435 1772 usus
1451 1722 1522 1786 (sunt
1535 1725 1618 1772 aulem
1641 1722 1734 1771 Graecis
1747 1716 1886 1768 annalibus

1112 1828 1233 1891 similes),
1247 1832 1307 1878 tnnc
1325 1828 1425 1878 demum
1445 1825 1508 1877 banc
1529 1825 1655 1876 historiam
1669 1823 1888 1874 scribendamsnm

1112 1943 1249 1996 aggressus.
1271 1934 1352 1992 hique
1363 1927 1418 1979 haec
1427 1928 1527 1991 quidem
1538 1927 1569 1975 de
1583 1926 1684 1989 meipso
1693 1925 1806 1974 disserui.
1839 1926 1886 1974 Re·

1113 2034 1207 2099 liquum
1221 2036 1259 2082 est
1275 2037 1302 2082 nt
1315 2035 1341 2083 et
1356 2031 1388 2082 de
1399 2031 1452 2094 ipsa
1470 2029 1572 2080 historia
1589 2040 1767 2092 praemoneam,
1786 2024 1885 2090 quibus

1112 2156 1168 2192 nam
1180 2154 1235 2192 eam
1247 2139 1446 2191 circumscribam
1462 2138 1622 2201 temporibus,
1632 2141 1657 2186 et
1671 2134 1762 2198 quibus
1773 2133 1805 2182 de
1816 2131 1888 2181 rebus

1113 2245 1276 2295 narrationem
1290 2243 1425 2299 conticium,
1439 2245 1464 2290 et
1478 2254 1553 2302 quam
1569 2240 1672 2289 formam
1688 2238 1756 2300 operi
1768 2235 1884 2285 tribuam.

1145 2344 1215 2394 Vlll.
1234 2343 1367 2395 ‚Historiam
1378 2346 1461 2391 autem
1474 2340 1557 2389 ordior
1563 2338 1595 2389 ab
1606 2335 1781 2400 antiquissimis
1792 2333 1889 2392 stabulis,

1113 2455 1175 2505 quas
1185 2440 1325 2504 superiores
1337 2439 1469 2503 scriptores
1480 2436 1698 2501 preatenuiserunt,
1710 2432 1777 2497 quod
1785 2430 1890 2480 nonsiue

1113 2545 1257 2596 difficultate
1270 2548 1297 2595 et
1313 2556 1401 2608 magno
1415 2541 1512 2604 negotio
1534 2539 1635 2604 reperiri
1648 2539 1756 2602 possent.
1791 2533 1890 2583 hednoo

1114 2658 1196 2703 autem
1211 2652 1376 2701 narrationem
1395 2647 1517 2713 usquead
1529 2645 1627 2696 initium
1639 2641 1713 2707 primi
1726 2640 1782 2691 belli
1795 2636 1888 2695 Punici,

1114 2758 1181 2821 quod
1196 2758 1242 2809 init
1260 2770 1324 2806 anuo
1344 2754 1418 2805 tertio
1443 2750 1588 2816 olympiadis
1610 2748 1749 2799 centesimae
1764 2743 1891 2806 rigcsinrae

1115 2864 1217 2913 octarae.
1251 2864 1328 2911 Narro
1346 2863 1428 2909 autem
1438 2862 1464 2908 et
1475 2856 1556 2906 omnia
1574 2854 1637 2904 bella
1648 2855 1763 2911 externa,
1776 2860 1833 2910 quae
1846 2859 1889 2909 po·

1114 2983 1156 3033 pu
1151 2967 1191 3020 us
1208 2971 1332 3018 Romanus
1354 2966 1402 3016 illis
1426 2961 1580 3027 temporibus
1601 2959 1689 3021 gessit,
1714 2959 1740 3005 et
1764 2953 1892 3003 intestinas

1116 3074 1249 3126 seditiones
1268 3071 1361 3134 qulbus
1376 3068 1511 3128 laborarit,
1523 3065 1613 3128 quihus
1627 3077 1658 3113 ex
1672 3060 1754 3111 causis
1764 3061 1826 3107 ortae
1837 3056 1891 3106 iuc-

1117 3181 1182 3239 rint,
1195 3178 1316 3241 quibusve
1335 3175 1415 3225 modis
1430 3178 1456 3223 et
1469 3170 1606 3222 rationibus
1619 3165 1771 3231 compositae.
1803 3167 1893 3214 Perse·

1117 3299 1180 3347 quor
1202 3283 1276 3334 etiam
1292 3281 1432 3346 reipublice
1451 3280 1554 3339 tonnas,
1569 3275 1660 3338 quihus
1678 3287 1738 3323 usus
1755 3275 1794 3321 est
1807 3274 1834 3320 et
1845 3271 1893 3321 sub

1110 3390 1215 3456 'regibus
1231 3393 1326 3452 etpost
1344 3389 1445 3437 exactos
1460 3396 1545 3447 regna,
1569 3384 1594 3431 et
1613 3380 1656 3445 Lol
1674 3379 1737 3428 ordo
1762 3389 1792 3426 ac
1812 3374 1890 3425 disci·

1118 3492 1184 3558 plina
1204 3490 1397 3551 uniuscuiusque
1408 3485 1481 3535 tuerit
1499 3495 1600 3533 :mores
1620 3480 1694 3530 etiam
1706 3477 1844 3543 praecipuos
1867 3476 1893 3525 et

1118 3593 1184 3657 leges
1198 3588 1346 3642 clarissimes
1362 3597 1492 3643 recenseo,
1513 3585 1539 3632 et
1558 3583 1582 3631 ln
1603 3592 1699 3630 summa
1716 3581 1794 3627 totam
1808 3572 1894 3639 populi

1119 3694 1221 3747 Romani
1243 3693 1351 3756 priscam
1370 3687 1468 3739 vivendi
1495 3684 1614 3734 rationem
1637 3680 1786 3731 demonstro.
1819 3674 1895 3738 Operi

1119 3813 1178 3851 rere
1187 3800 1288 3849 termam
1306 3795 1349 3858 do,
1365 3807 1410 3844 neo
1417 3789 1515 3857 qualem
1525 3789 1559 3839 illi
1572 3788 1692 3838 bellorum
1703 3783 1833 3847 scriptores
1844 3782 1896 3831 suis

1120 3905 1229 3957 historiis
1252 3902 1390 3961 dederunt,
1405 3911 1451 3948 nec
1469 3896 1568 3960 qualem
1593 3894 1636 3958 qui
1658 3888 1896 3954 rerumpublicarum

1119 4018 1211 4066 termas
1223 4010 1355 4075 separatim
1369 4009 1530 4063 enarmrnnt,
1544 4014 1623 4066 neque
1637 3997 1767 4049 annalibus
1780 3994 1894 4051 similem,

1119 4133 1183 4183 quos
1196 4118 1327 4168 ediderunt
1342 4114 1386 4177 qui
1413 4126 1453 4162 res
1477 4109 1571 4159 Atticus
1591 4104 1744 4169 scripserunt
1760 4100 1810 4165 (illi
1831 4098 1897 4148 enim

1120 4226 1251 4289 simplices,
1262 4227 1288 4273 et
1299 4219 1452 4293 auditoribus
1464 4230 1519 4267 mox
1529 4214 1628 4266 fastidio
1640 4214 1698 4263 sunt
1707 4208 1725 4274 ),
1734 4207 1778 4259 sed
1793 4207 1897 4257 mixtam

1121 4344 1152 4381 ex
1167 4326 1277 4391 quolibet
1290 4336 1378 4388 genere
1397 4319 1524 4380 erationis,
1539 4322 1565 4368 et
1579 4315 1669 4367 lorensi
1682 4317 1706 4364 et
1718 4307 1896 4377 philosophico,

1121 4434 1149 4480 ut
1162 4426 1266 4479 saliebat
1282 4428 1309 4476 et
1319 4424 1351 4474 iis
1368 4423 1411 4486 qui
1425 4420 1538 4472 civilibus
1549 4416 1653 4479 negotiis
1664 4417 1753 4465 vacant
1765 4415 1791 4462 et
1812 4410 1843 4459 lis
1854 4408 1899 4472 qni

1121 4526 1297 4594 philosophicae
1313 4521 1513 4587 contemplationi
1531 4520 1591 4569 dant
1602 4530 1702 4581 operam
1713 4552 1720 4577 ,
1733 4512 1791 4566 etsi
1808 4510 1900 4574 qulbus

1121 4630 1204 4694 quieta
1215 4624 1378 4678 oblectatione
1396 4624 1421 4672 in
1441 4619 1601 4671 historiarum
1620 4615 1725 4667 lectione
1750 4622 1813 4675 opus
1838 4608 1895 4658 erit.

1124 4735 1179 4783 Mea
1199 4731 1274 4795 igitur
1294 4727 1398 4778 historia
1411 4725 1442 4775 da
1455 4723 1524 4775 bisce
1543 4721 1617 4773 rebus
1631 4720 1685 4782 agal
1701 4719 1728 4766 et
1748 4713 1824 4764 talem
1846 4709 1901 4758 ior·

1123 4859 1187 4897 mam
1199 4842 1324 4893 sortietur.
1358 4839 1451 4887 Auctor
1466 4847 1526 4884 vero
1539 4832 1594 4883 elus
1614 4842 1671 4880 suna
1685 4838 1744 4888 ego,
1765 4818 1901 4882 Dionysius

1123 4948 1254 5001 Alexandri
1267 4950 1295 4997 F.
1312 4939 1543 4995 Halicarnassensie.
1577 4940 1657 4998 Atque
1670 4932 1729 4982 hiuc
1740 4927 1865 4980 exordior.

1154 5046 1196 5093 lx.
1211 5042 1302 5092 Urbem
1313 5041 1387 5090 tarrae
1393 5034 1516 5097 marisque
1524 5031 1599 5081 totius
1608 5025 1742 5083 dominam,
1750 5035 1825 5085 quam
1834 5031 1903 5068 nuuc

1123 5138 1359 5195 liomanilneolunt,
1372 5134 1445 5199 primi
1460 5130 1569 5181 omnium
1593 5126 1636 5189 qui
1659 5121 1785 5175 memoriae
1806 5116 1902 5183 proditi

1123 5246 1183 5295 sunt
1204 5241 1319 5293 teruntur
1332 5236 1441 5288 tenuisse
1458 5230 1557 5281 barbari
1582 5227 1671 5291 siculi,
1688 5238 1748 5289 gens
1772 5221 1896 5282 indigam
