4088 5936
237 424 295 483 lei
750 415 916 477 DiONYSii
937 414 1326 476 HALICARNASSENSIS.

236 554 314 622 θότας
332 553 461 618 πελάνους
476 551 520 611 ἐπὶ
534 548 564 608 τὸ
577 555 642 630 πῦρ,
657 547 702 606 καὶ
718 545 813 606 αὐτίκα
824 547 889 629 πρδς
901 545 961 613 τοὺς
973 550 1018 625 βα·

236 646 317 710 σιλεῖς
347 642 472 700 ἐλθοῦσαν
503 641 595 697 εἰπεῖν.
637 637 692 696 Τὸν
726 634 773 712 μέν
802 626 848 695 σύν
870 635 1017 713 Ταρκύνιον

237 729 387 793 ἀκούσαντά
399 750 428 787 τε
443 728 488 786 καὶ
503 727 571 804 μετὰ
586 730 669 784 ταῦτα
683 722 771 785 ίδόντα
781 725 812 784 τδ
826 723 904 804 τέρας
916 736 944 784 εν
958 723 1019 783 θαύ·

237 845 302 896 ματι
316 818 454 897 γενέσθαι,
469 816 517 888 τὴν
530 814 557 873 δέ
572 811 745 873 Τανακυλίδα
759 813 793 872 τά
811 818 835 872 τ’
850 813 919 871 ἄλλα
934 812 1017 894 σοφὴν

194 927 209 967 s
236 901 316 969 ούσαν
334 912 380 967 καὶ
392 905 424 977 δὴ
446 904 491 963 καὶ
511 902 546 962 τδι
559 900 674 978 μαντικὰ
690 900 792 969 ούδενδς
803 906 891 981 χεῖρον
913 901 939 959 Τ
939 924 1019 980 υρρη-

235 1000 287 1058 νῶν
312 993 488 1072 ίπισταμένην
513 993 596 1051 εἰπεῖν
619 990 685 1070 πρός
705 989 800 1064 αύτδν,
815 989 855 1049 ότι
868 987 941 1068 γένος
966 993 1018 1048 άπο

235 1089 284 1160 τῆς
299 1085 386 1151 ἱστίας
398 1087 444 1155 τῆς
463 1079 597 1162 βασιλείου
612 1078 751 1158 πέπρωται
766 1078 886 1157 γενέσθαι
894 1081 1017 1158 κρεῖττον

236 1173 255 1246 ἢ
272 1174 341 1234 κατὰ
353 1172 401 1245 τὴν
421 1167 586 1251 ἀνθρωπείαν
603 1167 698 1248 φύσιν,
714 1168 745 1225 ἐκ
758 1170 805 1239 τῆς
826 1164 966 1246 μιχθείσης
979 1169 1018 1247 τῷ

237 1263 356 1344 φάσματι
374 1261 505 1341 γυναικός.
545 1260 588 1320 Τὰ
608 1258 631 1317 δ’
653 1256 721 1315 αὐτὰ
736 1256 783 1315 καὶ
800 1259 853 1314 τῶν
870 1256 957 1316 ἄλλων
975 1279 1019 1317 ςε-

183 1358 223 1423 10'
239 1351 410 1429 ρατοσκόπων
433 1347 660 1430 ἀποφηναμένων,
683 1343 755 1410 δόξαι
776 1346 813 1426 τῷ
840 1346 944 1423 βασιλεῖ
968 1343 1019 1416 τὴν

238 1430 415 1520 Ὀκρισίαν,ᾖ
426 1439 520 1519 πρώτη
531 1436 614 1517 ίφάνη
626 1435 657 1494 τδ
667 1435 759 1513 τέρας,
772 1435 807 1502 είς
820 1434 927 1512 δμιλίαν
945 1436 1018 1515 αὐτῷ

237 1533 383 1591 συνελθεῖν·
403 1526 449 1586 καί
465 1526 531 1604 μεεδι
545 1531 622 1585 τοῦτο
642 1524 689 1598 τὴν
710 1524 823 1603 γυναῖκα
846 1525 1019 1603 κοσμησαμέ-

236 1643 295 1694 νην,
316 1610 353 1686 οἷς
368 1617 423 1684 έθος
445 1614 502 1674 ἐστὶ
515 1618 671 1690 κοσμεῖσθαι
697 1614 744 1680 τδις
763 1611 946 1691 γαμουμένας,
969 1638 1018 1674 κα-

236 1710 426 1780 τακλεισθῆναι
453 1705 537 1780 μόνην
562 1705 598 1770 είς
624 1703 668 1762 τόν
698 1692 785 1774 οἶκον,
806 1704 833 1761 έν
850 1691 873 1782 ᾧ
891 1700 921 1760 τὸ
942 1702 1020 1784 τέρας

184 1823 210 1863 ιε
237 1795 320 1879 ὤφθη.
331 1795 479 1875 Μιχθέντος
494 1793 527 1865 δέ,
539 1813 607 1859 τινος
622 1795 689 1872 αὐτῇ
702 1795 766 1851 θεῶν
784 1789 801 1862 ἢ
817 1792 960 1869 δαιμόνων,
972 1794 1019 1854 καί

238 1883 307 1963 μετά
320 1885 368 1959 τὴν
384 1884 453 1963 μῖξιν
470 1882 667 1964 ἀφανισθέντος,
685 1884 738 1940 εἴτε
753 1879 917 1962 Ἡφαίστου,
938 1883 1020 1942 καθά-

237 1997 288 2055 περ
302 1973 403 2034 οἴονταί
417 1997 501 2050 τινες,
518 1971 630 2031 εἴτετοῦ
648 1970 708 2030 κατ’
724 1971 808 2030 οἰκίαν
826 1971 922 2052 ἥρωος,
937 1970 1018 2049 ἐγκύ-

238 2086 307 2142 μονα
328 2065 447 2142 γενέσθαι
465 2061 512 2121 καί
530 2069 616 2121 τεκεῖν
632 2060 677 2119 τὀν
690 2059 804 2121 Τύλλιον
819 2063 847 2120 έν
862 2071 916 2130 τοῖς
933 2060 1018 2131 καθή-

238 2176 312 2215 κουσι
332 2154 445 2233 ’ρόνοις.
488 2154 576 2213 Τοῦτο
593 2149 623 2211 τό
648 2149 780 2228 μύθευμα,
792 2152 822 2210 ού
841 2152 911 2210 πάνυ
929 2174 955 2212 τι
972 2175 1018 2209 πι-

182 2262 213 2303 ευ
238 2242 299 2302 στὸν
314 2178 381 2302 εύαι
397 2244 500 2315 δοκοῦν,
515 2238 593 2320 ἑτέρα
607 2261 646 2307 τις
665 2238 804 2320 ἐπιφάνεια
820 2238 877 2298 θεία
891 2239 1018 2319 γενομένη

238 2333 299 2411 περὶ
313 2331 356 2391 τὸν
373 2331 455 2409 άνδριι
470 2326 611 2407 θαυμαστὴ
630 2327 677 2386 καί
695 2325 840 2406 παράδοξος
857 2318 936 2398 ἧττον
957 2328 1018 2384 einr·

238 2422 357 2479 στεῖσθαι
365 2427 447 2479 ποιεῖ.
480 2415 641 2495 Καθημένου
650 2414 702 2495 γάρ
713 2439 777 2476 ποτε
785 2417 876 2488 αὐτοῦ,
889 2416 1019 2493 μεσούσης

238 2509 356 2585 μάλιστα
376 2506 491 2589 ἡμέρας,
504 2508 582 2587 έντῇ
606 2505 722 2565 παστάδι
741 2508 795 2564 τῶν
817 2505 958 2585 βασιλείων
972 2504 1019 2562 καί

237 2596 438 2677 κατενεχθέντος
463 2598 504 2678 δφ’
524 2594 620 2672 ύπνον,
643 2601 695 2674 πῦρ
728 2592 879 2674 ἀνέλαμψεν
906 2594 937 2652 ἐκ
973 2596 1020 2665 τῆς

183 2699 211 2741 2⁵
239 2689 355 2770 κεφαλῆς
375 2684 505 2757 αθτοῦ·ἥ
525 2708 555 2744 τε
578 2681 668 2763 μήτηρ
684 2683 762 2741 αὐτοῦ
779 2681 857 2752 καὶὴ
881 2686 926 2740 τοῦ
942 2685 1018 2760 βασι·

238 2777 305 2844 λέως
318 2773 384 2853 γυνὴ
400 2774 574 2855 πορευόμεναι
589 2773 633 2831 διδ
650 2776 697 2844 τῆς
713 2772 847 2837 παστάδος
859 2770 1017 2844 ἐθεάσαντο,

240 2866 285 2926 καὶ
295 2865 390 2932 πάντες
399 2862 456 2923 όσοι
466 2860 513 2924 σύν
522 2872 579 2930 ταῖς
592 2860 707 2939 γυναιξίν
723 2861 867 2941 ἐτύγχανον
880 2858 938 2919 τότε
950 2882 1020 2940 παρ·

238 2954 323 3022 όντες·
341 2953 388 3013 καί
411 2954 491 3034 μέχρι
509 2952 602 3012 τούτου
625 2951 742 3026 διέμενεν
767 2947 867 3029 ἠφλδξ
888 2948 952 3021 όλην
972 2950 1020 3007 αὖ·

239 3049 285 3105 τοῦ
295 3042 509 3118 καταλάμπουσα
523 3041 572 3114 την
586 3039 721 3119 κεφαλὴν,
737 3037 815 3110 iusi
831 3038 919 3116 μήτηρ
936 3059 1019 3119 προσ·

183 3156 213 3198 ³⁰
240 3135 378 3214 δραμοῦσα
402 3131 571 3202 διανέστησεν
592 3127 688 3200 αὐτὸν,
709 3127 786 3198 καὶὴ
810 3126 885 3206 φλὸξ,
900 3125 959 3202 ἅμα
980 3129 1020 3206 τῷ

239 3224 314 3301 ύπνιρ
339 3219 558 3278 διασκεδασθεῖσα
574 3214 716 3295 ἠφανίσθη.
758 3214 803 3274 'fl
827 3212 875 3288 μέν
903 3213 936 3285 δὴ
958 3213 1020 3293 περὶ

239 3309 391 3390 τοῦγένους
409 3312 489 3368 αὐτοῦ
507 3305 636 3386 λεγόμενα
654 3303 762 3362 τοιαῦτά
775 3304 855 3363 ἐστιν.

279 3402 333 3462 ΙΙΙ.
354 3397 393 3460 Ἃ
414 3398 442 3458 δὲ
462 3395 514 3479 πφδ
528 3399 573 3456 τοῦ
590 3395 746 3475 βασιλεῦσαι
769 3390 927 3470 διεπράξατο
940 3390 1019 3470 λόγου

240 3488 318 3563 άξια,
333 3488 360 3558 ἐξ
371 3479 408 3548 ὧν
426 3484 575 3565 Ταρκύνιός
588 3503 617 3541 τε
637 3480 715 3540 αὐτόν
731 3482 835 3559 ἠγάσθη
853 3479 900 3539 καί
921 3479 1019 3541 δῬω-

184 3607 214 3648 ae
241 3578 327 3654 μαίων
342 3578 424 3654 δῆμος
437 3580 484 3646 τῆς
503 3571 572 3652 μετὰ
588 3570 702 3652 βασιλέα
717 3573 796 3647 τιμῆς
811 3568 902 3647 ἠξίου,
918 3570 1017 3631 τοιάδε.

239 3665 374 3733 Ἄντίπαις
389 3664 437 3742 μέν
454 3662 490 3723 ιῦν
501 3662 541 3722 έτι
550 3665 584 3742 τῇ
594 3658 688 3741 πρώτη
699 3660 840 3740 στρατεία,
850 3658 883 3731 ἣν
896 3660 940 3720 ἐπὶ
949 3662 1021 3741 Tup-

241 3754 334 3837 ρηνούς
347 3754 492 3835 Ταρκύνιος
502 3752 687 3831 ἐστράτευσεν,
698 3751 724 3808 ἓν
739 3750 793 3816 τοῖς
805 3751 914 3809 ἱππεῦσι
928 3772 1022 3827 τεταγ-

242 3844 327 3922 μένος,
343 3844 426 3912 ούτως
441 3841 525 3911 ἔδοξεν
541 3838 722 3920 ἀγωνίσασθαι
738 3839 844 3911 καλῶς,
860 3837 929 3897 ὥστε
944 3861 1021 3918 περι-

242 3933 334 4008 όόητος
349 3934 423 4001 εὐθὺς
436 3928 616 4010 γενέσθαικαὶ
629 3926 662 3988 τδι
680 3931 799 4008 ἀριστεῖα
813 3928 916 4006 πρῶτος
932 3926 1020 3986 ἁπάν-

186 4044 217 4085 ιο
241 4046 294 4082 των
309 4022 416 4083 λαθεῖν·
430 4022 524 4082 ἔπειτα
537 4019 627 4099 έτέρας
641 4017 783 4096 γενομένης
794 4015 838 4074 iel
853 4013 883 4073 ιδ
896 4016 959 4075 αὐτὸ
975 4016 1020 4076 έθ-

242 4134 284 4180 νος
298 4111 437 4191 στρατείας
451 4112 497 4170 καί
514 4110 603 4189 μάχης
617 4113 746 4188 καρτερᾶς
763 4104 825 4183 περὶ
843 4103 920 4165 πολιν
935 4105 1022 4183 Ἠρη-

241 4199 304 4276 τὸν,
329 4199 508 4280 ἀνδρειότατος
532 4199 654 4258 ἁπάντων
677 4195 765 4276 φανεὶς
789 4195 926 4275 στεφάνοις
949 4188 1022 4267 αύθις

243 4288 385 4370 ἀριστείοις
398 4288 449 4347 ὑπὸ
464 4294 510 4347 τοῦ
531 4287 659 4367 βασιλέως
679 4287 826 4361 ἐκοσμεῖτο,
842 4283 914 4358 Ἐτη
929 4283 958 4345 δδ
978 4310 1023 4365 γε·

243 4375 325 4458 γονὼς
347 4377 430 4436 rixosa
453 4377 582 4454 μάλιστα,
597 4380 644 4448 τῆς
673 4379 848 4455 συμμαχικῆς
876 4398 1022 4458 στρατηγος

187 4487 216 4527 ιε
244 4469 391 4547 ἀπεδείχθη
404 4466 554 4542 δυνάμεως,
571 4465 604 4538 ἣν
618 4470 728 4526 Λατῖνοι
745 4467 883 4549 ἔπεμψαν,
897 4467 943 4527 καί
958 4490 1023 4544 συγ-

243 4559 426 4630 κατεκτήσατο
449 4557 555 4633 βασιλεῖ
576 4557 718 4638 Ταρκυνίῳ
738 4557 786 4630 τλν
806 4562 859 4617 τῶν
877 4560 1022 4639 Τυρρηνῶν

243 4646 341 4725 ἀρχήν·
356 4646 384 4706 έν
404 4670 434 4706 τε
449 4648 488 4726 τῷ
511 4644 576 4722 πρὸς
591 4645 721 4714 Σαόίνους
741 4646 852 4727 πολέμῳ
868 4651 907 4728 τῷ
924 4647 1023 4729 πρώτῳ

243 4735 379 4809 συστάντι,
387 4738 440 4794 τῶν
458 4732 562 4794 ἱππέων
584 4736 748 4817 άποδιιχθείς
770 4735 876 4814 ἡγεμὼν
896 4736 1023 4818 ἐτρέψατο

242 4821 302 4891 τούς
315 4826 368 4883 τῶν
378 4823 511 4901 πολεμίων
527 4824 631 4900 ίππεῖς,
642 4824 688 4883 καί
702 4825 780 4907 μέχρι
794 4826 895 4893 πόλεως
906 4824 1024 4904 Ἀντέμ-

190 4939 218 4979 ap
244 4933 289 4981 νης
308 4910 417 4988 ίλάσας,
431 4912 466 4971 τδι
488 4915 607 4994 ἀριστεῖα
632 4915 678 4975 καί
701 4920 731 4976 έκ
750 4914 850 4990 ταύτης
866 4918 914 4987 τῆς
935 4915 1025 4997 μάχης

244 4996 353 5058 Ῐδαὸἕν·
368 4998 459 5076 ἑτέρας
473 5024 503 5060 τε
518 5005 620 5072 πολλάς
639 5003 703 5085 πρὸς
715 5003 746 5065 τδ
762 5004 826 5065 αύτδ
840 5003 910 5073 ίθνος
925 5006 1023 5084 άγυενι·

244 5083 360 5161 σάμενυι
374 5085 474 5164 μάχας,
485 5090 544 5150 τοτὲ
559 5091 607 5169 μίν
622 5092 725 5153 ίππέιυν
744 5094 905 5172 ἡγούμενος,
924 5091 983 5152 sori
997 5091 1025 5152 δὲ

1072 567 1140 605 more
1155 553 1205 605 libe
1217 566 1275 618 qure
1292 552 1319 604 in
1336 553 1416 618 ignem
1431 554 1579 611 coniceret:
1599 558 1625 606 et
1638 555 1768 607 couieslim
1787 571 1858 622 reges

1072 658 1161 709 adiisse
1172 671 1274 723 remque
1287 657 1335 709 iilia
1347 657 1479 711 indicasse.
1511 658 1674 724 Tarquinium
1685 660 1760 724 igitur
1772 662 1858 715 eudllo

1073 763 1099 811 et
1112 763 1198 825 postea
1212 762 1268 812 riso
1278 759 1326 811 hoc
1339 761 1450 826 prodigio
1464 761 1670 813 admirabundum
1684 764 1784 816 stetisse
1795 769 1858 818 :Ta-

1073 863 1197 928 nnquiiem
1207 876 1267 915 vem
1282 863 1421 925 mulierem,
1429 869 1457 916 et
1467 864 1558 930 alioqui
1571 864 1718 929 prudentem
1727 867 1754 917 ei
1764 867 1858 921 divina-

1005 989 1012 1007 ι
1073 964 1146 1016 tionis
1161 965 1250 1030 peritia
1268 966 1329 1017 uuili
1347 970 1509 1019 Etruscorum
1526 970 1670 1033 secundam,
1684 973 1709 1024 ei
1722 972 1814 1025 dixisse
1832 973 1858 1024 in

1072 1066 1592 1133 iatisesseutexreqiaarnpmleshumana
1601 1074 1857 1139 unturupraestautior
1891 1102 1896 1108 ·

1072 1169 1345 1236 exmubero,queeun
1357 1171 1503 1236 iliospeotm
1512 1173 1686 1227 concumberet
1693 1181 1856 1233 ,nasceretur

1073 1273 1138 1323 cum
1150 1275 1233 1324 autem
1248 1272 1322 1324 ceteri
1333 1286 1434 1337 quoque
1445 1274 1610 1339 prodigiorum
1629 1277 1781 1330 coniectores
1790 1277 1857 1330 idem

1074 1376 1253 1439 aiiirmasseul,
1276 1375 1345 1426 aiunt
1357 1377 1406 1442 regi
1419 1377 1540 1442 placuisse
1549 1378 1683 1441 ocrisiam,
1698 1382 1739 1431 cui
1750 1381 1857 1446 primum

1073 1481 1227 1549 apparuisset
1233 1481 1380 1548 prodigium,
1392 1497 1450 1534 cum
1460 1484 1564 1536 eoeoire
1574 1504 1581 1536 ε
1591 1489 1618 1535 et
1629 1487 1715 1549 postes
1726 1485 1857 1538 mulierem

1073 1587 1212 1639 decoratum
1218 1587 1376 1647 omemeulis,
1388 1586 1480 1652 quibus
1491 1563 1710 1652 spousaeuupturae
1724 1589 1856 1640 omeriso·

1073 1692 1134 1752 lent,
1146 1690 1224 1741 solam
1240 1688 1357 1742 inclusam
1369 1704 1424 1742 ease
1439 1690 1465 1741 iu
1482 1691 1515 1741 iis
1524 1689 1628 1751 mdibm,
1642 1691 1667 1740 in
1686 1690 1777 1754 quibus
1795 1691 1857 1745 illud

1074 1790 1210 1855 prodigium
1222 1789 1304 1841 risum
1317 1791 1379 1841 erut.
1395 1792 1458 1842 cum
1470 1796 1554 1842 ευιειιι
1564 1791 1668 1855 qnidam
1683 1792 1736 1844 sire
1752 1792 1856 1844 deorum

1074 1893 1260 1960 sireqeniorum
1267 1907 1319 1945 rem
1329 1907 1388 1944 cum
1402 1893 1444 1944 ille
1453 1893 1589 1951 habuisset.
1600 1897 1692 1959 etpost
1703 1895 1798 1946 coitum
1805 1894 1857 1947 dis·

1074 2001 1206 2067 paruisset,
1214 2000 1266 2051 sire
1278 2000 1299 2050 is
1311 1998 1437 2050 Vulcanus
1449 1998 1530 2060 luerit,
1542 1999 1687 2050 utnonnnlli
1697 2001 1795 2063 putent,
1805 1999 1858 2051 sire

1074 2100 1111 2149 iar
1119 2097 1252 2160 familiaris,
1263 2097 1389 2162 gravidam
1404 2099 1502 2156 iactum,
1516 2097 1633 2162 legitimis
1641 2096 1767 2149 mensibus
1780 2111 1853 2148 eaec-

1072 2197 1105 2247 tis
1124 2194 1232 2246 Tullium
1248 2194 1380 2258 peperisse.
1393 2194 1513 2253 Quamvis
1533 2197 1618 2244 eutem
1634 2193 1688 2245 trec
1703 2192 1785 2243 tabula
1804 2207 1854 2245 nen

1072 2291 1207 2343 admodum
1218 2291 1335 2342 credibile
1345 2291 1470 2351 videatur,
1483 2294 1566 2342 umen
1578 2289 1646 2340 eliud
1659 2288 1784 2354 quoddam
1796 2302 1857 2353 pro·

1071 2389 1174 2454 digium,
1198 2388 1267 2453 qnod
1284 2389 1318 2439 illi
1336 2388 1391 2439 viro
1411 2389 1501 2439 mirum
1524 2393 1551 2439 et
1574 2390 1663 2451 pour
1686 2387 1856 2452 exspectatio-

1072 2501 1127 2539 nem
1140 2486 1241 2546 accidit,
1258 2486 1316 2537 lucil
1333 2485 1455 2536 nimicus
1470 2484 1502 2536 «le
1516 2498 1547 2536 ec
1559 2485 1693 2536 dubitetur.
1714 2484 1779 2536 lieni
1792 2498 1852 2536 cum

1071 2583 1201 2650 aliquando
1223 2582 1326 2634 meridie
1349 2582 1447 2635 sederet
1465 2582 1491 2633 in
1514 2582 1581 2648 regio
1593 2583 1701 2648 porticu,
1722 2586 1748 2634 el
1767 2595 1856 2634 somno

1073 2687 1203 2747 correptus
1220 2684 1294 2746 esset,
1316 2682 1414 2734 ltamma
1429 2697 1461 2733 ex
1476 2682 1531 2735 cius
1546 2683 1627 2748 cupite
1640 2682 1758 2744 emicuit,
1778 2697 1854 2748 qnam

1072 2783 1099 2831 et
1109 2783 1188 2831 meter
1196 2780 1252 2831 eius
1260 2781 1286 2831 ei
1295 2793 1358 2830 naor
1370 2781 1443 2845 regis.
1453 2779 1514 2831 dum
1524 2793 1570 2844 per
1578 2782 1705 2845 porticum
1717 2780 1853 2843 ambulant,

1072 2876 1196 2939 uiderunt,
1212 2881 1238 2929 et
1254 2878 1340 2941 reliqui
1358 2878 1500 2941 omnesqui
1516 2879 1570 2928 tum
1582 2879 1648 2930 torte
1658 2891 1720 2929 cum
1736 2878 1784 2930 iilis
1799 2891 1858 2929 mu·

1074 2977 1174 3028 lieribus
1191 2976 1294 3027 aderaut
1315 2996 1321 3027 ε
1342 2990 1387 3027 nec
1402 2976 1471 3041 prius
1492 2976 1591 3027 tiammo
1610 2978 1693 3028 totum
1713 2977 1768 3028 eius
1784 2981 1857 3042 caput

1073 3074 1219 3126 collustrare
1230 3073 1317 3134 desiit,
1333 3088 1409 3139 quum
1423 3078 1501 3125 muter
1512 3087 1645 3126 accurrens
1656 3088 1715 3126 eum
1727 3074 1855 3136 excitarit,

1073 3183 1099 3229 et
1112 3177 1210 3229 tiammo
1225 3181 1343 3239 uuajcum
1354 3178 1408 3242 ipso
1419 3192 1506 3229 somno
1518 3177 1637 3243 dissipate
1647 3179 1760 3231 ermuit.
1795 3182 1858 3238 Quae

1073 3281 1187 3347 igiturde
1198 3278 1265 3331 iilius
1276 3279 1369 3345 origiue
1382 3282 1506 3341 teruntur,
1522 3280 1577 3331 lraec
1591 3281 1659 3331 sunt.

1106 3395 1149 3443 111.
1166 3395 1230 3451 Qum
1254 3405 1315 3443 vero
1337 3395 1470 3456 antequam
1494 3395 1606 3456 regnaret
1625 3396 1762 3451 memoratu
1784 3392 1860 3457 digna

1075 3487 1142 3547 tecit,
1162 3488 1263 3551 obque
1280 3486 1353 3537 eliam
1367 3486 1515 3550 Tarquinius
1528 3487 1611 3551 ipsum
1628 3486 1764 3537 uomiturus
1780 3488 1820 3539 est
1832 3491 1859 3541 ei

1075 3582 1181 3648 popolus
1189 3584 1315 3633 Romanus
1326 3581 1351 3631 in
1363 3582 1473 3633 secundo
1485 3596 1501 3632 a
1514 3595 1570 3648 rege
1582 3581 1675 3633 bonore
1689 3582 1788 3645 hebuit,
1803 3581 1858 3634 brec

1075 3683 1141 3731 sunt.
1175 3680 1225 3730 Via
1242 3692 1274 3729 ex
1292 3679 1398 3743 pueritia
1420 3691 1533 3743 egressus
1551 3679 1576 3728 in
1594 3678 1675 3743 prima
1692 3679 1857 3746 expeditione,

1077 3787 1152 3838 quam
1159 3773 1305 3838 Tarquinius
1315 3776 1400 3823 contre
1411 3775 1527 3823 Etruscos
1537 3772 1603 3834 iecit,
1616 3772 1643 3823 in
1652 3775 1765 3837 equitum
1772 3773 1859 3825 ordine

1076 3868 1222 3930 collocatus,
1234 3868 1268 3918 ita
1280 3867 1377 3932 egregie
1390 3867 1522 3917 dimicasse
1530 3866 1654 3918 iudicatus
1664 3871 1711 3925 est,
1726 3870 1756 3918 ut
1769 3868 1855 3918 statim

1077 3961 1151 4026 urigo
1162 3959 1336 4021 celebraretur,
1355 3962 1380 4010 et
1394 3960 1496 4024 premia
1514 3958 1663 4009 tortitudinis
1682 3958 1791 4008 omnium
1806 3959 1857 4023 pri-

1077 4072 1133 4109 mus
1149 4057 1223 4108 terret
1241 4053 1349 4106 :deinde
1360 4068 1425 4110 cum,
1441 4054 1467 4104 in
1482 4053 1624 4105 aliacontra
1637 4052 1741 4103 eandem
1758 4056 1859 4118 gentem

1077 4150 1231 4218 expeditione
1252 4149 1286 4200 ed
1305 4151 1406 4199 Eretum
1428 4147 1513 4199 urbem
1536 4160 1593 4198 ecre
1610 4146 1722 4211 proelium
1742 4147 1859 4198 commit·

1078 4251 1180 4311 teretur,
1192 4252 1218 4298 el
1232 4245 1342 4298 emnium
1361 4245 1523 4296 fortissimum
1535 4258 1562 4297 se
1579 4244 1753 4310 praestitisset,
1769 4244 1861 4297 iterum

997 4379 1003 4395 .
1077 4344 1176 4394 οοιοοῖε
1194 4355 1238 4406 pro
1259 4353 1334 4404 opera
1351 4338 1448 4390 lortiter
1470 4343 1562 4391 necate
1583 4352 1671 4403 areqe
1689 4341 1795 4389 ornatus
1809 4344 1859 4390 eet.

1078 4438 1168 4489 AEtalis
1186 4439 1269 4486 autem
1291 4447 1358 4485 anuo
1378 4432 1411 4483 ad
1428 4446 1554 4484 summum
1580 4433 1713 4499 vigesimo,
1738 4431 1861 4484 seclorum

1078 4545 1141 4597 quos
1150 4529 1229 4581 Latini
1240 4529 1365 4588 miserunt,
1377 4525 1429 4579 dux
1438 4527 1518 4579 iactus
1526 4529 1564 4577 cst
1574 4530 1601 4578 et
1609 4540 1690 4592 regem
1701 4526 1861 4590 Tarquinium

1079 4628 1104 4678 in
1128 4625 1293 4692 comparando
1315 4627 1474 4675 Etruscorum
1501 4621 1605 4687 imperio
1627 4622 1699 4673 iuvit.
1732 4625 1815 4685 Atque
1835 4622 1861 4670 iu

1077 4721 1158 4787 primo
1170 4719 1244 4781 bello,
1263 4718 1331 4784 quod
1347 4722 1434 4769 contra
1449 4716 1551 4767 Sabinos
1566 4720 1662 4781 geslum
1675 4719 1723 4775 est,
1735 4715 1862 4779 equitatus

1078 4816 1131 4869 dux
1141 4815 1224 4866 iactus
1238 4813 1348 4865 bostium
1362 4811 1500 4875 equitatum
1514 4810 1578 4861 indit
1587 4810 1738 4873 fugavitque,
1747 4813 1772 4859 et
1782 4820 1861 4873 usque

1079 4910 1110 4960 ud
1123 4913 1255 4961 Antemnae
1270 4907 1389 4974 oppidum
1399 4907 1553 4972 persecutus,
1564 4917 1596 4955 ea
1610 4903 1658 4954 hoc
1666 4915 1764 4967 queque
1775 4900 1863 4966 proello

1078 5003 1181 5068 praemis
1194 5002 1294 5054 virtutis
1312 5001 1397 5053 retulit
1412 5020 1419 5050 ε
1440 5004 1466 5052 el
1486 5000 1511 5050 in
1526 4998 1611 5050 multis
1626 4996 1681 5048 aliis
1699 4996 1792 5063 proeiiis
1804 5009 1863 5047 eum

1080 5109 1109 5147 ea
1119 5098 1192 5161 genle
1208 5095 1290 5158 iactis,
1304 5094 1379 5145 modo
1399 5094 1512 5157 equilum
1529 5090 1604 5144 modu
1622 5090 1734 5155 peditum
1755 5089 1863 5156 pretec-

243 5174 346 5243 πεζῶν,
363 5171 390 5226 έν
406 5171 522 5246 άπάσαις
536 5182 619 5260 ἐφάνη
635 5182 723 5263 ψυχὴν
742 5181 847 5261 ἄριστος
863 5181 909 5241 καί
922 5185 1026 5263 πρῶτος
1080 5193 1139 5252 tus,
1167 5189 1192 5239 in
1215 5187 1329 5240 omnibus
1352 5187 1463 5238 animum
1493 5186 1655 5238 lenissimum
1681 5184 1865 5236 demonstravit

239 5258 421 5341 ἐστεφανοῦτο
434 5265 488 5323 τῶν
499 5266 597 5329 σίλλων.
644 5268 800 5343 Καλίπτιδη
817 5268 937 5351 παρίστη
954 5268 1024 5331 Ῥω·

1080 5281 1106 5329 el
1125 5276 1219 5342 primus
1234 5280 1292 5328 ante
1308 5276 1369 5327 ulios
1391 5274 1489 5326 coronis
1508 5273 1639 5327 decoratus
1656 5276 1703 5327 est.
1738 5274 1770 5323 Et
1790 5279 1863 5339 poel-
