4070 5926
254 406 315 468 ete

256 566 269 591 ιι
282 537 327 597 τὸν
342 536 449 617 χοίρακα
466 540 517 595 τῶν
527 534 662 611 πολεμίοιν
677 534 824 610 ὠσαίμενος,
841 534 971 615 βούλομαι
985 535 1032 594 καῖ

256 654 269 678 ιι
285 626 347 706 περὶ
370 622 464 684 τούτου
481 624 558 701 λόγον
578 624 705 703 ὑποσχεῖν
723 629 802 701 ὑμῖν,
827 624 1033 705 προχειρότατον

257 741 270 763 ιι
285 721 334 790 μέν
355 711 427 773 τοῦτ’
449 711 518 792 ἔχων
539 713 638 786 εἰπεῖν,
660 710 701 771 ότι
717 711 748 772 τὸ
770 711 817 790 μίν
836 715 962 787 ἐπιτιμᾶν
980 719 1034 778 τοῖς

256 829 269 853 ιι
283 800 429 878 γενομένοις
448 801 519 861 ποίνυ
540 799 625 883 ῥᾴδιον
647 800 695 860 καὶ
713 800 810 868 παντὸς
832 799 985 883 ἀνθρώπου,
1005 799 1035 860 τδ

216 907 228 943 b
257 918 269 943 «
285 891 312 950 δέ
330 890 550 972 παραόύλλεσθαι
575 888 718 970 πριίγμασι
735 892 826 958 καλοῖς
850 889 967 970 χαλεπὸν
988 887 1035 949 καὶ

256 1008 269 1032 ιι
282 980 391 1059 θλίγων·
413 980 459 1038 καί
473 979 514 1038 δτι
527 979 578 1058 οὐχ
590 976 682 1058 ὥσπερ
705 978 741 1038 adr
763 980 888 1057 γιγονότα
910 977 1033 1060 φαίνεται

256 1097 268 1120 ιι
285 1068 364 1128 ὁποῖοί
379 1073 462 1142 isses,
477 1067 546 1126 ούτω
560 1067 607 1126 καῖ
624 1068 656 1127 τά
672 1070 804 1145 μέλλοντα
842 1071 921 1126 brois
945 1065 1035 1127 ἔσται·

257 1184 269 1208 ιι
286 1159 345 1217 ἀλλ’
361 1161 448 1219 ἐκεῖνα
463 1156 511 1234 μέν
532 1157 671 1229 αἰσθήσεσι
685 1157 732 1215 καὶ
748 1157 844 1216 πάθεσι
858 1154 1036 1232 καταλαμύα-

257 1272 269 1295 ιι
285 1245 400 1321 νόμεθα,
413 1252 496 1305 ταῦτα
518 1244 546 1303 δέ
562 1244 698 1322 μαντείαις
711 1244 758 1303 καὶ
773 1244 859 1313 δόξαις
878 1244 1034 1321 εἰκάζομεν,

204 1361 230 1399 ω
258 1362 270 1386 ιι
285 1338 312 1395 έν
325 1327 366 1402 αἷς
378 1333 447 1395 πολίι
461 1335 492 1394 τὸ
507 1333 659 1408 ἀπατηλόν·
675 1332 722 1392 καλ
736 1332 777 1393 δτι
791 1339 888 1410 ῥᾷστον
908 1333 1034 1394 ἁπάντων

261 1446 274 1470 ιι
289 1419 345 1477 ioci
356 1418 427 1498 λόγῳ
437 1424 594 1497 στρατηγεῖν
603 1415 734 1490 πολέμους
744 1414 794 1485 ἔξω
807 1422 853 1477 τοῦ
866 1420 949 1479 δεινοῦ
958 1419 1039 1498 βεύη·

261 1536 274 1559 ιι
289 1507 378 1581 ιιότας,
394 1507 536 1566 δποιοῧσιν
550 1506 573 1564 οἱ
589 1510 796 1585 κατηγοροῦντες
807 1509 884 1582 ἐμοῦ.
902 1507 982 1567 billi
996 1509 1040 1568 isa

261 1624 274 1647 ιι
289 1596 463 1675 cairaipd„
451 1594 483 1652 οί
486 1591 1041 1705 ρεπρδςθεῶν,είπατέμοι,μόνοςῆπρῶτος

261 1686 351 1758 ιιύμῑν
375 1680 462 1761 ίγὼ
451 1683 577 1758 φαίνομαι
602 1681 745 1791 βιοίσμσθαι
771 1684 892 1766 φρούριον
914 1687 1040 1749 ίπιόοίλό-

207 1793 268 1832 εει
268 1794 365 1848 ιμενος
374 1770 420 1829 καλ
432 1794 453 1827 π
455 1793 495 1851 ρος
505 1739 594 1849 ὑψηλὰ
603 1794 661 1852 χωρ
647 1774 691 1851 ρία
702 1773 1012 1857 τάςδυνύμειςάγαγόινς
1021 1777 1039 1850 ἢ

261 1861 395 1918 ιιπολλιῖνν
408 1882 461 2006 μετ
462 1858 572 1918 ’ἀλλων
590 1860 723 1941 ὑμετέρων
746 1885 794 1944 στρ
780 1867 913 1944 ρατηγῶν,
926 1865 952 1935 ii
964 1856 1001 1925 ὧν
1014 1870 1040 1925 οἱ

261 1945 336 2023 ιιμίν
346 1945 436 2027 κατιύρ
438 1952 526 2006 θωσαν
530 1955 600 2018 ,τοῖς
614 1947 672 2006 δ”
647 1972 694 2007 ουκ
707 1949 777 2031 ίχώρ
777 1975 841 2022 ησιν
852 1957 869 2024 ἡ
879 1955 957 2034 πεῖρα
969 1956 1039 2016 κατὰ

260 2059 361 2110 ιινουνς
376 2036 413 2098 Τί
423 1971 578 2145 ρδιιίτερτε
548 2059 592 2095 ουν
604 2035 664 2103 τους
680 2036 774 2106 ἀλλους
795 2039 902 2120 ἀφέντες
916 2041 1039 2123 έμδκρί-

260 2148 362 2199 ινετε,
378 2126 401 2182 εἷ
420 2129 486 2183 ταῦτ
485 2125 726 2203 ’ἀστρατηγησίας
745 2127 791 2187 καὶ
810 2129 959 2210 ἀφροσύνης
973 2066 1038 2209 ίρργα

203 2241 230 2280 20
258 2244 270 2269 ιι
285 2215 467 2293 νομίζετε;’
432 2238 503 2276 ποσα
528 2216 556 2276 δέ
578 2217 647 2276 ἀλλα
661 2217 753 2278 τούτου
774 2218 957 2301 τολμηρότερα
981 2228 1035 2288 τοῖς

257 2330 269 2355 ιι
284 2302 412 2380 ἡγεμόσιν
440 2302 525 2363 έπεισι
546 2304 690 2383 πρέπειν,
710 2303 774 2365 όταν
799 2305 830 2365 τὸ
854 2306 970 2388 ἀσφαλές
989 2305 1035 2367 καί

257 2420 270 2445 ιι
284 2391 469 2471 λελογισμένον
483 2391 582 2466 ἥκιστα
600 2396 624 2454 οί
639 2392 727 2474 καιροὶ
743 2392 934 2475 δέχωνταιςΟί
941 2394 989 2472 μέν
1005 2418 1034 2475 γε

775 400 945 464 DlONYSii
967 399 1349 464 HALiCARNdSSENSiS

1092 562 1104 586 ι
1118 544 1253 608 quiesque
1271 543 1303 593 ad
1314 546 1396 594 castra
1411 544 1497 595 hostes
1508 544 1556 595 sim
1573 547 1736 610 persecutus,
1751 541 1874 591 rolohu-

1089 658 1101 682 ι
1114 641 1157 703 jus
1169 652 1270 705 quoque
1280 638 1317 689 rei
1328 638 1450 690 rationem
1463 639 1577 700 reddere,
1598 638 1696 690 etiamsi
1712 638 1738 687 in
1753 637 1874 702 promptu

1089 753 1101 777 ιι
1120 732 1225 783 mibisit
1237 732 1337 796 dicere,
1350 746 1390 784 res
1408 737 1492 797 gestas
1512 733 1694 799 reprehendere
1708 731 1749 782 rel
1768 729 1873 779 cuilibet

1089 846 1102 871 ιι
1116 826 1263 878 facillimum
1281 840 1349 889 esse,
1371 825 1416 877 sed
1435 841 1476 878 res
1490 827 1625 893 preclaras
1636 827 1750 892 aggredi,
1761 824 1874 875 arduum

1090 941 1103 964 ιι
1117 921 1285 985 atquepaueis
1295 921 1401 981 dalum;
1416 934 1463 972 nec
1473 926 1501 972 ut
1511 920 1583 973 facile
1592 922 1624 973 dc
1638 922 1714 972 rebus
1724 919 1873 986 preteritis.

1091 1036 1104 1060 ιι
1120 1016 1155 1066 ila
1168 1017 1243 1067 eiiam
1253 1015 1285 1066 de
1299 1014 1407 1076 intutis,
1418 1014 1507 1081 quales
1524 1015 1576 1067 ille
1587 1016 1637 1066 siut
1651 1012 1876 1079 iulurae,judicari

1090 1124 1205 1174 aposso:
1225 1107 1270 1160 sed
1282 1108 1341 1160 illas
1360 1109 1464 1175 quidem
1485 1110 1601 1162 sensibus
1623 1114 1649 1163 el
1668 1110 1782 1161 cladibus
1800 1106 1878 1158 nobis

1090 1225 1103 1250 ι
1119 1204 1209 1270 percipi
1220 1243 1226 1263 ,
1244 1205 1290 1255 bas
1302 1218 1363 1255 vero
1375 1205 1572 1257 divinationibus
1583 1209 1609 1258 et
1618 1204 1767 1271 coniecturis
1778 1202 1874 1265 colligi,

1090 1317 1103 1341 ι
1121 1297 1146 1347 iu
1163 1296 1257 1362 quibus
1275 1290 1343 1349 inest
1355 1298 1493 1363 plurimum
1505 1298 1617 1350 fallacias.
1643 1303 1695 1352 tice
1704 1298 1786 1351 dicam
1798 1294 1876 1346 iacil-

1091 1411 1104 1436 ι
1118 1391 1205 1441 limum
1223 1390 1306 1441 cuivis
1328 1405 1386 1442 esse
1406 1393 1490 1444 verbis
1513 1393 1578 1445 bella
1600 1394 1788 1451 administrare,
1808 1392 1875 1442 dum

1091 1505 1103 1529 ιι
1118 1485 1205 1551 procul
1222 1488 1285 1536 esta
1297 1486 1417 1550 periculo,
1440 1488 1510 1553 quod
1524 1487 1621 1540 iaciunt
1631 1490 1682 1540 mei
1702 1492 1876 1539 accusatores.

1092 1604 1104 1627 ιι
1119 1580 1169 1633 scd
1178 1583 1207 1630 ut
1218 1581 1272 1632 baec
1286 1582 1365 1632 missa
1378 1581 1477 1642 inciam,
1494 1584 1569 1649 agile,
1581 1598 1627 1649 per
1639 1583 1699 1635 deos
1711 1582 1774 1633 mibi
1784 1581 1875 1643 dieite,

1092 1697 1104 1721 ι
1119 1675 1219 1726 solusne
1233 1688 1279 1740 ego
1294 1678 1339 1726 aut
1359 1676 1454 1740 primus
1474 1677 1586 1728 bostium
1598 1676 1748 1729 munitiones
1764 1675 1790 1725 ri
1802 1674 1875 1725 illata

1091 1793 1103 1816 ι
1119 1784 1251 1836 aggressus
1264 1783 1320 1821 esse
1334 1774 1360 1821 et
1379 1772 1463 1837 copias
1476 1772 1508 1823 ad
1527 1773 1582 1824 loca
1594 1773 1662 1824 edita
1679 1772 1784 1825 duxisse
1800 1770 1875 1822 robis

1091 1888 1103 1911 ι
1119 1865 1223 1917 videor?
1241 1877 1272 1915 au
1294 1863 1437 1915 renuidem
1456 1863 1517 1923 ieci,
1543 1865 1612 1930 quod
1632 1864 1708 1916 mulli
1728 1864 1769 1915 alii
1793 1864 1875 1914 vestri

1092 1983 1104 2006 ιι
1119 1961 1295 2025 imperatores,
1305 1972 1413 2024 quorum
1426 1959 1468 2009 alii
1481 1973 1533 2011 reru
1550 1958 1657 2011 feliciter
1666 1963 1804 2025 gesserunt,
1814 1958 1875 2010 aliis

1092 2074 1103 2097 ι
1122 2067 1182 2103 vere
1195 2056 1299 2103 conatus
1314 2053 1434 2104 exanimi
1450 2054 1638 2105 sententiando
1657 2055 1798 2106 suecessit?
1819 2057 1877 2105 cur

1091 2167 1103 2190 ιι
1118 2145 1202 2210 igitur,
1210 2159 1288 2209 quum
1298 2145 1360 2196 alios
1368 2145 1532 2209 absolveritis,
1543 2148 1722 2209 medecinalis,
1733 2148 1754 2199 si
1762 2147 1817 2198 brec
1824 2148 1875 2198 im·

1093 2262 1105 2285 ι
1117 2239 1196 2305 perite
1206 2241 1231 2288 el
1247 2237 1324 2288 stulte
1344 2238 1411 2290 iacta
1420 2241 1533 2305 putatis?
1546 2248 1609 2307 quot
1624 2243 1673 2294 alin
1692 2243 1800 2294 facinora
1814 2258 1875 2294 ura-

1091 2356 1103 2379 ιι
1115 2333 1188 2398 joris,
1201 2346 1278 2397 quarn
1290 2332 1472 2394 mandacio
1483 2335 1589 2387 ducibus
1598 2336 1623 2387 in
1636 2342 1744 2387 ruentem
1757 2338 1876 2399 veniunt,

1091 2452 1102 2474 ι
1117 2426 1216 2495 quoties
1237 2428 1335 2490 tempus
1354 2428 1458 2479 consilia
1476 2433 1532 2480 luta
1552 2434 1578 2482 et
1600 2431 1755 2483 considerata
1768 2433 1876 2484 minime

257 2510 270 2533 ιι
285 2481 332 2549 τάς
344 2479 460 2559 σημαίας
472 2481 638 2562 ἀρποίσαντες
649 2485 702 2542 τῶν
717 2481 850 2564 σφετέρων
873 2482 982 2564 ἔρριψαν
998 2485 1034 2551 εἰς

257 2597 269 2622 ιι
284 2568 342 2638 τοὺς
355 2569 514 2646 πολεμίους,
527 2569 572 2630 ἵνα
585 2580 637 2637 τοῖς
649 2572 807 2648 βλακεύουσι
818 2569 864 2631 κοιλ
878 2571 1034 2631 ἀποδειλιῶ·

202 2670 229 2708 as
257 2685 270 2710 ιι
285 2680 326 2716 σιν
344 2660 375 2717 ix
388 2663 435 2718 τοῦ
456 2659 603 2739 ἀναγκαίου
617 2664 743 2740 παραστῇ
758 2659 790 2719 ab
808 2658 941 2741 εὔψυχον,
958 2661 1035 2718 irras-

183 2792 186 2797 ,
257 2773 270 2797 ιι
283 2747 422 2823 ταμένοις,
444 2745 483 2806 ότι
515 2746 574 2814 τοὺς
599 2748 639 2825 μὴ
663 2747 854 2817 ἀνασώσαντας
875 2746 910 2807 air
933 2755 1032 2825 σημεῖα

257 2861 270 2883 ιι
289 2836 340 2892 ὑπὸ
351 2838 402 2892 τῶν
418 2840 574 2913 στρατηγῶν
595 2838 634 2896 δεῖ
649 2837 696 2897 αθν
711 2836 824 2917 αἰσχύνῃ
839 2839 993 2895 ἀποθανεῖν·
1008 2841 1033 2896 οἱ

257 2948 269 2971 ιι
285 2921 307 2979 θ’
319 2923 356 2982 είς
369 2920 417 2990 τὴν
435 2925 485 2980 τῶν
506 2924 640 2998 πολεμίων
658 2924 750 3004 χώραν
765 2922 923 3002 ἀμόαλύντες
936 2922 1032 2983 ἔλυσαν

257 3035 270 3061 ιι
284 3008 317 3067 τδι
331 3009 467 3088 ζεύγματα
483 3014 536 3068 τῶν
550 3017 696 3086 ποταμῶν,
708 3011 751 3080 οὓς
766 3011 908 3089 διέόησαν,
922 3009 967 3070 ίνα
979 3015 1032 3080 τοῖς

202 3131 230 3173 ,0
258 3127 270 3151 ι
285 3096 389 3178 φεύγειν
402 3097 594 3171 διανοουμένοις
615 3100 712 3179 ἄπορος
728 3106 744 3173 ἡ
765 3106 812 3160 τοῦ
827 3104 945 3171 σωθῆναι
960 3102 1033 3169 tiele

259 3210 272 3233 ιι
287 3189 397 3261 φανεῖσα
408 3180 670 3260 θοῖρσοςπαραστήση
683 3180 729 3239 καί
735 3179 849 3257 μήνοςέν
855 3182 912 3249 ταῖς
922 3181 1037 3263 μσίχαις·

259 3296 272 3321 ιι
287 3271 312 3327 ol
332 3266 360 3326 δέ
371 3266 418 3333 τδς
432 3265 531 3341 σκηνάς
551 3267 597 3326 καὶ
613 3267 647 3327 εδ
663 3270 809 3350 σκευοφόρα
823 3270 1037 3338 κατακαύσαντες

260 3369 272 3409 ιι
287 3355 404 3433 ἀνάγκην
424 3355 555 3426 ἐπέθηκαν
577 3365 631 3424 τοῖς
654 3360 787 3436 σφετέροις
802 3360 831 3419 ia
848 3364 894 3432 τῆς
908 3360 1037 3436 πολεμίας

1091 2546 1103 2569 ι
1118 2521 1232 2588 patitur?
1244 2520 1360 2571 Nonnulli
1372 2522 1438 2572 enim
1458 2523 1527 2589 sigua
1546 2525 1600 2575 suis
1617 2524 1720 2590 abrepta
1734 2526 1760 2575 iu
1773 2527 1875 2578 medios

1094 2641 1104 2665 ι
1120 2619 1205 2669 hostes
1218 2615 1385 2680 conjecerunt,
1399 2622 1428 2668 ut
1437 2619 1553 2684 segnibus
1567 2634 1597 2670 ac
1607 2621 1702 2672 timidis
1714 2620 1876 2677 fortitudinis

1090 2736 1103 2760 ιι
1122 2710 1296 2764 necessitatem
1323 2712 1477 2778 imponerent
1508 2716 1659 2775 seiurtibus,
1682 2719 1877 2784 ignominiosam

1092 2828 1106 2856 ιι
1119 2807 1226 2857 mortem
1239 2804 1372 2858 adueibus
1381 2810 1532 2874 propositam
1548 2810 1590 2874 iis,
1605 2813 1649 2877 qui
1658 2814 1727 2878 sigim
1738 2830 1788 2866 neu
1799 2831 1876 2868 rere·

1093 2925 1105 2949 ι
1121 2900 1219 2967 posint:
1239 2901 1282 2952 alii
1293 2916 1361 2964 cero,
1377 2904 1443 2957 taeta
1456 2907 1482 2958 iu
1492 2908 1602 2959 bostium
1616 2923 1703 2975 agrum
1718 2912 1874 2979 irruptione,

1091 3025 1105 3053 ιι
1118 3006 1248 3060 numinum
1256 3007 1354 3073 pontes,
1364 3013 1415 3066 qua
1425 3000 1585 3061 lmnsierant,
1595 3007 1725 3067 ruperunt,
1737 3009 1767 3054 ut
1777 3007 1859 3059 militi
1863 3035 1875 3045 ·

1091 3121 1103 3145 ι
1118 3103 1166 3154 ως,
1178 3101 1210 3152 ιιι
1225 3099 1285 3165 fuga
1298 3093 1465 3162 rogitanebus
1473 3108 1519 3159 spe
1532 3095 1622 3146 salutis
1629 3097 1729 3148 sublata
1740 3098 1875 3150 sudreiam

1091 3217 1103 3239 ιι
1118 3201 1144 3247 et
1155 3195 1232 3246 robur
1244 3194 1271 3244 in
1283 3189 1378 3258 proeliis
1390 3189 1528 3240 insererent
1545 3204 1551 3237 :
1571 3188 1614 3240 alii
1628 3204 1698 3251 vero,
1714 3192 1828 3242 tenioriis
1847 3196 1874 3241 et

1091 3308 1103 3332 ι
1119 3285 1301 3353 impedimentis
1312 3281 1437 3339 crematis,
1449 3282 1623 3334 necessitatem
1635 3284 1688 3333 suis
1701 3284 1876 3349 imposuerunt

1091 3400 1102 3423 ιι
1118 3393 1147 3431 er
1161 3379 1257 3431 bestico
1273 3375 1385 3442 capiendi
1403 3375 1501 3431 omnia,
1517 3373 1609 3438 quibus
1622 3374 1769 3440 indigerent.
1784 3380 1874 3429 Omtto

260 3472 273 3498 “
288 3444 356 3502 ὅσω*
378 3443 480 3502 δέοντα*
494 3442 651 3520 Miiffi'ml·
697 3443 754 3506 'ff'
772 3445 857 3505 ‘lm‘
878 3446 959 3527 popli
973 3446 1038 3506 ὄντα
1092 3478 1239 3527 «sexcenta
1257 3471 1306 3523 alia
1331 3470 1425 3521 dueum
1446 3469 1550 3520 andreia
1574 3470 1683 3521 iocinera
1705 3476 1731 3523 et
1755 3474 1871 3534 consilia,

205 3567 232 3608 ss
260 3567 272 3593 ιι
288 3541 436 3620 λέγειν,καῖ
447 3542 495 3604 ὅσα
511 3542 633 3621 τολμηρὰ
646 3542 660 3602 l
660 3564 710 3621 ργα
720 3539 766 3599 καί
779 3534 1018 3615 ένθυμήματαέτερ
1020 3559 1037 3593 α

260 3634 441 3713 στιρατηγῶν
453 3629 556 3710 inrapiat
571 3654 599 3689 τε
611 3654 646 3689 ,ιια
646 3628 750 3708 ίπείρα
763 3624 965 3706 παραλαύύντες
977 3625 998 3684 ἔ
991 3647 1036 3705 χο

261 3742 350 3798 «μιν,
289 3720 400 3801 μ’έφ
415 3710 453 3788 οἷς
465 3718 661 3786 ουδεὶςπιύποτε
673 3720 723 3776 τῶν
736 3715 942 3797 ψευσθέντων
910 3738 956 3785 της
965 3713 1037 3773 iinci-

262 3808 439 3889 δοςιίιπέσχε
452 3808 535 3874 δίκας.
581 3808 703 3885 Είμὴοῖρ
704 3805 1038 3913 έχειτιςυμιῖιναίτιασα-
1060 3784 1065 3867 i

262 3898 350 3957 ισθαί
362 3922 408 3976 με,
416 3896 455 3957 ὅτι
466 3893 657 3978 προύαλὼν
619 3918 677 3962 τους
685 3894 780 3961 ἀλλους
790 3897 826 3961 είς
836 3883 968 3971 προυπτον
979 3890 1038 3951 ἀλε-

206 4009 267 4048 ιιιι
268 3989 391 4066 ιθρον’
363 4010 439 4053 αυτος
454 3985 502 4054 iiio
521 4007 569 4044 του
584 3985 701 4043 κινδύνου
716 3982 746 4042 τὸ
763 3985 841 4059 σι’ἰιμα
858 3971 941 4060 εἶχον.
961 3984 995 4041 Ei
1009 3980 1037 4040 δί

261 4074 357 4150 ιιμετθι
370 4098 477 4134 παντων
492 4096 508 4131 τ
508 4071 697 4149 ἀξηταζύμην
719 4094 765 4130 και
754 4070 928 4136 τελευταῖος
948 4071 1037 4147 ἀπηλ-

261 4188 273 4217 ιι
288 4161 424 4239 λαττόμην
441 4163 537 4221 καί
503 4185 551 4232 της
572 4163 655 4232 αὐτῆς
669 4167 723 4227 τοῖς
745 4159 833 4225 ἄλλοις
854 4159 976 4237 μετεῖχον
991 4157 1037 4217 τύ·

261 4272 349 4330 ιι,χης
375 4249 401 4307 τί
420 4251 518 4322 ἀδικῶ;
536 4249 592 4310 Καὶ
611 4247 674 4329 περὶ
698 4249 746 4325 μέν
771 4247 835 4323 ipsi
855 4251 940 4306 ταῦτα
957 4240 1038 4304 ἱκανά

261 4337 410 4420 «εἰρήσθω.

97 4448 100 4459 “
201 4418 227 4491 ss
294 4426 450 4489 xxxii-r
469 4426 539 4507 Περὶ
563 4426 591 4486 ii
618 4430 666 4499 τῆς
690 4427 786 4507 βουλης
802 4427 903 4487 καί
867 4451 919 4487 των
940 4450 1035 4508 πατρι-

256 4517 348 4576 ιικίων
356 4517 510 4590 ,ἐπειδὴ
486 4540 517 4575 το
531 4515 616 4576 κοινὸν
636 4518 711 4593 ύμων
726 4526 819 4592 μῖσος,
833 4514 907 4576 ὃδιδι
919 4517 968 4588 τὴν
981 4539 1035 4575 κω·

256 4631 269 4657 ιι
285 4605 407 4665 λυθεῖσαν
420 4603 582 4686 κληρουχίαν
594 4602 684 4686 ίχετε,
698 4603 744 4665 καί
758 4602 806 4682 ἐμὲ
816 4605 907 4677 λυπεῖ,
918 4627 963 4663 και
953 4603 1033 4665 odil

256 4721 268 4747 ιι
284 4694 453 4773 όκατήγορος
467 4693 531 4753 αιἰτδ
541 4691 712 4773 ἀπεκρύψατο
723 4738 732 4769 ,
744 4690 813 4752 ἀλλά
823 4691 902 4771 μέρος
912 4694 960 4752 ούκ
974 4695 1036 4754 ἀλοί-

255 4809 268 4836 ιι
282 4781 527 4862 χιστονάποιήσατο
544 4785 592 4853 τῆς
614 4784 681 4859 epi<
703 4781 880 4860 κατηγορίας,
904 4782 1034 4862 βούλομαι

202 4889 227 4925 so
254 4898 268 4925 ιι
283 4870 387 4951 βραχέα
402 4875 484 4933 εἰπεῖν
494 4870 559 4951 πρὸς
571 4874 651 4948 ὑμᾶς.
695 4869 795 4932 Ἔσται
811 4870 839 4930 δέ
853 4870 1005 4952 μετά
933 4894 1023 4953 παρ
1006 4897 1036 4946 η·

255 4961 375 5029 ιισίαςθ
403 4961 492 5039 λόγος·
514 4960 600 5028 ἄλλως
622 4958 727 5041 γάρ
697 4984 745 5021 ουτ
745 4960 801 5020 ’ἀν
825 4960 878 5041 ἀγθι
904 4962 1034 5040 δυναίμην

255 5047 382 5124 ιι,λέγιιν
401 5051 455 5109 οὗθ’
474 5050 537 5127 ύμῖν
561 5048 665 5115 ἀκούειν
694 5050 831 5157 συμφέροι.
879 5054 920 5111 Oi
945 5050 1034 5111 δίκαια

1093 3583 1178 3635 ιηυεο
1194 3563 1356 3619 etms-orie
1369 3565 1427 3613 sunt
1444 3561 1543 3626 prodita
1555 3562 1642 3627 etipsa
1658 3566 1813 3629 experientia
1828 3581 1874 3617 ne·

1094 3683 1106 3707 ιι
1120 3661 1242 3727 cepimus,
1253 3658 1287 3709 ob
1298 3670 1356 3723 quce
1367 3654 1452 3705 nullus
1461 3668 1572 3719 unquam
1592 3669 1636 3720 spe
1648 3655 1770 3710 frustrata
1784 3674 1873 3725 peenas

1095 3777 1107 3800 ι
1122 3753 1283 3807 dedicunt
1301 3751 1366 3803 forle
1379 3754 1492 3801 restrum
1501 3750 1594 3816 aliquis
1607 3766 1648 3803 me
1659 3759 1769 3817 accuset,
1784 3756 1873 3821 quod,

1094 3846 1176 3898 «aliis
1193 3843 1324 3896 manifesto
1336 3843 1412 3896 exitio
1425 3841 1543 3906 objectis,
1567 3842 1621 3908 ipse
1641 3842 1715 3897 extra
1732 3848 1876 3913 periculrun

1096 3925 1229 3999 sitifim»
1247 3942 1316 4004 quod
1341 3945 1364 3996 si
1383 3959 1443 3996 vero
1459 3958 1518 3996 cum
1533 3943 1623 3997 celeris
1644 3944 1670 3995 in
1696 3945 1749 3995 acie
1771 3944 1830 3994 steti
1844 3948 1875 3994 et

1093 4049 1262 4109 «macomus
1273 4055 1305 4093 ex
1314 4040 1400 4106 proelio
1416 4040 1513 4101 recessi,
1527 4043 1553 4091 et
1569 4039 1683 4103 eiusdem
1694 4038 1802 4090 fortune
1812 4053 1873 4090 eum

1093 4158 1105 4181 ι
1118 4137 1174 4188 eills
1191 4136 1313 4202 particeps
1336 4134 1387 4193 lui,
1401 4146 1537 4199 quamnam
1556 4132 1673 4197 injuriam
1694 4131 1777 4185 facio?
1789 4136 1873 4198 iique

1091 4248 1104 4273 ιι
1119 4230 1176 4281 brec
1184 4228 1285 4295 quidem
1295 4228 1326 4279 de
1335 4241 1376 4278 me
1388 4227 1442 4293 ipso
1452 4224 1547 4278 dixisse
1559 4226 1593 4277 sit
1606 4226 1676 4280 satis.

1123 4439 1220 4490 lillllll.
1232 4458 1244 4483 ιι
1255 4441 1389 4490 Deseratn
1398 4451 1457 4490 vero
1470 4439 1496 4490 et
1502 4437 1613 4503 patriciis
1621 4437 1748 4504 (quoniam
1758 4440 1874 4489 restnrm

1091 4545 1104 4570 ιι
1118 4526 1199 4579 ineos
1211 4542 1342 4579 commune
1353 4527 1447 4581 odium.
1467 4527 1536 4593 quod
1554 4526 1587 4578 ob
1599 4527 1743 4593 impeditam
1755 4541 1874 4591 agrem

1093 4635 1105 4660 ιι
1122 4615 1270 4669 divisionem
1288 4618 1451 4685 concepistis,
1463 4632 1504 4671 me
1520 4634 1621 4685 quoque
1635 4619 1716 4685 ledit,
1730 4624 1756 4670 et
1770 4633 1802 4671 ne
1821 4621 1875 4684 ipse

1093 4708 1223 4775 «quidem
1252 4717 1382 4764 accusator
1410 4711 1592 4774 dissimularit,
1620 4713 1665 4765 sed
1692 4715 1781 4765 bonam
1810 4728 1874 4765 mee

1091 4809 1104 4835 ιι
1116 4790 1281 4842 aecusatiouis
1290 4793 1387 4856 partem
1397 4789 1422 4841 lu
1430 4789 1478 4840 boe
1488 4789 1643 4849 consumsit),
1654 4789 1741 4855 paucis
1752 4791 1818 4855 apud
1824 4805 1874 4842 ros

1091 4900 1103 4925 ι
1119 4880 1202 4933 dicere
1217 4881 1289 4943 volo,
1310 4879 1393 4931 dicam
1412 4884 1496 4931 aulem
1516 4880 1609 4939 libere,
1631 4880 1724 4945 alioqui
1738 4880 1805 4931 enim
1826 4895 1874 4932 nee

1091 4987 1104 5012 ιι
1119 4982 1164 5033 ego
1172 4982 1269 5034 possem
1280 4968 1370 5025 dicere.
1383 4981 1429 5018 nee
1441 4967 1512 5017 robis
1523 4967 1610 5018 andire
1623 4969 1782 5019 conduceret.
1801 4970 1874 5018 Prae-

1091 5075 1103 5098 «
1117 5057 1157 5106 ter
1168 5055 1211 5119 jus
1222 5058 1248 5104 et
1266 5053 1313 5115 las,
1325 5052 1446 5112 Quirites,
1463 5052 1553 5111 facilis,
1569 5054 1613 5120 qul
1625 5067 1671 5119 pro
1684 5056 1724 5105 tot
1741 5054 1875 5119 uotisque

1095 5163 1106 5185 ι
1122 5141 1247 5193 benefieiis
1258 5156 1273 5191 a
1283 5146 1370 5191 senatu
1380 5141 1405 5190 in
1418 5154 1464 5191 ros
1474 5140 1572 5192 collatis
1598 5141 1693 5193 nubam
1706 5142 1755 5207 ipsi
1763 5144 1874 5207 graliarn

1091 5253 1103 5277 ι
1119 5230 1233 5293 babetis;
1251 5229 1296 5281 sed
1312 5230 1333 5281 si
1345 5228 1417 5295 quid,
1425 5228 1496 5295 quod
1517 5242 1566 5282 ιιοιι
1582 5230 1630 5282 αἰεί
1642 5244 1699 5282 cum
1716 5242 1809 5295 magno
1821 5233 1876 5284 rel-

255 5125 572 5209 «marescaltiam
587 5137 764 5217 δημύται,”
729 5163 782 5197 των
796 5137 887 5215 μίν’
863 5161 1032 5219 ευιργισιων,

255 5247 269 5276 ιι
287 5221 318 5292 ἀς
340 5232 444 5306 εὕρεσθε
466 5227 591 5308 παρὰ
558 5250 605 5299 της
622 5231 735 5307 βουλης,
750 5227 903 5287 πολλῶν’
876 5230 960 5287 ουσῶν
984 5228 1030 5289 καί
