3986 5938
250 408 311 471 696
774 422 946 485 DlONYSll
969 424 1350 493 HALlCAliNASSENSIS

250 539 397 619 Ῥωμαίοις
407 545 456 618 τὴν
466 548 554 611 πόλιν.
571 549 606 613 ‘0
620 550 668 631 μάν
680 553 713 627 δὴ
727 561 812 615 ταῦτα
826 555 913 634 ἶλιγε,
927 555 1027 625 πολλάς
1083 577 1164 627 rodus
1173 579 1262 630 urbem
1271 579 1397 632 dederent,
1431 584 1492 634 nm
1504 584 1548 636 itte
1566 586 1650 638 aiebat
1661 603 1757 655 mam
1772 607 1825 658 ιγ»
1837 597 1884 646 21.

251 631 360 699 ῖλπίδας
383 633 452 714 ἔχων
475 639 632 716 θαυμαστάς
657 665 730 710 τινας
757 641 902 712 ἐξοίσεσθαι
921 643 1029 721 μισθούς
1082 664 1183 727 ductus,
1194 680 1221 718 se
1229 666 1293 717 mira
1302 668 1418 733 quadam
1426 671 1571 735 proditionis
1582 677 1688 738 ρτιειιιίιι
1699 686 1885 744 scamarum.

251 721 298 790 τῆς
310 720 458 799 προδοσίαι·
474 726 582 788 Αιιιθν.

292 805 327 866 ΙΙ.
354 805 394 887 (2)
412 805 447 870 ‘0
467 810 496 871 il
511 812 649 894 Κάμιλλος
671 818 708 885 εἰς
728 817 848 898 φυλακὴν
869 818 1030 899 παραδιδοὺς
1116 844 1149 894 ΙΙ.
1163 843 1198 907 (ι)
1211 844 1331 896 camillus
1347 859 1421 907 vero,
1434 847 1534 900 traditis
1551 850 1576 900 in
1594 853 1740 906 custodiam
1755 860 1886 925 magistro

209 914 224 955 t
250 891 295 951 τὸν
314 900 523 974 γραμματιστὴν
548 903 593 962 καί
613 903 672 972 τούς
690 908 802 980 παῖδας,
825 906 974 969 ῖπιστίλλει
996 914 1030 982 τῆ

255 984 338 1062 βῡυλῇ
353 985 397 1045 διὰ
410 990 576 1066 γραμμάτων
585 993 620 1052 τὰ
633 992 771 1073 γενόμενα,
783 994 829 1055 καὶ
842 996 869 1055 τί
882 997 934 1078 χρὴ
946 998 1030 1057 ποιεῖν

252 1071 342 1151 ἤρετο.
385 1073 592 1158 Ἐπιτρίψαντος
606 1080 634 1141 δί
647 1083 720 1164 αὐτῷ
731 1087 778 1143 τοῦ
792 1085 927 1165 συνιδρίου
944 1086 1030 1164 πράτ-

250 1159 334 1220 τιινδ
357 1185 383 1221 τι
402 1161 435 1224 δν
451 1167 525 1248 αὐτῷ
539 1168 664 1250 φαίνηται
687 1172 844 1250 κράτιστον,
868 1171 1028 1254 προαγαγὼν

251 1250 281 1309 ίκ
291 1255 338 1309 τοῦ
348 1254 525 1333 στρατοπίδου
535 1256 580 1316 τόν
591 1259 796 1339 γραμματιστὴν
807 1258 864 1338 άμα
876 1262 930 1329 τοῖς
942 1284 1030 1333 παισι,

199 1362 224 1402 ιο
250 1338 295 1398 καί
310 1342 339 1399 οὐ
353 1342 459 1423 μακράν
470 1344 523 1404 άπὸ
542 1349 595 1405 τῶν
612 1348 703 1407 πυλῶν
721 1347 751 1407 τὸ
765 1349 940 1429 στρατηγικὸν
953 1353 1029 1430 βῆμα

248 1429 397 1511 προστάξας
419 1437 536 1507 τιθῆναι,
550 1437 648 1495 πολλοῦ
664 1436 856 1519 συνδραμόντος
870 1438 968 1518 ὄχλοι,
983 1442 1028 1499 τοῦ

250 1518 298 1595 μίν
314 1520 356 1580 tat
378 1521 412 1579 τὰ
424 1525 517 1603 τιίχη,
531 1530 578 1584 τοῦ
594 1526 617 1584 δ’
629 1526 675 1587 tat
689 1531 737 1594 τὰς
750 1527 850 1601 πύλας,
861 1530 966 1608 πρῶτον
979 1527 1028 1606 μίν

249 1608 365 1679 ίδήλωσι
380 1613 433 1680 τοῖς
447 1611 597 1682 Φαλίσκοις
612 1604 655 1674 οῖα
677 1619 691 1675 ό
710 1618 915 1695 γραμματιστὴς
929 1620 965 1684 εἰς
981 1621 1028 1677 αὖ·

249 1696 309 1765 τούς
331 1699 460 1776 δτολμησι
484 1712 663 1785 παρανομεῖν·
692 1704 784 1764 ἔπειτα
803 1703 1028 1787 περικαταρρῆξαι

196 1801 221 1840 ιε
248 1784 296 1858 τὴν
311 1789 408 1861 ίσθῆτα
421 1796 467 1851 τοῦ
481 1791 573 1870 ἀνδρὸς
593 1792 714 1853 ἐκέλευσε
727 1801 781 1861 τοῖς
804 1794 965 1874 ὑπηρέταις,
982 1792 1028 1853 καί

249 1872 342 1942 ξαίνιιν
357 1876 387 1937 τδ
401 1882 479 1957 σῶμα
495 1881 602 1957 μάστιξι
616 1881 685 1941 πάνυ
700 1885 819 1951 πολλαῖς.
862 1882 912 1949 Ὡς
926 1883 953 1942 δί
963 1884 1026 1942 ταύ·

247 1984 295 2034 της
307 1962 365 2032 άλις
381 1954 436 2047 εἶχε
450 1972 497 2040 τῆς
511 1967 654 2049 τιμωρίας,
665 1968 778 2051 ῥάύδους
789 1979 843 2037 τοῖς
857 1970 949 2030 παισὶν
965 1973 1027 2029 άνα-

248 2049 306 2120 δοὺς
320 2054 432 2133 ἀπάγειν
448 2055 526 2116 αὐτόν
541 2056 677 2119 όκίλιυσιν
693 2063 729 2126 τίς
743 2058 791 2132 τὴν
813 2061 899 2132 πόλιν,
914 2059 1025 2139 διδεμί·

247 2161 290 2198 νον
308 2139 346 2200 τὼ
359 2150 432 2225 χεῖρε
446 2144 546 2219 ὀπίσω,
565 2145 691 2214 παίοντάς
712 2170 741 2206 τι
763 2147 810 2206 καλ
824 2149 911 2207 πάντα
925 2151 1021 2227 τρόπον

191 2247 220 2288 ιθ
248 2229 437 2307 αίκιζομίνους,
453 2232 686 2313 Ἀνακομισάμενοι
698 2236 725 2296 δὲ
742 2234 801 2303 τούς
814 2237 910 2306 παῖδας
921 2242 946 2298 οἱ
960 2240 1022 2299 Φα-

247 2315 333 2377 λίσκοι
342 2318 388 2380 καλ
398 2322 441 2382 τὸν
452 2324 657 2403 γραμματιστὴν
668 2323 745 2394 άξίιος
752 2330 800 2396 τῆς
811 2331 895 2399 κακῆς
908 2326 1023 2395 διανοίας

246 2407 475 2489 τιμωρησάμενοι,
493 2412 640 2492 παρέδοσαν
653 2418 692 2495 τῷ
715 2414 846 2497 Καμιλλιμ
867 2412 917 2486 τὴν
934 2414 1028 2476 πολιν.Ι

247 2493 350 2559 Αιιιόι.

285 2583 333 2644 llI.
359 2586 400 2666 (3)
420 2583 456 2646 ‘0
479 2585 557 2656 αύτδς
579 2586 716 2666 Κάμιλλος
730 2589 774 2648 lori
789 2590 837 2662 τὴν
853 2591 1022 2652 Οὐιεντανῶν

191 2701 218 2740 ta
244 2673 320 2731 πόλιν
346 2675 495 2754 στρατεύων
522 2674 622 2750 ηὔξατο
645 2682 679 2758 τῇ
706 2679 829 2762 βασιλείᾳ
851 2676 929 2760 Ἥρα
945 2681 1021 2759 τῇίν

244 2761 425 2837 Οὐιεντανοῖς,
440 2763 485 2823 tiu
501 2764 621 2846 κρατήσῃ
638 2772 686 2840 τῆς
700 2767 815 2843 πολεως,
835 2768 866 2827 τό
881 2791 909 2827 τι
933 2766 1022 2837 ξόανον

181 2864 188 2875 ·
245 2848 324 2921 αὐτῆς
336 2851 363 2910 ίν
380 2850 476 2932 Ῥύμῃ
492 2853 656 2934 καθιδρύσιιν
668 2857 714 2915 καὶ
727 2856 877 2931 σεύασμούς
894 2860 960 2935 αὐτῇ
973 2881 1021 2917 κα·

243 2937 421 3009 ταστίσεσθαι
439 2940 602 3009 πολυτιλεῖς.
646 2942 772 3016 Ἁλούσης
791 2947 819 3005 δὲ
839 2949 885 3016 τῆς
902 2945 1019 3018 πόλεως,

245 3028 383 3090 ἀπέστειλε
397 3033 449 3089 τῶν
462 3031 565 3089 ἱππίων
586 3031 646 3098 τούς
666 3035 886 3110 ἐπιφανεστάτους
907 3034 1021 3113 άρουμί-

187 3136 215 3176 τυ
241 3138 302 3184 νους
327 3118 358 3177 ίκ
378 3122 431 3178 τῶν
456 3118 560 3199 βάθρων
581 3119 701 3188 τδίδος·
727 3124 761 3188 ὡς
784 3122 811 3181 δύ
838 3126 973 3201 παρῆλθον
995 3127 1020 3186 ol

243 3204 403 3286 cappiletur
417 3207 452 3273 είς
465 3205 511 3265 τὸν
525 3205 608 3280 κιὼν,
622 3206 669 3267 καί
682 3232 722 3276 τις
738 3210 765 3278 ι”ξ
784 3213 869 3270 αὐτῶν
885 3210 937 3270 εἴτε
952 3213 1019 3289 μετδι

241 3296 349 3362 παιδιᾶς
369 3294 415 3354 καί
430 3294 557 3373 γίλωτος,
578 3295 630 3357 ιίτε
650 3298 741 3358 οίοινοῦ
755 3300 891 3376 δεόμενος,
914 3303 937 3359 τί
953 3301 1017 3381 βού-

241 3383 313 3442 λοιτο
328 3386 460 3460 μετελθεῖν
475 3385 512 3452 τίς
531 3382 673 3464 Ῥιύμηνὴ
689 3387 759 3463 θεὸς,
776 3387 871 3469 ripato,
884 3393 958 3469 ρωνῇ
976 3413 1019 3468 γε·

241 3474 318 3551 γωνῷ
331 3470 362 3530 τδ
374 3469 463 3542 ξόανον
476 3472 632 3555 ίρθόγξατο,
642 3472 683 3536 ότι
697 3474 831 3556 βούλεται.
875 3480 963 3538 Τοῦτο
974 3478 1018 3539 καλ

187 3576 213 3618 ta
242 3559 279 3625 δὶς
304 3557 423 3639 γίγονεν·
450 3563 618 3629 ἀπιστοῦντος
643 3565 694 3645 γάρ
722 3569 746 3625 οἱ
774 3566 920 3646 νεανίσκοι,
941 3571 965 3628 εί
989 3568 1019 3630 τδ

241 3645 328 3717 ξόανον
353 3639 385 3721 ἦν
409 3650 440 3711 τὸ
462 3649 656 3731 ρθιγξάμινον,
677 3653 758 3715 πάλιν
781 3655 876 3736 ἤροντο
901 3660 932 3719 τὸ
951 3659 1015 3720 αὐτό

240 3736 285 3795 καί
301 3738 347 3809 τὴν
361 3738 444 3813 αὐτὴν
460 3738 547 3822 φωνὴν
564 3740 692 3814 ἤκουσαν.
713 3746 815 3807 Ambr.

279 3828 328 3887 lv.
350 3828 391 3910 (δ)
406 3827 454 3889 Ἐν
470 3829 546 3906 δίτῇ
572 3832 643 3911 ἀρχῇ
659 3835 711 3890 τῶν
725 3834 793 3910 μετδι
815 3834 860 3894 τόν
877 3836 1014 3915 Κάμιλλον

238 3914 345 3975 ὑπάτων
369 3915 443 3985 νόσος
459 3918 495 3986 είς
516 3914 626 3994 Ῥώμην
652 3920 802 4000 κατέσκηψε
825 3923 947 4001 λοιμικὴ,
967 3925 1015 3997 τὴν

182 4026 211 4067 ιο
238 4002 323 4083 ἀρχὴν
338 4004 391 4065 άτιύ
405 4028 434 4064 τι
454 4005 600 4085 θνομόρίας
613 4008 659 4068 καί
674 4012 783 4087 αὐχμῶν
800 4012 920 4074 λαόοῦσα
936 4016 1014 4094 loxo-

239 4096 306 4175 ρῶν·
322 4097 366 4177 ἄρ’
381 4089 418 4157 ὧν
433 4099 583 4156 κακωθεῖσα
600 4095 661 4169 ἤτε
677 4098 801 4177 δενδρῖτις
815 4100 860 4160 καῖ
875 4107 892 4174 ἡ
907 4105 1016 4185 σιτορύ-

238 4205 281 4263 ρος
295 4182 395 4259 ὀλίγους
407 4186 455 4263 μίν
471 4186 615 4267 άνθρόιποις
637 4187 753 4268 καρπούς
772 4187 892 4269 ἐξήνεγκε
908 4192 953 4252 καί
967 4217 1013 4254 νο·

237 4271 344 4353 σεροδς,
369 4273 459 4353 όλίγην
485 4273 513 4335 δί
534 4275 578 4334 καλ
599 4277 716 4357 πονηράν
746 4277 898 4358 βοσκήμασι
920 4286 1012 4359 νομήν.

236 4361 385 4442 Προύάτων
403 4362 451 4439 μίν
461 4353 506 4423 ούν
523 4362 630 4423 καὶτῶν
646 4365 733 4425 ἄλλων
746 4368 892 4446 ὑποζυγίωνν
909 4372 1012 4452 ιἰναρίθ-

180 4481 208 4523 ts
236 4451 319 4528 μητόν
334 4475 360 4512 τι
382 4451 507 4534 διιρθάρη
527 4454 639 4528 πλῆθος,
658 4457 689 4515 ού
712 4458 789 4537 χιλοῦ
813 4459 1012 4529 σπανισάμενον

236 4540 314 4619 μόνον
328 4541 397 4602 siit
421 4543 467 4601 κτλ
492 4547 573 4603 ποτοῦ
588 4592 596 4617 ,
611 4544 728 4618 τοσαύτη
753 4550 805 4607 τῶν
820 4571 850 4608 τε
872 4549 1011 4627 ποταμίων

234 4630 280 4691 καί
300 4634 352 4691 τιῖιν
373 4631 459 4693 ἄλλων
479 4632 604 4709 ναμάτων
628 4635 756 4718 ἐπίλειψις
783 4636 902 4714 ίγίνιτο,
929 4682 1009 4703 ....

233 4720 312 4792 ἡνίκα
327 4720 444 4798 μάλιστα
458 4721 555 4800 κάμνει
566 4721 654 4782 πάντα
666 4722 736 4805 δίψει
750 4724 784 4785 τά
797 4727 874 4805 βοτά.
892 4726 1011 4809 Ἄνδριο-

232 4832 278 4869 ποι
292 4810 320 4870 δὲ
340 4812 424 4889 ὀλίγοι
445 4812 494 4889 μίν
513 4835 581 4879 τινες
596 4812 792 4893 διεφθάρησαν,
808 4812 840 4882 ἃς
854 4812 927 4874 aiau
944 4817 1009 4895 πρό-

177 4925 206 4966 ςη
232 4921 306 4978 τιρον
326 4900 469 4980 ίπείρασαν
480 4901 718 4981 προσινιγκάμενοι
736 4901 848 4984 τροφάς·
868 4907 892 4962 cl
911 4902 939 4963 δὲ
953 4908 1009 4966 λοι·

232 4990 276 5047 ποῖ
295 4993 390 5068 μικροῦ
403 4989 456 5048 δεῖν
472 4988 567 5056 πάντες
585 4991 620 5058 εἰς
639 4989 730 5060 νόσους
741 4991 826 5058 διινίις
844 4993 1007 5072 κατέπεσον,

232 5076 382 5157 άρχομίνας
408 5077 456 5154 μδν
479 5079 531 5138 άπὸ
556 5083 658 5161 μικρῶν
682 5080 884 5156 ἐξανθημάτων,
907 5083 924 5142 δ
948 5085 1008 5161 περὶ

230 5163 289 5229 τοὺς
311 5164 404 5233 άξωθιν
430 5169 535 5244 χρῶτας
555 5167 695 5243 ἀνίστατο,
720 5174 961 5244 κατασκηπτούσας
980 5173 1007 5233 δύ

229 5250 265 5319 τίς
290 5250 355 5325 δλιιη
380 5256 484 5331 μεγάλα
507 5258 677 5335 ριγιδαίναις
699 5257 794 5336 ὅμοια,
820 5260 938 5341 πονηράν
957 5261 1006 5340 μίν

1017 974 1023 990 ·
1084 970 1111 1018 et
1126 966 1264 1031 preesse
1277 970 1431 1023 scortumde
1450 972 1490 1023 lais
1508 974 1583 1025 rebus
1595 977 1673 1028 refert
1685 983 1714 1030 et
1725 987 1805 1045 rogat
1815 985 1880 1048 σου

1085 1083 1225 1141 miccium
1239 1092 1375 1145 rideretur.
1408 1099 1514 1147 Senatus
1527 1096 1605 1161 ipsius
1616 1099 1723 1153 arbitrio
1736 1117 1795 1157 rom
1816 1121 1879 1173 μ.

1010 1260 1016 1279 ,
1084 1216 1206 1278 mittente,
1220 1216 1313 1270 educto
1323 1231 1355 1269 ex
1374 1220 1464 1271 castris
1480 1221 1600 1286 magistro
1612 1236 1671 1275 cum
1691 1229 1791 1293 punis,
1809 1237 1879 1297 posi-

1084 1345 1159 1407 toque
1172 1342 1240 1393 haud
1256 1343 1343 1408 procul
1358 1346 1458 1409 apori&
1476 1346 1607 1410 tribunali,
1621 1350 1719 1415 ingenti
1740 1356 1825 1408 uaros
1844 1362 1877 1413 ei

1083 1468 1174 1519 moenia
1183 1472 1208 1520 et
1222 1473 1306 1534 portas
1319 1471 1471 1532 contuente.
1483 1473 1602 1539 principio
1622 1477 1728 1531 Faliscis
1749 1488 1872 1550 exposuit

1083 1590 1192 1654 magistri
1214 1592 1308 1643 θεοίιιιω
1327 1612 1333 1642 :
1355 1592 1444 1645 deiude
1468 1594 1570 1649 lictores
1591 1604 1689 1653 restem
1706 1603 1809 1659 homiui
1828 1610 1874 1661 de·

1083 1712 1181 1765 trahere
1201 1716 1227 1765 et
1246 1714 1359 1779 plurimis
1370 1716 1516 1769 verberibus
1530 1719 1584 1785 ejus
1602 1735 1694 1789 corpus
1705 1730 1807 1783 mam
1818 1736 1872 1799 γι,
1985 1708 1986 1741 ³

1083 1833 1124 1887 sit.
1159 1835 1206 1886 Ubi
1216 1838 1340 1902 satisejus
1352 1852 1430 1903 poeoae
1442 1839 1589 1905 visumst,
1605 1845 1688 1911 virgas
1712 1855 1801 1915 pueris
1819 1860 1873 1917 trs-

1081 1958 1146 2011 didit
1155 1959 1271 2025 ipsosque
1280 1962 1355 2026 jussit
1364 1962 1433 2014 illurn
1448 1966 1564 2017 manibus
1576 1973 1635 2033 post
1647 1975 1745 2037 tergum
1757 1979 1874 2044 religatis

1081 2085 1205 2138 caedentes
1218 2089 1244 2139 et
1256 2089 1371 2140 omnihus
1385 2090 1468 2143 modis
1477 2095 1618 2148 cruciantes
1632 2098 1658 2149 iu
1679 2100 1767 2154 urbem
1779 2120 1868 2167 agere.

1079 2211 1142 2260 Tum
1165 2209 1264 2271 Falisci,
1278 2212 1362 2276 pueris
1385 2217 1492 2280 receptis
1513 2221 1539 2269 et
1555 2222 1674 2286 magistro
1693 2225 1723 2276 ot
1753 2230 1870 2284 scelests

1079 2333 1181 2385 consilia
1192 2334 1291 2399 punito,
1302 2335 1404 2387 camillo
1415 2338 1502 2390 urbem
1519 2340 1681 2396 tradiderunt.

1111 2604 1155 2654 111.
1171 2602 1203 2667 (t)
1213 2601 1281 2654 tiam
1298 2604 1416 2657 camillus
1429 2606 1495 2658 inter
1508 2611 1626 2675 veiorum
1645 2616 1800 2673 οωὶθίοιιοω
1812 2626 1871 2677 ve·

1077 2709 1181 2775 lentium
1199 2710 1290 2761 Juuoui
1309 2710 1407 2776 liegluae
1426 2720 1537 2781 voverat,
1560 2718 1581 2769 si
1593 2719 1683 2773 urbem
1705 2727 1827 2794 rapinae,
1840 2746 1868 2786 se

1079 2816 1134 2880 ejus
1145 2820 1253 2867 statuam
1272 2820 1357 2869 Roma
1381 2818 1553 2874 dedicaturum
1568 2828 1594 2876 et
1616 2827 1682 2880 ritru
1699 2831 1869 2896 opimorum

1077 2934 1133 2972 mos
1144 2922 1328 2974 cicuraturum.
1361 2925 1427 2977 Urbe
1443 2927 1521 2992 igitur
1531 2932 1626 2995 potitru
1634 2936 1869 2999 equitumuotiilis-

1076 3027 1154 3077 simos
1170 3026 1239 3077 misit
1249 3027 1292 3090 qui
1302 3026 1399 3092 siguum
1412 3029 1445 3082 dc
1461 3032 1514 3083 basi
1527 3035 1655 3103 tollereat;
1673 3043 1825 3109 quiquam
1842 3051 1870 3102 in

1077 3130 1196 3196 templum
1215 3130 1355 3194 venisseut,
1378 3133 1482 3198 quidum
1504 3150 1533 3188 ει
1548 3140 1585 3190 eis
1606 3142 1661 3193 sire
1678 3147 1732 3210 joci
1750 3156 1780 3201 et
1797 3153 1866 3205 risus

1076 3239 1162 3304 pratis,
1177 3237 1230 3289 sive
1245 3239 1335 3289 uminis
1348 3241 1447 3305 petendi
1460 3256 1557 3309 οιιιιιιιι,
1569 3261 1628 3300 uum
1637 3253 1744 3305 sunam
1755 3259 1869 3324 mega-„0
1985 3254 1986 3277 ι

1076 3344 1149 3397 vellet
1162 3345 1232 3396 dorm
1245 3346 1351 3410 rogavit.
1386 3351 1449 3400 Τυιιι
1456 3350 1523 3403 clara
1538 3367 1601 3407 voce
1615 3355 1715 3423 siguum
1726 3376 1757 3415 se
1765 3364 1793 3417 id
1801 3369 1867 3422 relic

1076 3452 1196 3503 testatum
1204 3454 1252 3512 est,
1267 3449 1343 3517 idque
1350 3452 1389 3502 bis
1402 3453 1500 3506 accidit.
1534 3459 1643 3513 Jureues
1656 3465 1724 3516 euim
1732 3466 1823 3523 incerti
1831 3489 1866 3525 αιι

1075 3559 1158 3609 statua
1169 3556 1223 3622 ipsa
1237 3556 1321 3607 locuta
1340 3560 1414 3620 esset,
1428 3561 1581 3625 rogationem
1603 3568 1778 3633 repetirerunt
1794 3591 1865 3630 aaa.

1074 3665 1181 3731 demque
1198 3678 1284 3716 rocem
1298 3678 1384 3715 rursus
1396 3666 1552 3723 audiverunt.

1103 3863 1145 3911 lV.
1167 3862 1201 3926 (t)
1223 3863 1276 3913 Sub
1296 3863 1441 3916 oousufihus
1466 3867 1512 3932 qui
1539 3868 1643 3923 Camillo
1669 3887 1864 3949 successerant,

1073 3987 1209 4053 pestilentia
1224 3991 1328 4041 ltomum
1343 3992 1462 4044 iarasita
1478 3994 1589 4049 siocime
1607 4001 1633 4050 ot
1647 4000 1776 4057 cucurbas
1785 4012 1863 4072 orta,

1071 4133 1161 4197 quibos
1178 4134 1281 4186 arbores
1296 4138 1323 4185 et
1336 4131 1389 4197 agri
1406 4130 1517 4196 oppressi
1529 4134 1556 4183 ct
1566 4130 1711 4187 homiuibus
1724 4152 1825 4205 psuoes
1837 4150 1863 4195 et

1069 4259 1156 4308 noxios
1177 4259 1287 4310 tulerunt
1301 4258 1399 4308 ιιιιοιιυι
1409 4259 1434 4308 et
1459 4255 1548 4321 pecori
1561 4256 1664 4321 ριιιΙιιιιι
1683 4261 1782 4316 malm
1792 4282 1863 4331 pra·

1069 4379 1145 4433 buere
1165 4383 1291 4448 pabulum.
1326 4388 1393 4436 ores
1406 4381 1482 4447 igitur
1493 4386 1519 4434 et
1532 4382 1646 4447 jumenta
1664 4385 1862 4458 iuuumerrpe·

1069 4508 1140 4571 riero,
1165 4523 1213 4559 ιιοιι
1227 4514 1328 4577 propter
1340 4524 1405 4562 esca
1422 4510 1504 4562 solum
1522 4510 1568 4563 ssd
1583 4515 1660 4576 potos
1681 4514 1759 4567 stiam
1772 4531 1857 4583 penu-

1068 4629 1143 4694 riam,
1163 4633 1226 4684 adeo
1240 4634 1289 4685 vivi
1310 4639 1337 4686 et
1354 4636 1444 4700 reliqui
1468 4637 1549 4690 toules
1570 4643 1779 4701 exacuerentur
1800 4647 1864 4709 ipso

1067 4765 1190 4826 tempore,
1212 4776 1263 4826 quo
1291 4777 1379 4827 pecora
1404 4765 1520 4818 univorsa
1540 4770 1651 4820 maxime
1672 4769 1714 4822 siti
1728 4770 1859 4828 labomt

1066 4891 1184 4942 llomiocs
1198 4892 1269 4956 pauci
1280 4890 1404 4957 absumpti
1420 4898 1487 4958 suut,
1506 4896 1550 4960 qui
1564 4898 1677 4950 insuetos
1690 4903 1857 4965 gustaverant

1065 5020 1147 5081 cibos;
1164 5020 1252 5085 reliqui
1273 5033 1331 5072 vero
1350 5021 1401 5072 iere
1413 5035 1501 5075 omues
1518 5027 1586 5091 gravi
1600 5027 1688 5080 morbo
1700 5029 1854 5085 allicieban-

1065 5146 1114 5203 tur,
1127 5147 1172 5210 qui
1192 5148 1269 5212 cupit
1289 5163 1305 5198 a
1319 5149 1403 5212 parvis
1423 5120 1522 5216 papulis
1535 5158 1617 5206 corte
1629 5155 1854 5223 σθοιεοσοιιιιθοα,

1065 5286 1122 5323 mor
1135 5273 1265 5326 veroabiit
1278 5276 1303 5328 iu
1318 5276 1403 5330 ulcera
1413 5279 1515 5344 punita
1526 5281 1663 5347 gasmait
1681 5285 1775 5340 similis
1804 5287 1855 5343 tle·

1981 798 1986 981 ί

1983 1286 1986 1403 ι
