4070 5926
252 409 313 472 lte
773 410 941 474 DIONYSII
967 410 1348 476 flmlclbrtlssurtsls

254 541 356 624 ἡμέρας
381 541 473 625 χρόνον
502 541 680 656 σκοπούμενος
702 541 750 605 σύν
776 546 869 613 αὐτοῖς
891 544 908 607 ό
927 569 955 607 τι
974 545 1028 628 χρή
1086 559 1157 618 sunt,
1175 558 1230 609 base
1245 557 1348 610 fuerunt
1366 574 1372 607 ε
1387 562 1417 609 ut
1439 557 1471 609 de
1489 557 1573 609 reditu
1600 573 1646 610 neo
1665 563 1768 612 senatum
1791 562 1871 627 quid-

253 630 378 711 πράττειν
405 629 555 691 διετέλεσεν.
611 634 652 692 Ην
680 631 709 692 dt
731 630 766 691 τά
795 631 907 702 δόξαντα
943 637 1031 702 αὐτοῖς
1085 663 1162 715 quem
1182 650 1345 716 adpopulum
1365 651 1485 710 referret,
1499 664 1545 702 nee
1562 650 1605 702 ille
1615 650 1754 717 quidquam
1769 658 1872 708 statue-

252 718 352 780 τοιάδε.
372 720 438 798 Περὶ
453 716 560 796 μδντῆς
573 720 686 779 καθόδου
698 719 766 798 μήτε
779 720 828 794 τὴν
841 720 939 802 βουλὴν
953 720 1028 790 τέλος
1090 745 1144 806 ης,
1169 744 1315 810 priusquam
1345 743 1412 810 apud
1434 743 1538 795 γοιςως
1561 744 1640 794 mimi
1661 744 1694 796 ad
1716 743 1797 798 foedug
1817 762 1868 814 μ.

254 804 336 882 μηδίν
350 805 468 885 ίκφίρειν
489 807 583 875 είςιτθν
608 810 693 886 δῆμον
711 808 774 885 μήτ’
789 812 886 869 ἐκεῖνον
903 811 1031 893 ίπιψηφί·
1085 847 1190 901 mque
1211 834 1352 888 faciendam
1374 837 1456 902 pmq
1483 839 1582 899 me,
1617 836 1671 902 ip„
1701 851 1760 889 m
1786 840 1867 892 moti,

213 913 226 950 n
253 898 324 973 ζειν,
340 895 401 974 πρίν
414 892 446 954 δν
460 899 515 963 τοῖς
535 895 712 964 Οὐολούσκοις
732 897 846 977 εὐτρεπῆ
867 897 977 979 γίνηται
997 898 1032 959 sd
1085 927 1173 980 mm,
1196 928 1350 991 exemptum,
1371 932 1401 979 ,χ
1422 941 1467 993 W
1487 928 1598 980 meum
1620 942 1726 994 mm,
1754 930 1867 984 abduce,

253 982 314 1063 περὶ
325 981 413 1065 φιλίας
429 982 475 1042 καί
493 983 664 1052 καταλύσεως
682 989 729 1044 τοῦ
751 984 885 1061 πολέμου·
909 986 989 1045 αὐτὸν
1003 985 1032 1047 dd
1085 1023 1126 1071 ret
1143 1039 1150 1071 :
1165 1019 1313 1085 redditoque
1337 1020 1433 1072 afim
1451 1034 1536 1073 mm
1555 1021 1582 1071 i„
1602 1021 1709 1086 imm,
1732 1036 1793 1074 Η,
1808 1038 1869 1087 μ,

253 1069 305 1143 τήν
320 1069 447 1150 στρατιὰν
469 1069 670 1145 ἀναστήσαντα,
683 1075 719 1139 ὡς
737 1070 782 1130 td
796 1072 883 1154 φιλίας
903 1077 951 1147 γῆς
965 1074 1033 1134 άπά·
1087 1116 1183 1175 ΜΗ,
1196 1114 1300 1179 suisque
1318 1114 1448 1165 beneflciis
1465 1114 1676 1178 commemoratis,
1691 1118 1790 1179 ΝΜ
1809 1129 1870 1178 m,

253 1179 326 1265 γριν·
342 1157 491 1239 ὐποσχόντα
507 1157 534 1217 δὲ
550 1162 596 1230 τῆς
610 1161 694 1239 ἀρχῆς
705 1158 784 1237 λόγον
799 1161 845 1218 καί
866 1160 913 1228 sd<
924 1164 1032 1244 εὐεργε-
1085 1207 1131 1272 qui
1142 1207 1282 1258 exercitum
1294 1205 1343 1257 sibi
1364 1206 1542 1257 mmmmm
1581 1209 1613 1256 ut
1630 1205 1715 1258 hm
1735 1208 1763 1258 in
1777 1222 1868 1258 mm

253 1269 311 1315 σιας
330 1246 534 1323 ἀποδειξάμενον
561 1246 647 1316 ἀξιοῦν
671 1245 731 1315 τοδς
745 1249 936 1330 ἐπιτρέψαντας
958 1251 1032 1309 αὐτῶ
1098 1299 1104 1311 .
1550 1241 1557 1266 ’

202 1361 227 1402 ιο
252 1334 300 1407 τήν
315 1330 456 1416 στρατιὰν,
469 1334 588 1412 μάλιστα
604 1332 653 1412 μίν
669 1336 744 1418 φιλίφι
760 1336 885 1417 δέχεσθαι
901 1336 961 1406 τούς
975 1310 1028 1397 ποἑ
1085 1301 1148 1351 mm
1167 1302 1328 1365 mmmm
1349 1301 1502 1366 mipemn’
1518 1304 1544 1352 et
1564 1298 1659 1353 ΜΠ
1681 1304 1762 1368 mm
1781 1303 1870 1355 mi·

252 1422 358 1501 λιμίους
371 1424 416 1483 καί
429 1423 560 1496 συνθήκας
573 1423 737 1495 ποιήσασθαι
753 1426 876 1500 δικαίας,
895 1428 969 1507 αὐτῷ
982 1430 1031 1499 τήν

252 1510 363 1585 ίσότητα
377 1510 424 1570 καί
437 1511 468 1571 τὸ
482 1509 521 1588 μή
534 1512 668 1591 σφαλῆναι
684 1511 744 1591 περλ
760 1512 807 1580 τδις
821 1514 962 1594 ὁμολογίας
977 1516 1033 1574 ίπι·

252 1600 411 1683 τρέψαντας.
465 1600 499 1661 El
520 1601 543 1660 δ’
564 1600 608 1659 ίπλ
630 1609 684 1668 τοῖς
702 1603 919 1685 κατωρθωμένοις
945 1605 1032 1686 σφίσιν

254 1689 393 1758 αὐθαδείας
408 1688 644 1769 ἀναπιμπλάμενοι
665 1690 703 1769 μὴ
722 1692 838 1773 δέχοιντο
861 1691 908 1761 τδις
924 1695 1032 1754 διαλλα-

202 1803 226 1843 ιε
253 1778 320 1859 γδις,
346 1779 508 1861 ἀφίστασθαι
528 1783 575 1851 τῆς
595 1781 681 1861 ἀρχῆς
706 1781 806 1851 αὐτοῖς.
850 1778 891 1842 Ἦ
912 1781 965 1865 γδρ
985 1786 1034 1865 οὐχ

254 1871 396 1948 ὐπομενεῑν
409 1866 502 1936 αὐτοὺς
518 1869 598 1929 ἄλλον
613 1866 673 1928 τινόι
689 1872 819 1951 οίριῖσθοιι
834 1872 983 1952 στρατηγδν
998 1873 1033 1932 δι’

254 1956 366 2038 ἀπορίαν
396 1958 494 2036 ἀγαθοῦ
526 1957 670 2036 ήγεμόνος,
697 1959 716 2031 ἢ
742 1961 1032 2041 παρακινδυνεύσαντας

254 2045 393 2127 ὁτῳδήτινι
406 2046 572 2125 παραδοῦναι
586 2045 632 2113 τὰς
654 2046 779 2123 δυνάμεις
801 2046 849 2107 σὺν
870 2049 974 2128 μεγαλῃ
994 2051 1032 2107 δι-

255 2135 435 2218 δαχθήσεσθαι
448 2132 537 2214 βλάόῃ
549 2132 597 2203 τήν
611 2138 659 2194 τοῦ
673 2134 850 2219 συμφέροντος
862 2134 973 2216 είρεσιν.
987 2136 1030 2195 Ti

201 2249 230 2291 eo
256 2223 303 2302 μίν
319 2222 352 2298 δή
368 2221 541 2303 βουλευθέντα
552 2222 640 2290 αὐτοῖς
654 2220 700 2280 καί
717 2221 828 2293 δόξαντα
840 2223 930 2283 δίκαιοί
945 2222 1031 2282 τεκαὶ

254 2314 314 2374 όσια
340 2302 407 2373 εἶναι
430 2309 520 2393 φήμης
537 2308 562 2371 τ’
587 2311 702 2392 ἀγαθῆς,
726 2312 766 2393 ὐφ’
789 2303 808 2393 ᾖ
831 2312 950 2389 μάλιστα
965 2311 1033 2392 ἀνήρ

255 2398 416 2474 ίσπούδαζε,
433 2398 508 2481 πορθ
520 2406 587 2460 πάσι
602 2398 746 2478 τευξόμενα
761 2399 851 2460 τοιάδε
867 2391 909 2473 ήν.
954 2397 1032 2461 Ἐτά-

256 2511 335 2569 ραττε
355 2487 384 2548 δί
406 2511 446 2556 τις
461 2486 555 2554 αὐτοδς
575 2486 674 2569 ὑποψία
699 2487 756 2556 δίας
778 2485 897 2570 ίχουσα,
914 2487 952 2563 μή
966 2510 1031 2547 ποτε

255 2574 392 2656 ἀλόγιστος
403 2573 481 2654 όχλος
496 2575 524 2632 ίν
536 2573 624 2635 ίλπίδι
635 2581 681 2635 τοῦ
696 2575 985 2654 καταπεπολεμηκέναι
999 2575 1030 2634 τδ

201 2689 227 2728 as
254 2666 398 2725 ἀντίπαλον
427 2663 479 2736 ἤδη
504 2658 562 2737 ὧν,
587 2664 621 2723 δι’
644 2667 723 2746 ἀργῆς
746 2664 862 2744 ἀκράτου
887 2664 960 2744 λάθῃ
983 2665 1031 2738 τὴν

255 2752 417 2832 ἀποτυχίαν,
440 2751 555 2811 κάπιιτα
574 2755 610 2820 ὡς
631 2753 761 2834 προδότην
780 2753 858 2812 αὐτόν
880 2754 939 2812 obit
954 2752 1031 2832 λόγου

256 2839 383 2913 μεταδοὺς
407 2840 561 2920 αὐτοχειρία
576 2841 664 2923 φθάση
680 2841 811 2909 διολέσας.
857 2841 964 2903 Ἐδόκει
987 2831 1031 2900 οὐν

256 2929 342 2994 αὐτοῖς
357 2926 402 2987 καλ
422 2930 556 2988 τοῦτοκαὶ
576 2928 602 2989 εί
614 2954 640 2989 τι
659 2932 725 2991 άλλο
744 2932 888 3012 δεινότερον
913 2929 954 3004 τίη
975 2953 1032 2989 κιν-

1085 1393 1195 1445 tlonibus
1220 1394 1345 1455 taberent,
1367 1393 1500 1445 commissa
1524 1406 1577 1445 sua
1607 1394 1665 1447 lidei
1685 1410 1747 1446 eura
1768 1398 1870 1462 prospi-

1086 1487 1180 1550 ciendi,
1193 1491 1223 1538 nt
1242 1500 1291 1552 pan
1307 1485 1390 1552 equis
1402 1485 1587 1538 obeditionibus
1597 1491 1624 1538 et
1642 1488 1696 1539 sine
1715 1487 1807 1540 frende
1822 1491 1868 1541 be·

1086 1584 1133 1632 ret.
1166 1580 1194 1631 Si
1205 1593 1266 1630 vero
1276 1577 1309 1629 ob
1318 1592 1360 1630 ree
1369 1576 1477 1630 feliciter
1490 1594 1506 1630 a
1518 1592 1545 1631 ne
1561 1582 1643 1645 gestas
1654 1581 1772 1646 superbia
1787 1581 1868 1633 iubati

1085 1687 1172 1740 paoem
1189 1673 1345 1731 recusarent,
1363 1670 1417 1736 ipse
1427 1671 1560 1736 imperium
1576 1671 1720 1738 deponeret.
1743 1675 1869 1725 Auteuim

1087 1766 1120 1817 eb
1136 1764 1246 1830 inopiam
1266 1763 1325 1815 boni
1344 1762 1417 1814 ducis
1435 1778 1479 1816 eos
1498 1764 1577 1816 ubam
1592 1766 1768 1831 imperatorem
1784 1780 1870 1818 creare

1086 1874 1135 1911 nou
1146 1871 1252 1910 ausuros
1263 1860 1319 1917 aut,
1332 1857 1458 1909 sitemere
1470 1858 1513 1909 alii
1529 1857 1640 1924 cuipiam
1654 1859 1740 1925 eopins
1752 1860 1869 1911 eommit·

1087 1956 1140 2005 tere
1153 1953 1208 2003 ausi
1223 1953 1322 2012 esseut,
1334 1963 1424 2015 magno
1434 1965 1481 2003 suo
1499 1950 1568 2004 malo
1579 1951 1735 2016 eognitums,
1747 1952 1868 2018 quidnam

1086 2051 1152 2100 esset
1171 2059 1228 2098 ere
1246 2058 1293 2095 sna
1316 2044 1415 2110 eligere.
1449 2047 1509 2097 llus
1530 2045 1609 2110 igitur
1629 2049 1702 2104 sunt,
1728 2045 1868 2112 dequibus

1087 2138 1125 2193 iili
1135 2141 1200 2192 inter
1212 2153 1240 2191 ee
1250 2139 1437 2200 consultarent,
1449 2144 1475 2192 et
1489 2153 1547 2207 qua
1559 2141 1628 2191 insta
1640 2145 1666 2192 et
1682 2142 1723 2205 pin
1734 2154 1787 2192 esse
1797 2140 1869 2190 iudi-

1087 2233 1192 2296 earunt,
1210 2234 1238 2282 et
1250 2230 1387 2296 dequibus
1408 2245 1495 2283 omnes
1511 2231 1574 2283 bene
1594 2245 1713 2283 censuros
1729 2232 1813 2296 (mins
1828 2231 1868 2282 rei

1087 2331 1126 2380 vir
1139 2328 1181 2380 ille
1193 2329 1304 2380 maxime
1313 2331 1369 2379 erat
1385 2327 1529 2391 studiosus)
1542 2327 1730 2379 existimarunt.
1751 2325 1802 2377 sed
1810 2329 1869 2376 tnr-

1088 2421 1164 2473 babat
1177 2433 1221 2471 eos
1244 2421 1353 2486 suspicio
1372 2419 1491 2486 quondm
1512 2433 1570 2470 oum
1593 2416 1665 2470 metu
1679 2419 1823 2480 comunem,
1837 2433 1870 2469 ne

1087 2516 1153 2568 forte
1173 2516 1341 2568 inconsultum
1356 2514 1464 2579 voque,
1481 2526 1524 2578 spe
1535 2512 1736 2564 adversariorum
1746 2511 1869 2563 debellau-

1087 2610 1177 2663 dorum
1190 2609 1241 2661 lam
1257 2611 1374 2674 ooueepta
1384 2646 1391 2669 ,
1402 2622 1429 2659 se
1440 2621 1470 2659 ea
1480 2620 1507 2658 re
1521 2605 1670 2656 frustratum
1685 2606 1731 2655 ira
1746 2606 1870 2670 impetere

1087 2705 1174 2772 iniquo
1189 2704 1273 2756 auimo
1290 2703 1381 2765 ferret;
1400 2705 1427 2754 et
1446 2693 1643 2767 deindeipsnm‚
1663 2705 1692 2752 ut
1701 2701 1869 2766 proditorem,

1087 2795 1203 2848 velante
1224 2810 1339 2847 caussam
1359 2794 1467 2853 dicum,
1493 2807 1569 2844 mauu
1592 2807 1639 2844 suu
1658 2792 1783 2859 perderet.
1818 2796 1870 2843 lloe

1087 2893 1186 2950 nmen,
1200 2892 1227 2939 et
1243 2889 1263 2940 si
1281 2887 1348 2952 quod
1362 2885 1432 2938 aliud
1443 2886 1545 2951 grauius
1563 2885 1704 2950 perieulum
1725 2890 1804 2949 esset,
1819 2885 1869 2936 illis

1087 2980 1223 3034 dummodo
1262 2978 1323 3030 fides
1342 2992 1400 3029 eum
1425 2977 1522 3031 virtute
1545 2980 1689 3030 temeretur
1711 2977 1868 3031 subeundum

1086 3073 1226 3125 uidebatur.
1271 3073 1305 3123 at
1329 3071 1381 3121 iam
1402 3069 1454 3122 sole
1468 3069 1501 3120 nd
1519 3082 1637 3120 οοσεειιιο
1658 3074 1791 3135 vergente,
1812 3074 1870 3135 post

1086 3169 1189 3233 mutuos
1199 3162 1343 3229 ampiexus,
1364 3176 1395 3212 ex
1417 3159 1527 3212 tentorio
1539 3160 1632 3225 egressi
1648 3164 1709 3211 sunt
1729 3178 1736 3210 ε
1761 3175 1791 3212 ae
1810 3173 1869 3211 mox

1086 3254 1203 3306 mulieres
1223 3253 1250 3303 in
1264 3251 1353 3304 urbem
1373 3251 1509 3304 redierunt.
1546 3253 1579 3301 At
1603 3252 1725 3314 blandus,
1741 3264 1786 3316 pro
1807 3263 1868 3301 eou-

1086 3346 1156 3398 eione
1166 3358 1257 3397 mussa
1274 3344 1388 3406 reddita,
1402 3357 1450 3394 eur
1463 3343 1496 3394 ab
1516 3342 1593 3393 armis
1605 3341 1760 3394 discessurus
1779 3345 1846 3394 esset
1857 3381 1866 3399 ,

1085 3435 1258 3501 militibusque
1267 3436 1374 3485 multum
1386 3433 1487 3499 rogatis,
1498 3436 1528 3484 ut
1546 3433 1595 3484 sibi
1608 3434 1705 3486 veniam
1722 3433 1819 3495 duent,
1838 3436 1868 3484 et

1085 3527 1188 3580 domum
1208 3528 1302 3580 reversi
1323 3525 1504 3578 beneficiorum
1528 3541 1651 3579 memores
1671 3526 1719 3578 slbi
1740 3523 1866 3583 adessent,

1085 3620 1192 3686 nequid
1209 3619 1312 3683 gravius
1322 3634 1337 3669 a
1349 3617 1454 3683 reliquis
1465 3621 1646 3682 perpeteretur,
1661 3623 1688 3669 et
1708 3617 1796 3669 multis
1812 3616 1869 3669 aliis

1086 3711 1174 3773 dieite,
1189 3723 1248 3776 quse
1266 3722 1353 3761 eorum
1369 3707 1467 3759 animos
1487 3708 1588 3760 allicere
1601 3711 1720 3773 possent,
1735 3709 1869 3774 imperavit

1085 3809 1114 3856 ut
1126 3805 1240 3870 proxima
1252 3805 1325 3854 noete
1343 3806 1427 3853 eastra
1440 3802 1535 3854 moturi
1547 3815 1575 3853 se
1588 3802 1621 3853 nd
1633 3803 1811 3870 promotionem
1822 3818 1868 3869 pn·

1085 3895 1180 3943 rarent.

201 3127 228 3165 uu
255 3105 333 3167 ’limi
346 3105 374 3166 δὲ
389 3105 449 3186 περὶ
464 3106 537 3164 δύσιν
553 3105 629 3177 ἡλίου
641 3099 674 3179 ήν
684 3107 736 3182 ήδη
749 3109 936 3187 ἀσπασάμενοι
950 3111 1033 3184 ἀλλή-

254 3195 325 3272 λους,
341 3192 451 3275 ίίήεσαν
468 3195 498 3252 ίκ
511 3197 559 3265 τῆς
574 3199 690 3269 σκηνῆς·
705 3193 798 3255 ἔπειτα
812 3199 840 3256 αἱ
850 3196 898 3276 μίν
911 3206 1033 3277 γυναῖκες

255 3284 292 3350 είς
311 3280 358 3353 τήν
373 3282 450 3341 πόλιν
475 3279 614 3361 ἀπῄεσαν,
634 3282 692 3344 θδί
719 3283 839 3362 Μάρκιος
860 3287 887 3344 ἀν
903 3286 1032 3368 ἐκκλησίᾳ

253 3369 301 3436 τίς
313 3368 399 3436 αίτίας
414 3369 526 3438 ἀποδοὺς
538 3377 592 3438 τοῖς
606 3377 738 3453 παροῦσι,
751 3372 784 3429 δι’
801 3370 831 3440 ἀς
850 3370 945 3450 ἔμελλε
961 3372 1032 3433 λύειν

254 3458 297 3518 τδν
316 3458 451 3536 πόλεμον,
479 3457 525 3518 καὶ
549 3458 635 3518 πολλὰ
657 3463 711 3519 τῶν
736 3463 906 3541 στρατιωτῖιν
933 3462 1033 3533 δεηθείς

200 3570 226 3609 sn
253 3544 400 3625 συγγνῶναί
421 3548 446 3605 τ’
472 3547 611 3628 αὐτῷ,καί
639 3548 744 3608 ίπιιδδιν
771 3548 861 3610 οίκαδε
886 3549 1032 3632 ἀφίκωνται

162 3716 166 3723 ι
254 3634 436 3714 μεμνημένους
454 3625 490 3695 ὧν
512 3636 609 3696 ἔπαθον
627 3627 717 3698 αὐτοῦ
742 3638 824 3714 μηδὲν
848 3640 899 3698 ὐπδ
911 3643 964 3699 τῶν
979 3640 1031 3700 tt-

252 3725 305 3783 λων
329 3720 473 3792 ἀνήκεστον
494 3723 586 3782 παθεῖν
610 3725 808 3805 συναγωνιστὰς
830 3728 963 3803 γενέσθαι·
985 3727 1032 3787 καί

254 3812 323 3870 ἄλλα
336 3809 423 3870 πολλδι
436 3808 483 3868 καί
504 3811 632 3891 ίτταγωγδ
657 3813 803 3895 διαλεχθεὶς
826 3817 1029 3897 παρασκευάζε-

253 3905 314 3960 σθαι
328 3898 478 3974 ίκίλευσεν,
498 3901 534 3967 ὥς
548 3904 580 3981 τῇ
596 3900 706 3983 ἐπιούσῃ
725 3902 801 3963 νυκτί
827 3905 1029 3984 ἀναστρατοπε-

199 4017 226 4056 lo
253 3988 401 4053 δείσαντας.

293 4075 354 4136 LV.
376 4074 508 4151 Ῥωμαῖοι
521 4074 565 4147 δὲ,
586 4078 622 4144 ὡς
641 4077 737 4155 ίμαθον
752 4078 792 4138 ότι
806 4077 913 4139 λε’λυται
928 4081 1000 4161 σφῶν
1016 4084 1031 4139 θ

253 4159 384 4228 κίνδυνος·
405 4161 501 4240 ἔφθασε
522 4163 573 4244 γδιρ
591 4167 643 4223 τῶν
665 4170 798 4243 γυναικῶν
821 4164 869 4238 τήν
884 4165 1030 4247 παρουσίαν

252 4246 425 4328 προλαόοῦσοι
442 4256 459 4323 ἡ
474 4251 563 4332 φήμη·
579 4251 626 4312 σύν
641 4257 727 4335 πολλῇ
746 4261 820 4337 χαρᾷ
840 4257 1030 4324 καταλιπόντες

1115 4085 1165 4134 LV.
1182 4081 1286 4133 Romani
1304 4096 1378 4143 vero,
1399 4082 1443 4134 ubi
1463 4083 1631 4147 coguoverunt
1655 4094 1682 4133 se
1702 4082 1817 4148 periculo
1834 4081 1867 4134 il·

1084 4170 1184 4223 beratos
1204 4172 1310 4234 (rumor
1331 4169 1398 4220 enim
1416 4168 1494 4221 buius
1513 4169 1550 4219 rei
1572 4168 1709 4220 aduentum
1731 4171 1868 4223 mulierum

1085 4263 1272 4327 praeverterat),
1289 4273 1347 4312 eum
1358 4260 1451 4325 ingenti
1463 4259 1552 4311 letitia
1560 4259 1648 4312 relicta
1660 4261 1739 4322 urbe,
1753 4276 1868 4313 excurre·

252 4337 301 4413 τήν
316 4337 402 4409 πολιν,
414 4338 483 4398 ἔθεον
499 4340 548 4410 ἔξω
567 4342 613 4401 καὶ
629 4344 752 4416 ὑπήντων
773 4351 831 4411 ταῖς
844 4339 1031 4423 γυναιξήν,άσ·

200 4456 227 4498 ts
252 4426 377 4506 areopolis
388 4424 433 4486 καί
449 4436 573 4498 παιᾶνας,
589 4431 633 4490 καί
649 4430 726 4492 πάνθ’
746 4430 786 4491 ὅτ’
800 4434 830 4491 ίκ
842 4434 965 4509 μεγάλων
975 4440 1031 4494 κεν·

253 4516 337 4577 δύνων
351 4518 388 4585 τίς
403 4514 530 4587 ἀδόκητον
551 4518 673 4598 εὐωχίαν
698 4520 830 4604 ἅνθρωποι
852 4523 1030 4591 καταστάντες

252 4605 398 4685 πράττουσί
412 4628 441 4665 τε
455 4604 501 4664 καὶ
515 4604 635 4684 λίγουσιν
649 4607 703 4668 ὐπὸ
714 4618 810 4691 χαράς,
822 4607 856 4668 τά
870 4610 919 4688 μὲν
941 4612 1030 4691 ἀθρόοι

252 4693 287 4754 τδι
308 4692 337 4753 δί
359 4697 418 4755 καθ’
442 4692 489 4754 ba
510 4693 623 4756 ἕκαστον
637 4698 863 4776 ἀποδεικνύμενοι.
894 4696 1029 4770 ’Ἒκείνην

253 4781 302 4861 μίν
318 4772 363 4841 οὐν
376 4782 426 4855 τήν
439 4782 523 4842 νύκτα
536 4785 562 4843 ίν
575 4785 692 4854 θαλείαις
705 4809 734 4846 τε
750 4787 796 4846 καὶ
811 4786 960 4854 εὐπαθείαις
974 4788 1030 4846 διε-

199 4896 227 4939 to
252 4870 379 4931 τίλεσαν·
390 4875 425 4952 τῇ
439 4872 462 4930 δ’
476 4871 534 4944 ίξῆς
545 4871 633 4954 ήμίρορ
647 4877 809 4955 συναχθεῖσα
822 4873 873 4935 but
887 4877 939 4934 τῶν
957 4874 1030 4935 θπά-

252 4982 304 5018 των
318 4965 336 5033 ἡ
352 4959 435 5042 βουλὴ
447 4961 509 5041 περί
532 4962 579 5038 μίν
595 4967 642 5021 τοῦ
657 4962 780 5043 Μαρκίου
793 4962 901 5043 γνώμην
915 4965 1029 5026 ἀπεδεί-

251 5045 345 5119 ξαντο,
356 5052 392 5117 εἰς
403 5049 506 5128 ίτίρους
521 5048 719 5112 ἀναθάλλεσθαι
731 5051 839 5131 καιροὺς
854 5055 1030 5128 ίπιτηδειοτί·

254 5155 314 5214 ρους
336 5135 384 5203 τύς
400 5136 577 5214 δοθησομίνας
598 5140 672 5219 αὐτῷ
684 5140 774 5211 τιμάς·
793 5142 850 5208 ταῖς
863 5141 892 5203 δδ
913 5141 1028 5220 γυναιξίν

251 5221 360 5283 ίπαινόν
373 5221 398 5281 τ’
411 5224 585 5285 ἀποδεδόσθαι
602 5229 652 5297 τῆς
669 5226 816 5307 προθυμίας
827 5229 927 5304 στήλης
940 5232 1023 5309 δημο·

1084 4350 1160 4411 bant,
1180 4353 1206 4400 et
1227 4348 1377 4400 mulieribus
1394 4348 1494 4399 obviam
1516 4346 1601 4407 ibant,
1621 4361 1665 4399 eas
1684 4347 1823 4400 salutantes
1840 4352 1867 4401 et

1084 4438 1200 4488 canentes
1212 4448 1314 4501 peenas
1324 4438 1352 4485 et
1362 4448 1521 4500 quecunque
1538 4447 1590 4499 pre
1611 4433 1702 4498 gundo
1713 4438 1758 4485 aut
1770 4432 1866 4486 leniunt

1084 4527 1129 4578 aut
1148 4523 1236 4575 dieunt
1251 4523 1373 4583 homines,
1394 4524 1439 4588 qui
1455 4523 1551 4589 magnis
1569 4521 1687 4588 perieulis
1706 4521 1806 4574 liberati
1826 4525 1867 4575 iu·

1083 4617 1208 4681 speratam
1226 4611 1373 4663 felicitatem
1388 4614 1516 4665 oouseeuti
1535 4616 1610 4674 sunt,
1628 4626 1657 4664 ea
1674 4614 1767 4678 partlm
1780 4626 1868 4666 omues

1084 4704 1172 4763 simul,
1185 4702 1277 4768 partim
1287 4700 1379 4764 singuli
1397 4701 1532 4767 seperatim
1542 4701 1670 4754 edebant..
1695 4700 1767 4753 lllam
1789 4702 1866 4767 igitur

1083 4798 1181 4846 motem
1201 4791 1228 4842 in
1240 4791 1363 4843 eonvivlls
1375 4794 1402 4843 et
1417 4790 1626 4843 oblectationibus
1643 4794 1724 4843 mtam
1738 4795 1866 4857 manego-

1084 4887 1143 4935 ruut
1156 4901 1163 4933 τ
1178 4883 1292 4949 sequenti
1314 4894 1374 4933 uero
1390 4880 1432 4933 dle
1449 4884 1578 4932 nonomen
1591 4880 1736 4932 oonsulibus
1754 4885 1863 4939 senatus,

1084 4975 1113 5022 ut
1128 4971 1160 5023 de
1174 4971 1311 5022 bonoribus
1326 4969 1423 5021 Marelo
1435 4968 1598 5021 deserueudis
1618 4971 1717 5034 ageret,
1739 4982 1792 5020 rem
1809 4982 1864 5019 eam

1083 5057 1190 5110 inaliud
1207 5062 1309 5124 tempus
1330 5058 1410 5123 magis
1428 5062 1597 5124 opportunum
1622 5055 1789 5109 differendam
1810 5070 1864 5109 esse

1082 5146 1188 5200 censuit.
1205 5145 1257 5198 Sed
1270 5146 1405 5205 metronis,
1421 5147 1454 5199 ob
1473 5146 1596 5214 οςιοςίετο
1607 5159 1708 5212 operam
1719 5144 1864 5210 reipublice

1082 5236 1159 5288 alacri
1182 5235 1266 5287 animo
1289 5239 1422 5296 nassum,
1443 5235 1629 5302 quumprimnm
1653 5234 1754 5287 debitas
1778 5232 1865 5284 landes
