4048 5924
149 1800 171 1840 ib

145 2241 171 2282 ab

144 2683 170 2721 ab

200 404 259 464 aaa

725 399 896 462 DlONYSll
920 400 1297 465 Httlctuutssuusts

200 536 352 614 κινούμενον
374 537 418 596 tei
432 538 487 605 τοῖς
502 533 651 615 λεγομένοις
665 533 696 595 τδ
718 535 862 616 συνέδριον,
885 537 915 595 ἐκ
933 540 979 595 τοῦ
1035 545 1145 596 oratione
1162 548 1328 608 commotum,
1344 548 1403 598 tunc
1414 547 1507 598 maiore
1522 561 1578 598 cum
1591 546 1739 599 confidentia
1749 548 1818 613 ioqui

200 628 389 707 τεθαρρηκότος
414 625 466 698 ήδη
491 624 521 683 τὸ
548 623 638 684 λοιπδν
664 623 785 705 ἐξύφαινε
811 628 863 685 τῦιν
886 625 980 704 λόγων·
1036 633 1136 699 coepit:
1153 652 1166 677 ιι
1179 632 1252 691 θυοδ
1265 633 1288 683 si
1302 634 1483 698 quirestrum,
1503 636 1591 686 Patres
1609 634 1744 699 conscripti
1758 638 1816 699 (in-

201 742 213 769 ιι
231 718 264 776 El
279 716 307 774 δέ
319 738 386 783 τινες
400 716 489 792 ὑμῶν,
505 702 527 771 ιδ
552 713 704 793 βουλευταὶ,
718 712 823 789 λόγων,
839 715 983 795 ταράττον·

204 832 216 856 ιι
233 827 296 876 ται,
309 804 444 869 δοκοῦντες
458 801 513 870 tce<
535 799 649 882 εἰσάγειν
666 801 780 884 πονηρὸν
799 806 836 870 εἰς
857 801 906 876 τήν
929 802 981 864 πό-

204 916 216 941 ιι
234 890 291 961 λιν,
306 890 351 948 clv
373 890 506 972 τῷδήμῳ
528 888 720 970 συγχωρήσητε
739 895 826 973 ψῆφον
849 890 980 974 ἐπιφέρειν

203 1005 216 1030 ιι
232 978 304 1036 κατδι
323 982 376 1038 τῶν
396 977 563 1057 πατρικίων,
584 978 630 1037 καὶ
646 978 688 1038 ἐπ’
701 979 782 1038 οὐδενί
799 982 890 1060 ἀγαθῷ
905 980 980 1057 νομί·

203 1094 216 1120 ιι
237 1072 309 1137 ζουσι
331 1067 379 1140 τήν
404 1071 457 1127 τῶν
474 1069 620 1149 δημάρχων
644 1066 761 1139 ἐξουσίαν
780 1070 881 1143 πολλὴν
904 1068 979 1151 ἰσχύν

203 1182 216 1207 ιι
232 1156 366 1215 λαόοῦσαν
390 1155 566 1234 γενήσεσθαι,
593 1155 750 1234 μαθέτωσαν
784 1157 980 1236 ἁμαρτάνοντες

205 1263 218 1287 ιι
235 1242 281 1308 τῆς
297 1237 382 1311 δόξης,
398 1241 444 1300 καί
463 1243 619 1317 τάναντίαῆ
638 1245 694 1330 [τὰ]
705 1247 866 1328 προσήκοντα
873 1254 984 1326 ύπειλη-

205 1351 217 1376 ιι
234 1324 319 1405 φύτες.
343 1328 375 1386 El
393 1328 444 1409 γάρ
461 1354 485 1388 τι
500 1332 546 1391 καλ
566 1332 631 1393 ἅλλα
654 1337 786 1416 σωτηρίας
804 1338 888 1399 αίτιον
910 1340 984 1402 ieter

202 1448 215 1474 ι
232 1425 265 1500 τῇ
282 1421 358 1480 πόλει
375 1424 438 1503 τῇδε
462 1422 507 1481 καλ
530 1426 576 1481 τοῦ
601 1422 734 1499 μηδέποτε
755 1424 805 1497 τὴν
830 1425 977 1507 ἐλευθερίαν

202 1538 216 1565 ιι
231 1510 299 1587 μήτε
314 1511 362 1583 τὴν
383 1511 460 1590 ἰσχὺν
483 1515 674 1593 ἀφαιρεθῆναι,
704 1518 865 1591 ὁμονοοῦσαν
888 1515 915 1574 δδ
938 1516 978 1575 iai

201 1626 215 1652 ιι
233 1600 278 1660 καὶ
293 1608 343 1681 μιᾷ
357 1599 450 1680 γνώμῃ
465 1601 526 1681 περὶ
540 1601 646 1662 πάντων
669 1604 811 1684 χρωμένην
832 1607 975 1683 διατελεῖν,

201 1715 214 1743 ι
231 1693 245 1748 h
259 1692 340 1766 δῆμος
360 1689 514 1756 αἰτιώτατος
528 1689 604 1750 ἔσται
624 1695 860 1776 συμπαραληφθεὶς
886 1693 930 1754 trel
944 1694 978 1755 τδι

201 1805 214 1831 ιι
230 1778 386 1858 πράγματα·
404 1779 450 1837 καί
472 1778 502 1838 τδ
522 1778 560 1856 μή
578 1781 641 1858 μίαν
667 1772 798 1852 εἶναιτὴν
829 1784 976 1845 διοικοῦσαν

202 1894 214 1918 ιι
232 1864 267 1927 τδι
284 1867 358 1927 κοινδι
373 1868 509 1928 πολιτείαν
521 1869 636 1950 ἄκρατον
656 1870 723 1948 μήτε
739 1871 886 1953 μοναρχίαν
909 1874 976 1952 μήτε

201 1982 214 2007 ιι
230 1957 387 2036 ὀλιγαρχίαν
403 1957 471 2035 μήτε
494 1958 693 2036 δημοκρατίαν,
713 1961 781 2020 ἀλλὰ
799 1961 847 2034 τήν
880 1963 977 2038 μικτήν

201 2070 214 2097 ιι
231 2044 258 2115 ἐξ
272 2046 381 2105 ἁπασῶν
397 2046 496 2105 τούτων
513 2047 695 2123 κατάστασιν,
712 2054 790 2109 τοῦτο
807 2051 873 2132 ὑπὲρ
888 2051 976 2111 πάντα

200 2161 213 2187 ιι
230 2140 302 2210 ἡμᾶς
317 2133 458 2215 αἰφελήσει.
503 2133 608 2216 ‘Phora
622 2136 672 2217 γδιρ
685 2139 721 2205 τίς
732 2137 821 2219 tepus
833 2140 975 2212 ἀποσκήπ-

201 2249 214 2275 ιι
234 2246 274 2282 τει
294 2223 340 2282 καὶ
353 2224 519 2304 παρανομίας
541 2223 641 2284 τούτων
655 2224 766 2285 ἕκαστον
779 2230 832 2286 τῶν
848 2229 976 2288 πολιτευ-

200 2339 214 2364 «
231 2311 323 2390 μάτων
347 2313 411 2372 αὐτὸ
435 2316 497 2372 καθ’
522 2314 601 2373 leuch
626 2315 774 2392 γινόμενον.
830 2314 918 2377 Ὅταν
947 2318 975 2377 δέ

200 2428 213 2453 ιι
232 2403 396 2481 ἀνακερασθῇ
419 2402 507 2462 πάντα
524 2401 653 2483 μετρίως,
675 2402 706 2462 τὸ
719 2411 883 2484 παρακινοῦν
898 2407 975 2485 μέρος

200 2516 214 2544 ιι
230 2490 280 2550 αῖελ
303 2490 348 2550 καί
379 2490 501 2549 έκύαῑνον
527 2494 559 2551 έκ
583 2497 631 2551 τοῦ
655 2492 778 2565 συνήθους
799 2496 899 2572 κόσμου
924 2496 975 2557 ὑπὸ

200 2606 212 2631 ιι
230 2585 276 2638 τοῦ
290 2586 486 2662 σωφρονοῦντος
503 2580 548 2641 καί
570 2579 691 2658 μένοντος
705 2584 731 2642 ἐν
744 2593 797 2652 τοῖς
812 2586 885 2653 ἰδίοις
898 2585 974 2659 ἤθεσι

200 2694 213 2720 ιι
232 2671 409 2750 κατείργεται.
422 2672 565 2751 Μοναρχία
580 2670 628 2749 μὲν
652 2672 714 2749 ὠμὴ
730 2673 776 2732 καλ
798 2675 914 2749 αὐθάδης
931 2700 974 2753 γε·

200 2782 214 2808 ιι
230 2762 337 2827 νηθεῖσα
354 2757 399 2815 καλ
412 2759 554 2838 τυραννικά
568 2758 670 2819 διώκειν
686 2760 822 2842 ἄρξαμένη
844 2762 972 2842 ζηλώμα·

200 2870 213 2894 ιι
230 2866 279 2915 τα,
294 2844 338 2902 ὕπ’
359 2847 461 2926 ἀνδρῶν
485 2846 581 2926 ὀλίγων
606 2847 652 2906 καί
675 2850 780 2926 ἀγαθῶν
804 2850 973 2913 καταλύεται.

200 2958 212 2981 ιι
231 2929 390 3012 Ὀλιγαρχία
419 2933 447 2992 δύ
470 2936 501 2992 ix
516 2937 569 2993 τῶν
590 2935 704 3016 ἀρίστων
730 2941 831 3020 ἀνδρῶν
849 2965 974 3017 συνεστη-

199 3045 212 3070 ιι
229 3009 330 3094 κυῖα,ή
351 3025 453 3100 χρῆσθε
474 3022 521 3081 καὶ
543 3025 618 3099 ὑμεῖς
630 3024 702 3098 νυνί,
718 3025 780 3086 όταν
799 3028 904 3112 πλούτῳ
928 3031 975 3091 καὶ

200 3134 213 3159 ιι
230 3107 355 3188 ἑταιρίαις
370 3109 512 3189 ῖπαρθεῖσα
526 3111 692 3186 δικαιοσύνης
704 3115 808 3189 καὶτῆς
820 3117 903 3192 ἄλλης
915 3124 975 3201 ἀρε·

199 3222 212 3247 ιι
229 3201 275 3268 τῆς
288 3196 388 3272 μηθένα
401 3201 509 3269 ποιῆται
519 3199 609 3277 λόγον,
623 3200 674 3261 ὑπὸ
687 3204 771 3280 δήμου
783 3207 910 3288 φρονίμου
925 3232 974 3267 κα·

198 3310 211 3335 ιι
230 3283 363 3344 ταλύεται.
397 3290 488 3364 Δῆμος
508 3287 536 3347 δὲ
563 3295 703 3371 σωφρονῶν
726 3294 854 3355 καὶκατὰ
879 3295 975 3373 νόμους

199 3398 211 3423 ιι
228 3372 444 3452 πολιτευόμενος,
456 3374 520 3434 ὅταν
530 3383 658 3458 ἀκοσμεῖν
674 3380 785 3463 ἄρξηται
795 3384 840 3443 καὶ
856 3410 973 3464 παρανο-

197 3486 211 3513 ιι
229 3468 287 3538 μεῖν
302 3462 353 3520 ὑπὸ
379 3469 427 3523 τοῦ
444 3466 585 3544 κρατίστου
607 3471 700 3550 ἀνδρὸς
726 3471 772 3554 βία
796 3475 973 3555 καταληφθείς

157 3597 168 3621 ,
197 3577 211 3602 ιι
227 3551 386 3614 δικαιοῦται.
429 3551 511 3632 Ὑμῖν
539 3554 587 3631 δὲ,
612 3547 635 3617 ιδ
657 3561 755 3639 βουλή,
774 3561 908 3644 μονάρχου
923 3564 971 3638 μὲν

197 3668 210 3693 ιι
227 3638 343 3707 ἐξουσίας
355 3638 399 3699 ise
413 3640 451 3717 μή
466 3644 586 3723 τυραννὶς
600 3644 721 3725 γένηται,
732 3648 766 3708 τδι
781 3650 878 3709 δυνατδι
893 3650 973 3732 εὕρη-

197 3754 210 3780 ιι
227 3752 271 3787 ται
288 3730 455 3808 βοηθήματα.
498 3734 553 3793 Δύο
572 3757 599 3794 τε
611 3733 662 3817 γδιρ
677 3737 736 3795 ἀνθ’
750 3736 806 3805 ίνὸς
820 3741 973 3810 ἀποδείξαν-

197 3845 210 3870 ιι
227 3840 269 3886 τες
282 3823 328 3889 τῆς
342 3817 443 3888 πόλεως
463 3820 584 3904 κυρίους,
601 3824 646 3881 καλ
666 3824 768 3893 τούτοις
781 3828 829 3886 οῦκ
850 3828 970 3908 ἀόριστον

198 3931 211 3958 ιι
227 3905 319 3986 χρόνον
332 3909 518 3989 ἐπιτρέψαντες
531 3909 662 3992 ἔχειντὴν
687 3912 790 3994 ἀρχήν,
806 3915 865 3973 ἀλλ’
883 3916 969 3976 ἐνιαύ-

198 4018 210 4046 ιι
228 4015 299 4068 σιον,
324 3996 395 4054 οὐδὲν
418 3989 497 4069 ήττον
533 3998 703 4061 α’ποδείκνυτε
731 3999 849 4081 φύλακας
883 4007 968 4066 αὐτῶν

197 4107 210 4132 ιι
227 4083 390 4159 τριακοσίους
403 4084 497 4165 ἄνδρας
512 4088 542 4146 έκ
556 4091 608 4147 τῶν
622 4089 767 4166 πατρικίων
784 4089 844 4158 τοὺς
858 4093 967 4170 κρατίσ-

197 4195 210 4221 ιι
227 4192 286 4236 τους
306 4193 334 4229 τε
354 4172 400 4229 καλ
429 4174 639 4254 πρεσόυτάτους,
660 4178 687 4247 ἐξ
706 4169 742 4237 ὧν
767 4177 815 4250 ήδε
842 4185 859 4252 ή
886 4183 968 4261 βουλή

196 4286 209 4311 ιι
226 4258 394 4331 συνέστηκεν·
414 4264 488 4339 ὑμῶν
501 4263 528 4323 δέ
541 4267 637 4339 αὐτῶν,
653 4263 694 4325 ἵνα
708 4267 804 4345 μένητε
817 4272 844 4327 έν
857 4275 895 4351 τῷ
908 4296 971 4353 προ·

196 4376 209 4400 ιι
228 4349 336 4421 σήκοντι
357 4347 463 4431 κόσμῳ,
497 4354 617 4435 φυλακήν
650 4356 773 4431 οὐδεμίαν
798 4359 861 4439 ἄχρι
893 4365 969 4425 τοῦδε

155 4465 166 4501 5
196 4463 209 4490 ιι
226 4438 348 4513 φαίνεσθε
361 4437 544 4514 πεποιημένοι.
587 4443 642 4505 Καί
664 4444 725 4524 περὶ
738 4444 785 4521 μὲν
807 4450 881 4524 ὑμῶν
895 4449 971 4512 ούπω

196 4550 209 4578 ιι
227 4524 324 4601 ἔδεισα,
337 4529 374 4604 μή
390 4527 552 4608 διαφθαρῆτε
560 4530 608 4598 τδις
620 4532 735 4601 διανοίας
746 4533 799 4594 ύπό
808 4560 836 4596 τε
848 4539 972 4618 μεγέθους

196 4642 208 4667 ιι
227 4617 272 4674 καί
285 4616 398 4690 πλήθους
414 4619 534 4696 ἀγαθῶν,
547 4617 573 4678 οἳ
589 4624 738 4700 τυραννίδος
751 4648 780 4684 τε
796 4630 969 4708 πολυχρονίου

195 4731 208 4754 ιι
225 4703 421 4781 ἠλευθερώκατε
431 4704 479 4778 τήν
495 4705 571 4767 πολιν
583 4705 709 4789 ἔναγχος,
721 4712 767 4771 καί
783 4711 857 4773 ούπω
873 4716 971 4795 σχολὴν

197 4818 209 4843 ιι
228 4792 359 4872 ἐσχήκατε
373 4792 488 4873 ὑόρίζειν
498 4795 545 4855 καλ
559 4807 659 4880 τρυφᾶν
671 4797 715 4858 διδ
726 4800 785 4869 τούς
798 4812 915 4882 συνεχεῖς
926 4805 972 4864 καὶ

197 4904 210 4929 ιι
228 4877 343 4959 μακρούς
356 4881 495 4957 πολέμους·
509 4885 570 4964 περὶ
584 4884 614 4945 δέ
634 4888 686 4946 τῶν
711 4893 768 4965 μεθ’
789 4892 857 4968 ὑμᾶς
876 4894 971 4971 ἐσομέ-

170 5000 174 5019 ι
198 4991 210 5016 ιι
230 4988 297 5037 νων,
325 4966 514 5046 ἐνθυμούμενος
545 4971 608 5041 ύσας
638 4977 652 5033 δ
679 4975 780 5056 μακρδς
804 4978 869 5040 αἰὼν
901 4982 973 5061 φέρει

197 5077 212 5101 ιι
228 5050 376 5126 μεταύολδις
397 5054 519 5130 δέδοικα,
534 5059 572 5134 μή
586 5085 613 5120 τι
630 5064 860 5141 παρακινήσαντες
883 5070 907 5127 οῖ
928 5070 973 5128 δυ·

197 5166 210 5191 ιι
226 5137 299 5196 νατολ
314 5141 337 5195 el
352 5141 382 5196 tx
397 5147 442 5201 τοῦ
458 5145 605 5226 συνεδρίου,
627 5151 742 5211 λάθωσιν
764 5155 799 5220 εἰς
821 5155 969 5236 μοναρχίαν

224 5229 256 5289 τδ
266 5225 413 5302 πολίτευμα
426 5235 633 5313 περιστήσαντες
641 5238 808 5313 τυραννικήν.

1037 739 1050 765 ιι
1066 721 1139 787 quit)
1161 722 1344 787 perturbantur,
1366 723 1536 774 existimantes
1562 736 1665 783 pravam
1682 730 1814 776 consuetu·

1038 829 1050 853 ι
1066 810 1148 861 dinem
1164 809 1191 858 in
1211 809 1386 873 rempublicam
1404 810 1503 871 induci,
1521 809 1544 858 si
1557 810 1621 871 plebi
1642 810 1813 874 permiseritis,

1037 913 1050 939 ιι
1065 897 1094 946 ut
1104 892 1225 956 sutfragia
1238 896 1323 943 contra
1336 892 1452 957 patricios
1470 892 1549 951 ierat3
1563 898 1589 944 et
1608 893 1760 944 tribunitiam
1772 908 1817 964 pn

1066 984 1196 1041 testatem,
1212 979 1233 1029 si
1246 979 1284 1029 vis
1294 979 1347 1030 cius
1359 993 1447 1044 megae
1461 981 1494 1030 sit
1507 1020 1513 1042 ‚
1526 980 1587 1031 nihil
1603 981 1659 1032 boui
1675 981 1817 1044 reipublice

1037 1090 1050 1115 ιι
1063 1069 1192 1121 allntmam
1207 1066 1374 1129 arbitrantur3
1397 1068 1477 1117 sciant
1498 1068 1544 1127 illi,
1565 1082 1593 1119 se
1612 1068 1725 1132 opinione
1749 1068 1818 1128 lallr,

1037 1180 1049 1204 ι
1062 1172 1139 1224 seque
1165 1159 1265 1215 contra,
1291 1167 1365 1218 quam
1386 1154 1514 1215 convenit,
1541 1155 1668 1220 suspicari.
1713 1158 1819 1208 Namsi

1065 1237 1201 1303 quidquam
1218 1233 1286 1286 aliud
1303 1234 1413 1284 conterre
1434 1235 1525 1300 poterit
1542 1233 1574 1285 ed
1589 1234 1664 1305 huius
1676 1236 1819 1301 reipublicae

1036 1348 1049 1372 ιι
1067 1328 1181 1390 mutarn,
1197 1329 1272 1391 atque
1283 1321 1316 1374 ad
1328 1322 1468 1374 libertatem
1484 1337 1514 1373 ac
1525 1325 1660 1388 petenham
1674 1326 1729 1375 eius
1745 1328 1818 1376 hren·

1036 1435 1048 1459 ι
1062 1415 1134 1477 dam,
1143 1417 1170 1465 et
1182 1412 1214 1463 ed
1224 1423 1382 1463 communem
1394 1410 1504 1462 omnium
1518 1411 1674 1462 concordiam
1685 1415 1712 1463 et
1721 1413 1817 1464 animo·

1034 1523 1047 1547 ιι
1061 1515 1118 1552 rum
1132 1498 1329 1552 coniunctionem
1352 1498 1379 1548 in
1393 1497 1461 1548 hisce
1483 1497 1557 1547 rebus
1570 1501 1690 1563 perpetuo
1714 1512 1816 1550 conscr-

1034 1610 1047 1635 ι
1062 1589 1183 1650 medam,
1205 1589 1272 1638 certe
1284 1586 1338 1651 ipsa
1352 1583 1421 1651 plebs
1433 1585 1482 1634 huc
1495 1584 1650 1648 potissimum
1669 1586 1816 1651 praestabit,

1033 1701 1045 1724 ι
1060 1681 1082 1731 si
1099 1680 1131 1731 ad
1153 1677 1297 1743 reipublice
1322 1673 1562 1726 administrationem
1580 1679 1693 1725 amnmta
1718 1676 1817 1727 luerit:

1034 1789 1046 1813 ι
1061 1772 1087 1819 et
1111 1768 1133 1819 si
1161 1780 1244 1818 rerum
1277 1763 1515 1816 administrationem
1550 1763 1586 1813 ita
1608 1763 1818 1828 temperavimus,

1032 1883 1044 1905 ι
1060 1865 1089 1913 ut
1106 1875 1151 1913 nec
1167 1874 1242 1927 penes
1264 1871 1341 1908 unum
1364 1868 1410 1906 nee
1433 1865 1508 1919 penes
1530 1851 1597 1903 solos
1618 1850 1753 1915 optimates
1773 1863 1820 1902 nec

1035 1973 1047 1996 ιι
1062 1966 1137 2018 penes
1150 1949 1257 2016 plebeios
1268 1948 1312 2008 sit,
1331 1944 1375 1996 sed
1392 1943 1414 1994 si
1427 1946 1507 1993 status
1525 1954 1558 1992 es
1570 1940 1685 1991 munibus
1700 1940 1733 1989 sit
1751 1938 1815 1989 ruis·

1034 2058 1048 2083 ιι
1061 2041 1117 2100 tus,
1139 2036 1206 2103 quod
1227 2034 1295 2086 nohis
1320 2031 1428 2084 manime
1452 2029 1572 2096 proderit.
1601 2026 1726 2078 Facillime
1748 2040 1816 2077 emm

1032 2147 1045 2170 ι
1061 2138 1217 2190 unaquaque
1230 2124 1320 2174 herum
1345 2120 1486 2186 reipublicae
1503 2120 1654 2180 formarum,
1678 2118 1700 2167 si
1723 2129 1766 2182 per
1786 2128 1814 2167 se

1032 2224 1045 2248 ι
1058 2204 1111 2256 εοΙα
1123 2204 1169 2266 sit,
1182 2201 1215 2254 ad
1229 2202 1385 2253 Insolentiam
1397 2202 1423 2252 et
1440 2199 1545 2250 iniurias
1566 2198 1709 2263 prolabitur.
1731 2193 1781 2247 Sed
1792 2196 1815 2246 si

1033 2314 1046 2338 ιι
1061 2293 1143 2344 omnia
1162 2292 1319 2343 mediocriter
1342 2289 1502 2350 misceantur,
1520 2302 1548 2339 ea
1564 2299 1701 2352 parsque
1714 2297 1813 2349 semper

1033 2403 1046 2429 ι
1061 2397 1127 2434 nora
1139 2384 1248 2435 sectatur
1266 2384 1293 2433 et
1311 2395 1327 2432 a
1346 2383 1464 2431 consueto
1482 2376 1616 2442 disciplina
1632 2375 1813 2438 stringende

1033 2493 1045 2518 ι
1063 2470 1167 2534 recedit,
1184 2471 1216 2521 ab
1228 2471 1318 2531 altera,
1335 2482 1393 2533 que
1409 2466 1474 2532 sapit
1487 2470 1515 2518 et
1536 2467 1675 2517 constanter
1694 2462 1813 2528 pristinas

1034 2578 1047 2603 ιι
1060 2556 1250 2609 consuetudines
1269 2557 1365 2616 serrat,
1393 2554 1531 2605 coercetur.
1576 2554 1639 2602 itam
1665 2551 1739 2601 unius
1764 2548 1815 2599 riri

1032 2668 1045 2690 ιι
1060 2647 1215 2707 damnatus,
1232 2644 1254 2696 si
1274 2642 1349 2694 inerit
1368 2638 1475 2692 crudelis
1497 2639 1655 2701 etinsoleus,
1681 2642 1707 2688 et
1727 2641 1818 2702 tyran·

1033 2755 1046 2779 ιι
1061 2734 1116 2785 nica
1137 2735 1219 2786 studia
1241 2731 1328 2785 sectad
1359 2730 1476 2795 ceperit,
1501 2743 1517 2779 a
1538 2728 1625 2793 paucis
1648 2726 1729 2790 iisque
1746 2724 1817 2776 honis

1033 2845 1045 2868 ιι
1059 2823 1120 2874 viris
1131 2823 1260 2874 evertitur.
1294 2823 1327 2871 st
1350 2831 1487 2883 paucorum
1505 2829 1641 2881 eorumque
1664 2813 1815 2880 optimorum

1033 2933 1045 2956 ιι
1061 2913 1172 2963 virorum
1200 2915 1262 2975 (que
1286 2906 1426 2973 reipublicae
1451 2907 1530 2958 iorrua
1556 2919 1601 2957 ros
1622 2918 1723 2969 quoque
1750 2917 1815 2954 nuuc

1033 3022 1046 3045 ιι
1062 3000 1172 3063 utimini)
1196 3013 1253 3049 cum
1276 2995 1369 3047 divitiis
1391 2999 1417 3045 et
1440 2993 1561 3046 sodalitiis
1586 2994 1668 3044 elatus
1694 2991 1815 3043 iustitiam

1032 3106 1045 3132 ιι
1060 3090 1203 3150 ceterasque
1218 3085 1323 3136 rimatus
1338 3083 1490 3146 contemnit,
1504 3083 1649 3147 aprudenti
1661 3083 1753 3149 populo
1768 3083 1815 3134 tol·

1032 3194 1045 3219 ι
1058 3174 1126 3227 titur.
1148 3174 1256 3238 Poprdus
1273 3185 1345 3233 vero,
1367 3171 1410 3235 qui
1430 3170 1583 3237 aliquamdiu
1603 3171 1715 3224 modeste
1737 3176 1763 3224 et
1781 3175 1816 3224 le·

1033 3281 1046 3305 ιι
1060 3263 1144 3327 gitimc
1155 3261 1181 3310 in
1191 3258 1317 3325 republica
1331 3272 1359 3309 se
1372 3258 1450 3322 gerit,
1464 3273 1524 3311 cum
1538 3274 1554 3309 a
1566 3259 1689 3311 modestia
1700 3260 1814 3311 recedere

1033 3368 1045 3393 ι
1059 3349 1130 3400 etad
1146 3346 1261 3398 iniuriam
1286 3346 1390 3398 transire
1402 3346 1504 3412 incipit,
1526 3347 1559 3398 ab
1574 3350 1744 3412 putentissimo
1759 3351 1815 3402 viru

1032 3458 1045 3485 ιι
1060 3439 1092 3490 ad
1109 3453 1181 3489 suum
1199 3438 1309 3490 officium
1323 3438 1350 3490 ri
1363 3437 1511 3490 retrahitur.
1546 3438 1599 3487 Vos
1613 3439 1711 3499 antem,
1722 3440 1812 3489 Patres

1032 3547 1045 3572 ιι
1058 3528 1208 3592 conscripti,
1222 3540 1253 3577 nc
1273 3528 1356 3592 regius
1367 3526 1508 3577 dominatus
1523 3524 1548 3575 in
1563 3525 1717 3590 tyrannidem
1732 3530 1817 3577 verte-

1033 3634 1046 3659 ιι
1059 3616 1135 3676 retur,
1149 3627 1192 3679 pro
1201 3613 1295 3665 uiribus
1305 3614 1414 3665 remedia
1426 3612 1488 3663 satis
1500 3612 1565 3663 hona
1574 3611 1712 3663 invenistis.
1725 3617 1819 3672 Quam·

1032 3720 1045 3743 ιι
1057 3700 1096 3751 ris
1107 3701 1172 3758 enim
1192 3714 1237 3765 pro
1248 3716 1298 3752 uuo
1315 3702 1378 3752 duos
1399 3699 1526 3761 cremitis,
1539 3711 1615 3762 penes
1636 3712 1701 3763 quos
1719 3714 1818 3751 summa

1032 3804 1143 3841 «rerum
1162 3791 1208 3851 sit,
1230 3803 1365 3854 carumque
1390 3788 1562 3852 magistratum
1582 3800 1631 3836 non
1651 3794 1816 3853 perpetuum,

1033 3899 1045 3922 ιι
1060 3877 1104 3929 sed
1116 3891 1226 3929 aunuum
1246 3893 1300 3930 esse
1316 3877 1452 3937 volueritis,
1470 3874 1630 3926 nihilominus
1650 3879 1734 3927 tamen
1757 3876 1817 3941 ipsis

1032 3964 1190 4016 «addidistis
1211 3968 1336 4017 trecentos
1360 3964 1483 4026 custodes,
1516 3975 1579 4025 quos
1600 3961 1726 4027 elegistis,
1751 3964 1819 4017 viros

1032 4075 1044 4099 ιι
1059 4055 1152 4106 ordinis
1167 4057 1264 4121 patricii
1278 4056 1385 4120 optimos
1399 4055 1426 4104 et
1447 4055 1509 4103 natu
1528 4050 1663 4114 mannos,
1681 4051 1818 4115 exquibus

1032 4163 1045 4187 ι
1058 4144 1112 4208 ipse
1128 4143 1169 4195 hic
1190 4148 1291 4195 senatus
1315 4143 1413 4192 mustei
1429 4156 1436 4188 ι
1454 4137 1525 4189 vobis
1539 4151 1599 4189 vero
1616 4137 1689 4203 ipsis,
1705 4142 1735 4190 ut
1755 4154 1818 4192 eon·

1033 4250 1045 4274 ι
1060 4231 1198 4282 venientem
1220 4244 1250 4281 ac
1266 4229 1397 4280 honestam
1422 4223 1578 4289 disciplinam
1592 4225 1745 4290 servaretis,
1758 4227 1817 4279 hac-

1032 4340 1044 4364 ι
1058 4322 1132 4371 tenus
1149 4318 1240 4369 nuliam
1251 4333 1297 4369 vos
1312 4314 1455 4367 adhibuisse
1473 4312 1630 4375 custodiam,
1645 4320 1756 4380 apparet,
1768 4321 1818 4367 tr.

1032 4431 1045 4455 ι
1059 4423 1108 4473 que
1129 4407 1196 4471 quod
1217 4408 1249 4457 ad
1269 4421 1314 4458 nos
1333 4406 1435 4466 attinet,
1462 4403 1572 4454 nondum
1599 4404 1688 4468 timui,
1714 4420 1816 4471 uepres

1031 4513 1043 4537 ι
1057 4493 1133 4547 nimiu
1166 4497 1282 4550 felicitate
1311 4497 1398 4549 animis
1425 4494 1645 4559 pervertercmini‚
1670 4496 1712 4558 qui
1736 4506 1816 4556 nuper

1031 4582 1236 4647 «rempublicam
1265 4598 1296 4635 er
1324 4584 1441 4636 diuturna
1465 4581 1593 4646 tyrannide
1624 4581 1650 4630 in
1675 4581 1815 4632 libertatem

1030 4686 1042 4712 ιι
1059 4668 1218 4733 vindicastis,
1235 4674 1262 4723 et
1272 4672 1363 4736 quihus
1379 4668 1487 4722 noudum
1505 4681 1549 4732 per
1565 4666 1645 4718 otium
1664 4667 1733 4718 licuit
1746 4667 1816 4719 inso-

1029 4778 1041 4803 ι
1056 4759 1134 4813 lenter
1153 4766 1179 4814 et
1198 4762 1339 4827 petulanter
1355 4760 1456 4819 virere,
1473 4758 1505 4807 oh
1533 4756 1648 4808 eonhnua
1660 4760 1687 4808 ct
1699 4756 1819 4808 diuturna

1029 4862 1042 4887 ιι
1055 4843 1118 4896 helia
1146 4846 1218 4899 :sed
1240 4847 1300 4897 dum
1321 4844 1492 4911 posteritatem
1527 4846 1635 4894 restrum
1668 4842 1818 4906 multatione

1029 4951 1042 4975 ιι
1056 4933 1185 4997 precipio,
1201 4937 1227 4986 et
1240 4936 1345 4998 quarum
1357 4932 1456 4996 longum
1473 4944 1554 4980 aevum
1577 4928 1728 4980 mutationes
1752 4929 1819 4980 alie·

1029 5037 1041 5061 ιι
1058 5023 1114 5080 rat,
1130 5034 1237 5082 vereor,
1252 5034 1283 5071 ne
1303 5019 1403 5070 undem
1423 5016 1572 5082 potentiores
1588 5019 1717 5067 senatores
1739 5016 1817 5067 rebus

1029 5126 1041 5149 ιι
1057 5105 1179 5159 innovatis
1191 5106 1332 5173 reipublice
1345 5107 1448 5156 turmam
1462 5104 1487 5154 in
1499 5104 1572 5154 unius
1587 5102 1633 5153 riri
1655 5102 1818 5165 tyrannicum

1029 5210 1042 5235 ι
1056 5190 1209 5244 dominatum
1225 5192 1318 5243 artibus
1333 5190 1492 5242 clandestinis
1506 5191 1657 5241 convertant.
