4068 5924
253 409 313 469 lta

256 577 268 601 ο
290 549 415 626 μηθέντις
438 541 482 610 σύν
508 551 549 611 ότι
570 552 596 610 ἐν
625 552 700 630 καλῷ
724 549 782 619 τούς
804 552 938 633 ἐχθίστους
965 559 1030 632 ἡμῖν

257 666 269 690 ο
289 637 402 716 ἔχομεν,
417 640 441 696 οί
464 636 511 713 μίν
527 638 647 718 ἄντικρυς
663 640 794 711 ἐπιόντες,
814 643 838 698 οἱ
853 642 880 700 δὲ
901 642 1030 713 κατόπιν,

257 756 269 779 ιι
290 724 340 784 ἔνθ’
367 723 426 785 οὔτε
449 727 541 806 πρόσω
561 727 656 806 χωρεῖν
684 728 737 788 οὔτ’
763 728 850 788 ὀπίσω
869 733 1032 811 ἐπιστρέφειν

256 839 271 870 ο
287 814 437 890 δυνάμενοῑ,
450 819 564 897 ποταμῷ
577 836 606 873 τι
622 817 667 875 καὶ
682 816 737 897 ὄρει
757 820 810 875 τῶν
825 818 944 897 πλαγίων
965 821 1033 878 ἀπο-

213 919 225 955 ι
257 927 272 957 ιι
288 902 445 978 κλειόμενοι,
462 902 546 975 καλὴν
568 905 695 965 δώσουσιν
720 910 784 984 ἡμῖν
811 906 905 980 δίκην,
920 905 961 966 ἴτε
984 906 1031 967 σὺν

255 1015 270 1046 ιι
286 992 371 1071 πολλῇΙ
386 992 581 1072 καταφρονήσει
598 994 639 1053 ἐπ’
656 995 760 1061 αύτούς.
775 1023 787 1047 ν

292 1080 383 1140 XXV.
395 1083 421 1140 Τ
422 1085 488 1140 αῦτα
496 1083 568 1162 παρὰ
578 1083 623 1150 τθις
630 1083 715 1152 τάξεις
723 1084 830 1152 ἀπάσας
842 1084 942 1153 διεξιών
950 1085 1032 1162 ἔλεγε·

251 1168 298 1227 καὶ
314 1168 409 1227 αὐτίκα
423 1168 481 1236 τοὺς
503 1170 551 1248 μέν
568 1171 730 1244 Φιδηναίους
749 1172 805 1239 δέος
819 1170 965 1253 εἰσέρχεται
980 1195 1032 1231 πα-

254 1259 448 1336 λινπροδοσίας,
470 1262 504 1326 a<
525 1260 821 1342 κατεστρατηγημένους
840 1260 892 1321 berb
911 1266 957 1320 τοῦ
970 1261 1033 1322 Ἀλ-

201 1358 225 1395 to
253 1347 354 1421 όανοῶ,
380 1348 436 1408 ἐπεὶ
457 1348 511 1407 οὔτ’
536 1349 810 1428 ἀντιμεταταξάμενον
836 1348 913 1410 αὐτὸν
946 1341 1032 1424 εἶδον,

253 1433 309 1495 οὔτ’
333 1435 376 1495 tri
399 1436 458 1503 τοὺς
477 1435 627 1514 Ῥωμαίους
655 1438 726 1506 εὐθὺς
754 1440 913 1513 ἐλαύνοντα,
943 1438 1033 1518 ὥσπερ

196 1557 206 1578 0
252 1522 378 1603 ἀπέσχετ’
400 1525 499 1591 αὐτοῖς·
523 1526 582 1593 τοὺς
609 1526 635 1585 δὲ
652 1526 800 1603 Ῥωμαίους
827 1530 922 1607 ἐπῆρεν
937 1530 972 1594 είς
986 1529 1032 1586 εύ-

253 1615 362 1689 τολμίαν
385 1613 431 1673 καὶ
454 1614 564 1694 θάρσους
589 1616 731 1689 ἐνέπλησιν
753 1620 767 1675 ό
787 1616 881 1694 λόγος,
902 1617 947 1674 καί
972 1613 1033 1692 μέγ’

252 1702 433 1775 ἐμόοήσαντες
458 1707 573 1781 ὁρμῶσιν
608 1706 653 1763 ἐπί
680 1704 741 1773 τοὺς
765 1706 906 1781 πολεμίους
934 1704 1032 1784 ἀθρόοι.

201 1812 225 1850 ιο
252 1791 345 1871 Τροπὴ
368 1790 395 1849 δέ
416 1792 515 1867 γίνεται
542 1793 609 1866 μετά
635 1797 714 1853 τοῦτο
737 1795 790 1852 τῶν
816 1792 971 1865 Φιδηναίων
988 1793 1033 1851 καί

252 1878 321 1962 φυγὴ
334 1879 398 1958 πρὸς
414 1878 462 1951 τὴν
485 1880 561 1939 πόλιν
584 1880 743 1958 ἀκοσμος,ό
767 1879 795 1940 δέ
817 1883 868 1940 τῶν
890 1880 1033 1958 Ῥωμαίων

254 1968 377 2048 βασιλεὺς
391 1967 532 2047 ἐπιρράξας
547 1969 636 2035 αὐτοῖς
652 1967 699 2041 τὴν
714 1968 796 2029 ἵππον
811 1969 962 2048 περιφόόοις
975 1959 1034 2028 οὖσι

254 2056 299 2116 καί
313 2057 533 2136 τεταραγμένοις,
552 2057 597 2116 καὶ
618 2057 696 2138 μέχρι
717 2058 785 2124 τινὸς
798 2057 900 2129 διώξας,
914 2061 949 2124 ῶς
963 2057 1033 2133 έμα-

255 2153 297 2207 θεν
313 2145 520 2222 ἐσκεδασμένους
544 2146 590 2204 ἀπ’
608 2148 750 2219 ἀλλήλοιν,
774 2146 819 2205 καῖ
833 2143 893 2206 οὔτε
907 2145 1033 2223 λογισμδν

199 2247 226 2287 ²⁰
253 2237 293 2297 ἔτι
307 2239 354 2295 τοῦ
370 2238 497 2306 συστῆναι
512 2236 674 2316 ληψομένους
696 2234 755 2294 ούτε
781 2234 890 2312 δύναμιν
908 2234 1033 2315 ἔχοντας,

254 2321 328 2407 ἀφείς
344 2321 403 2389 τούς
423 2322 565 2401 φεύγοντας
578 2322 621 2381 ἐπὶ
638 2323 669 2381 τὸ
683 2324 841 2396 συνιστηκδς
854 2323 892 2383 ἐτι
915 2324 959 2382 καί
975 2324 1032 2381 δια·

253 2413 330 2489 μένον
342 2415 394 2470 τῶν
409 2410 545 2488 πολεμίοιν
560 2411 654 2493 ἐχώρει
672 2413 759 2492 μέρος.
801 2411 856 2473 Καί
874 2412 973 2491 γίνεται
984 2435 1034 2470 κα-

251 2502 295 2568 λδς
305 2500 353 2576 μέν
365 2503 435 2561 καλό
451 2504 503 2559 τῶν
516 2502 600 2569 πεζῶν
618 2500 706 2577 ἀγὼν,
723 2500 762 2561 έτι
778 2501 805 2559 δέ
823 2500 940 2560 καλλίων
963 2498 1031 2583 [καί]

254 2591 331 2647 ὁτῶν
346 2587 460 2649 ἱππέων.
502 2589 543 2648 Oi
556 2588 607 2669 γὰρ
616 2588 745 2648 ἐνέκλινον
760 2590 785 2648 oi
797 2588 860 2667 τῇδε
873 2588 1031 2664 τεταγμένοι

198 2688 225 2727 ²³
253 2674 408 2738 Οὖίιντανολ
430 2676 477 2746 τλν
493 2675 583 2756 ἐφοδον
613 2676 686 2755 [ὑπὸ]
711 2680 758 2747 τῆς
780 2674 937 2753 Ῥωμαϊκῆς
950 2674 1034 2734 ἵππου

254 2763 487 2839 καταπλαγέντες,
512 2764 573 2824 ἀλλ’
596 2768 718 2845 ἀντεῖχον
738 2766 801 2845 ἄχρι
828 2768 937 2827 πολλοῦ.
979 2762 1035 2825 Ἕν

253 2879 331 2915 πειτα
356 2854 482 2931 μαθόντες
498 2853 538 2913 ότι
551 2853 581 2913 τδ
599 2855 731 2932 εὐώνυμον
756 2856 829 2932 σφῶν
845 2853 970 2927 ἥττηται,
986 2855 1031 2913 καὶ

254 2946 356 3015 πάσ’ἡ
382 2944 537 3014 Φιδηναίων
560 2967 588 3002 τε
619 2945 666 3004 καί
689 2948 741 3003 τῶν
767 2943 854 3003 ἄλλοιν
882 2943 1033 3022 συμμάχων

253 3031 364 3113 στρατιά
387 3032 475 3111 φεύγει
488 3031 691 3112 προτροπάδην,
717 3032 851 3098 δείσαντες
873 3033 911 3110 μὴ
929 3036 1033 3091 κυκλω-

198 3131 225 3171 ³0
255 3122 334 3179 θῶσιν
353 3121 404 3178 ὑπὸ
417 3123 468 3178 τῶν
491 3119 709 3198 ἀναστραφέντων
728 3121 757 3178 ἐκ
771 3124 818 3179 τοῦ
841 3119 958 3197 διωγμοῦ
973 3118 1034 3198 τρέ-

254 3231 349 3267 πονται
370 3207 415 3266 καῖ
442 3207 516 3268 atrei
538 3208 665 3275 λύσαντες
678 3207 725 3275 τάς
739 3206 836 3283 τέξεις,
859 3208 904 3265 καὶ
929 3208 973 3268 διδ
988 3214 1034 3268 τοῦ

253 3301 374 3373 ποταμοῦ
396 3296 487 3366 σώζειν
511 3293 618 3364 ἑαυτοὺς
639 3298 792 3376 ἐπειρῶντο.
832 3290 912 3355 Ὅσοι
926 3294 974 3371 μέν
990 3286 1034 3354 σ’ἀν

253 3384 477 3468 ἐρρωμενέστατοί
489 3387 512 3443 τ’
530 3387 616 3444 αὐτῶν
631 3375 700 3456 ἦσαν
726 3385 772 3445 καὶ
783 3383 874 3456 ἥκισθ’
888 3381 939 3442 ίνπδ
953 3407 1034 3464 τραυ-

253 3476 344 3545 μοίτων
361 3473 533 3552 βαρυνόμενοι
560 3483 613 3533 νεῖν
638 3473 662 3532 τ’
676 3476 725 3532 οὐκ
746 3473 886 3544 ἀδύνατοι,
903 3472 965 3553 δίχα
980 3478 1032 3533 τῶν

197 3579 223 3617 ao
252 3561 340 3622 όπλων
366 3561 396 3619 τὸ
418 3562 516 3642 ῥεῖθρον
533 3564 743 3643 διεπεραιοῦντο·
762 3563 818 3623 ὅσοι
834 3562 861 3620 δὲ
875 3560 973 3621 τούτων
988 3586 1032 3623 τι·

255 3655 297 3717 nire
313 3650 441 3721 ἐνελιπον,
458 3651 485 3707 ἐν
500 3658 557 3716 ταῖς
572 3649 653 3714 δίναις
668 3649 850 3716 ἀπέθνησκον·
865 3648 909 3718 tib
925 3650 976 3732 γάρ
986 3657 1033 3710 rot

251 3738 375 3819 Τεόέριος
387 3739 433 3796 καὶ
447 3736 551 3796 σκολιὸν
569 3737 630 3818 περὶ
644 3743 677 3818 τῇ
692 3737 800 3818 Φιδήνη
814 3738 844 3797 rb
860 3742 955 3819 ῥεῦμα.
998 3739 1034 3801 ‘0

252 3828 279 3888 δὲ
294 3830 395 3895 Τύλλος
419 3825 500 3908 μοίρφι
516 3825 568 3885 τινί
582 3829 633 3884 τῶν
648 3827 752 3886 ἱππέων
765 3827 891 3894 κελεύσας
906 3826 966 3894 τοὺς
988 3827 1032 3888 ἐπί

251 3915 294 3973 τὸν
309 3913 430 3992 ποταμδν
445 3913 607 3989 ὠθουμένους
621 3915 750 3989 κτείνειν,
765 3916 842 3981 αὐτὸς
857 3914 901 3974 ἐπί
913 3917 944 3974 τὸ
955 3938 1034 3994 στρα·

253 4005 360 4062 τόπεδον
381 4001 674 4074 adsodianensis
693 4003 776 4072 ἀλλην
792 4002 987 4081 direptionique
1004 4001 1031 4073 ἐξ

252 4091 344 4170 ἐφόδου
370 4091 469 4170 γίνεται
496 4092 583 4168 κύριος
610 4093 701 4152 αὐτοῦ.
755 4091 809 4151 list
823 4089 857 4150 τδι
886 4090 934 4167 μὲν
958 4089 1031 4150 Ῥοι-

252 4183 338 4254 μαίοιν
363 4179 509 4257 πράγματα
534 4179 682 4259 παραδόξου
710 4180 825 4261 τυχόντα
843 4179 975 4260 σωτηρίας
1002 4182 1030 4239 ἐν

251 4266 351 4333 τούτοις
371 4258 415 4339 ἦν,

291 4356 396 4421 XXVI.
420 4353 454 4415 Ὁ
468 4357 490 4414 δ’
498 4352 622 4425 Ἀλόανδς
634 4357 725 4428 ἐπειδὴ
740 4360 870 4435 λαμπρῶς
879 4356 930 4429 ἤδη
942 4360 1033 4417 νικῶν·

250 4468 298 4512 τας
309 4441 502 4510 ἐθιάσατοτσθς
515 4443 583 4524 ἀμφὶ
597 4444 640 4503 τὸν
655 4447 772 4518 Τύλλον,
788 4443 972 4511 καταόιόοίσας
985 4445 1031 4504 ιιαί

250 4536 327 4603 αὐτὸς
342 4531 394 4592 ἀπὸ
408 4535 459 4591 τῶν
476 4534 583 4613 ίνψηλῶν
597 4533 644 4603 τὴν
654 4533 753 4593 οἰκείαν
768 4532 890 4610 δύναμιν,
905 4533 950 4590 ἐπὶ
973 4531 1031 4598 τοὺς

251 4622 394 4703 φεύγοντας
404 4625 456 4680 τῶν
471 4620 627 4693 Φιδηναίων
649 4621 761 4702 ἐχώριι,
785 4619 829 4679 ἵνα
847 4621 879 4691 δὴ
893 4627 946 4686 τοῖς
959 4618 1030 4679 Ῥοι-

251 4710 338 4786 μαέοις
356 4710 457 4791 γένοιτο
472 4719 539 4769 πᾶσι
555 4709 663 4791 ρανερδς
685 4710 760 4790 ίργον
773 4735 800 4770 τι
814 4711 898 4768 ποιῶν
919 4707 1030 4784 συμμά-

251 4822 317 4877 χου,
343 4799 390 4859 καί
415 4798 528 4880 συχνούς
552 4803 605 4859 τῶν
621 4799 847 4878 διεσκεδασμένων
868 4801 895 4858 ἐν
913 4800 946 4874 τῇ
961 4801 1030 4876 φυγῇ

250 4886 389 4968 διέφθειρε.
433 4889 525 4957 Συνελς
542 4889 570 4950 δέ
586 4890 634 4962 τὴν
649 4890 764 4949 διάνοιαν
790 4892 869 4947 αὐτοῦ
884 4886 929 4946 καὶ
945 4884 1027 4960 μισή-

254 4999 303 5042 σας
317 4980 365 5045 stu
379 4977 604 5057 παλινπροδοσίαν
623 4983 638 5038 b
660 4978 772 5052 Τύλλος,
788 4975 861 5035 οὐδέν
885 4973 1029 5055 ἐξελέγχειν

250 5061 318 5143 ᾤετο
333 5064 386 5121 δεῖν
404 5064 473 5125 κατὰ
489 5067 520 5125 τδ
534 5067 637 5145 παρὀν,
652 5066 701 5133 ἕως
724 5065 755 5124 ἀν
778 5067 821 5146 ὑφ’
837 5068 924 5145 ἐαυτῷ
946 5062 1028 5134 ποιή-

250 5175 330 5224 σηται
342 5150 385 5212 τθν
401 5154 504 5232 ἀνδρα,
521 5156 580 5214 ἀλλ’
604 5158 718 5215 ἐπαινεῖν
743 5179 771 5213 τε
793 5153 841 5226 τὴν
863 5151 1030 5233 ἀναχώρησιν

249 5243 330 5305 αὐτοῦ
352 5239 401 5314 τὴν
416 5241 459 5301 ἐπί
477 5242 510 5304 τδ
525 5244 645 5324 μετέωρα
670 5242 735 5324 πρδς
753 5242 864 5309 πολλοὺς
889 5245 940 5301 τῶν
962 5258 1031 5316 περ·

745 413 940 476 ,ΒΙΟΝΥὸίῙ
962 415 1340 489 lltllliattltusstius'ls

1090 558 1207 613 «denter
1235 565 1310 628 igitur
1342 567 1427 621 hostes
1459 572 1530 624 nohis
1559 575 1736 629 infensissimos
1759 580 1782 631 iu
1817 586 1869 632 tarr

1088 679 1255 737 «opportuno
1283 678 1338 729 loeo
1363 682 1511 746 interceptos
1531 698 1547 734 a
1570 684 1642 737 nobis
1667 689 1760 752 teneri,
1784 690 1826 743 alii
1853 706 1870 744 a

1089 805 1102 831 κ
1120 788 1200 840 tronte
1224 791 1266 842 alii
1291 807 1307 844 a
1332 797 1402 860 tergo
1420 796 1579 862 invadentes,
1604 799 1647 852 utri
1666 815 1748 866 neque
1764 804 1869 858 ulterior

1088 918 1102 943 ι
1117 902 1231 965 progredi
1244 917 1323 968 neque
1338 910 1405 958 retro
1430 909 1518 960 cedere
1533 915 1637 975 possiunt
1656 914 1733 966 tiuvio
1745 920 1770 968 et
1783 923 1870 971 monte

1088 1033 1100 1057 ο
1116 1015 1220 1068 alatere
1230 1018 1367 1081 interclusi,
1382 1020 1504 1085 intrepide
1516 1023 1636 1088 impetum
1646 1024 1748 1091 inipsos
1758 1029 1839 1083 tacite.
1853 1054 1868 1079 ν

1118 1123 1192 1173 xliv.
1210 1127 1272 1176 ilaec
1296 1126 1396 1177 ordines
1420 1142 1567 1193 percurrens
1582 1130 1680 1183 dicebat
1706 1138 1761 1186 :et
1783 1138 1868 1192 statim

1087 1215 1218 1267 Fidenates
1240 1224 1322 1270 metus
1345 1219 1492 1284 proditionis
1511 1224 1601 1286 suliiit,
1626 1227 1699 1289 qnasi
1718 1228 1750 1279 ab
1773 1230 1875 1289 Albano

1088 1305 1200 1372 decepti,
1222 1311 1280 1372 quia
1301 1323 1383 1373 neque
1398 1325 1457 1361 euru
1481 1317 1566 1363 ruulra
1592 1314 1714 1365 Romanos
1740 1331 1799 1368 cnm
1817 1322 1872 1379 suis

1088 1399 1247 1463 instructum,
1271 1415 1351 1467 neque
1375 1404 1400 1453 iu
1421 1405 1490 1467 illos,
1506 1410 1535 1455 ut
1556 1406 1680 1471 pollicitus
1700 1409 1796 1472 firmat,
1818 1411 1866 1463 im-

1087 1497 1171 1557 petum
1191 1495 1275 1546 εῐιιίιιι
1295 1497 1375 1549 lacere
1394 1497 1519 1549 ridebunt.
1554 1504 1586 1550 ut
1608 1499 1650 1550 ilia
1672 1501 1752 1552 oratio
1773 1503 1866 1553 Roma·

1088 1601 1176 1639 norum
1205 1588 1301 1639 animos
1337 1591 1457 1642 excitavit
1489 1591 1522 1642 ad
1545 1591 1690 1653 andedum,
1716 1597 1743 1644 et
1767 1593 1869 1646 tidueiao

1087 1681 1174 1747 plenos
1198 1681 1307 1732 reddidit
1324 1700 1331 1731 ι
1353 1696 1431 1747 quare
1451 1697 1540 1748 magno
1560 1685 1667 1737 clamore
1688 1686 1787 1737 subulo
1805 1700 1869 1738 coo·

1089 1775 1146 1827 terti
1167 1776 1332 1827 incursionem
1353 1777 1379 1826 in
1399 1776 1484 1828 hostes
1504 1776 1623 1829 iecerunt.
1656 1778 1721 1829 ilinc
1736 1777 1869 1830 Fidenates

1089 1870 1115 1920 in
1129 1869 1212 1935 lugam
1225 1869 1308 1930 uersi,
1323 1874 1350 1920 et
1360 1867 1434 1919 uirilis
1449 1870 1554 1921 serratis
1567 1870 1696 1922 ordinibus
1706 1870 1794 1923 urbem
1808 1872 1870 1938 liuga
1897 1872 1900 1875 ’

1088 1962 1221 2028 petierunt.
1269 1965 1301 2012 At
1317 1964 1482 2012 Romanorum
1509 1976 1553 2013 ren
1578 1962 1690 2018 imnum
1710 1963 1826 2029 equitata
1841 1964 1869 2015 in

1089 2051 1190 2102 territos
1205 2054 1231 2101 et
1244 2051 1415 2116 perturbatos,
1429 2066 1486 2103 cum
1500 2052 1652 2116 aliquamdiu
1663 2067 1706 2106 eos
1721 2057 1869 2120 persecutus

1088 2148 1168 2199 esset,
1189 2148 1319 2207 postquam
1346 2146 1381 2194 ita
1409 2144 1542 2208 dissipatos
1571 2144 1648 2207 uidit,
1676 2148 1704 2196 ut
1735 2160 1783 2196 uon
1809 2158 1869 2196 om-

1088 2233 1152 2295 plius
1166 2233 1197 2283 de
1215 2234 1382 2285 instaurandis
1402 2234 1530 2285 ordinibus
1556 2236 1663 2299 mpure
1687 2240 1795 2301 possent,
1820 2249 1869 2286 ne·

1087 2338 1136 2400 que
1157 2324 1222 2376 tritas
1242 2325 1308 2377 uires
1336 2326 1468 2387 baberent,
1486 2327 1586 2378 omissis
1610 2328 1640 2379 iis
1665 2328 1708 2392 qni
1729 2326 1869 2390 turpatam,

1089 2416 1114 2465 in
1126 2416 1247 2480 reliquam
1261 2417 1369 2468 hostium
1382 2422 1478 2481 partem
1491 2418 1566 2468 etiam
1580 2422 1633 2468 tum
1651 2417 1751 2467 ordines
1760 2417 1868 2483 integros

1088 2513 1228 2560 seruantem
1245 2513 1271 2561 et
1289 2510 1438 2561 adversariis
1459 2511 1615 2562 resistentem
1641 2511 1695 2561 init.
1741 2509 1777 2560 ltri
1802 2509 1871 2559 inter

1088 2601 1184 2666 pedites
1199 2615 1256 2654 acre
1267 2606 1389 2654 certamen
1400 2608 1440 2654 est
1453 2603 1612 2654 commissum
1624 2602 1685 2654 :sed
1701 2602 1772 2665 louge
1785 2600 1870 2652 acrius

1089 2700 1154 2751 inter
1174 2700 1280 2764 equites.
1313 2701 1365 2749 llon
1387 2699 1452 2750 enim
1477 2699 1606 2760 Veientes,
1630 2698 1675 2761 qui
1697 2697 1723 2747 in
1746 2711 1776 2747 ea
1799 2698 1869 2760 purte

1088 2790 1201 2842 collocati
1219 2794 1300 2853 eraut,
1322 2792 1416 2855 impetu
1443 2790 1546 2840 ilumaul
1564 2790 1689 2853 equitatus
1710 2788 1792 2839 territi
1814 2801 1868 2838 ees-

1088 2887 1188 2944 seruut‚
1203 2884 1248 2934 sed
1259 2884 1303 2934 diu
1318 2884 1473 2935 restiterunt.
1507 2887 1539 2933 nt
1550 2885 1684 2949 postquam
1699 2886 1870 2947 cognoverunt

1088 2977 1215 3028 sinistrum
1230 2992 1308 3029 cornu
1327 2981 1480 3042 superatum,
1493 2980 1612 3051 ettotam
1631 2975 1779 3026 fidenatem
1790 2978 1814 3025 et
1826 2988 1867 3025 re·

1087 3067 1213 3132 liquorum
1224 3069 1348 3120 sociorum
1361 3069 1497 3120 exercitum
1516 3069 1594 3120 etiosa
1620 3072 1676 3135 luga
1685 3069 1780 3134 lugere,
1792 3067 1866 3119 veriu'

1088 3176 1119 3213 ne
1151 3163 1396 3227 circumvenirentur,
1427 3164 1553 3215 conuersis
1580 3163 1605 3214 in
1631 3177 1659 3215 re
1677 3164 1722 3227 qui
1749 3163 1805 3213 illos
1824 3166 1868 3214 tia·

1088 3262 1221 3322 garerant,
1237 3261 1263 3307 et
1282 3257 1330 3322 ipsi
1352 3257 1442 3309 solutis
1455 3258 1581 3309 ordinibus
1604 3258 1630 3308 in
1651 3258 1732 3322 lugam
1746 3272 1774 3307 se
1788 3256 1866 3307 dede·

1087 3354 1159 3415 runt,
1184 3354 1210 3403 et
1230 3365 1275 3416 per
1295 3353 1386 3403 llumen
1407 3352 1513 3402 eradere
1534 3352 1695 3404 conabantur.
1737 3354 1867 3415 Quotquot

1088 3444 1207 3510 igiturex
1220 3445 1268 3497 illis
1286 3446 1439 3498 robustiores
1450 3449 1537 3509 eram,
1557 3449 1582 3497 et
1601 3444 1744 3496 vulneribus
1764 3445 1867 3496 minime

1088 3538 1261 3603 gravabantur,
1277 3544 1302 3591 et
1311 3544 1396 3590 uetare
1409 3541 1536 3603 poterant,
1549 3536 1627 3588 amuis
1646 3537 1750 3589 abiectu
1762 3536 1866 3588 durium

1089 3633 1218 3685 trouhout
1238 3651 1245 3682 ι
1259 3635 1285 3683 at
1296 3646 1359 3696 quos
1372 3632 1462 3682 horum
1480 3630 1574 3695 aliquid
1596 3630 1735 3694 defluebat,
1747 3630 1776 3685 in
1788 3629 1865 3680 verti·

1088 3727 1161 3778 cibus
1179 3726 1300 3792 peribant.
1334 3725 1432 3776 Tiberis
1452 3725 1517 3776 eninr
1531 3723 1670 3775 concitatus
1684 3728 1710 3774 et
1725 3721 1865 3774 radicosus

1088 3818 1341 3870 circaFideuasttuit.
1377 3819 1493 3869 Ceterum
1503 3816 1589 3868 Tullius
1599 3815 1710 3866 immissa
1719 3816 1790 3879 parte
1798 3814 1868 3878 equi·

1088 3916 1157 3965 tum.
1182 3912 1226 3977 qui
1242 3912 1328 3963 bostes
1349 3911 1381 3962 ad
1406 3911 1511 3961 tlurium
1536 3909 1677 3974 compulsos
1698 3906 1865 3970 trucidarent,

1086 4007 1140 4074 lpse
1162 4005 1194 4057 ad
1224 4006 1385 4072 oppugrurnda
1404 4004 1544 4057 Veientium
1576 4006 1656 4054 castra
1681 4014 1737 4053 curu
1768 4000 1868 4064 reliquo

1087 4095 1199 4147 exercitu
1209 4096 1344 4158 proiectus,
1360 4094 1443 4159 pnmo
1456 4094 1553 4157 impetu
1568 4091 1618 4142 illis
1634 4094 1670 4141 ost
1685 4088 1787 4154 potitus.
1821 4091 1866 4138 tt-

1085 4197 1186 4248 queres
1199 4185 1324 4244 Romanas,
1336 4181 1561 4246 quibusinsperata
1580 4179 1647 4229 salus
1660 4175 1771 4241 conligit,
1783 4176 1819 4227 ita
1836 4190 1866 4228 sc

1085 4275 1219 4330 habebant.

1116 4373 1204 4426 xliiii.
1221 4370 1329 4422 Albanus
1335 4385 1403 4433 uero,
1411 4384 1468 4421 curn
1476 4368 1705 4433 uidissetegrmiam
1711 4365 1777 4416 Tulli
1789 4364 1866 4415 rictar-

1086 4474 1148 4524 riam
1156 4508 1164 4534 ,
1178 4470 1232 4534 ipse
1257 4482 1357 4533 quoque
1370 4468 1423 4519 suis
1438 4467 1516 4533 copiis
1537 4479 1569 4517 ex
1583 4465 1644 4515 locis
1656 4464 1730 4515 olitis
1750 4459 1867 4512 deductis

1086 4566 1217 4618 Fidenates
1235 4565 1356 4628 fugientes
1370 4565 1515 4629 persecutus
1526 4563 1582 4621 est,
1602 4562 1630 4609 ut
1645 4558 1760 4609 omnibus
1771 4557 1865 4605 Rorna-

1084 4662 1243 4726 uisnliquam
1265 4657 1327 4709 socii
1342 4669 1443 4721 operam
1462 4656 1580 4719 praestare
1595 4650 1738 4710 rideretur,
1757 4645 1864 4696 mutilos·

1084 4774 1134 4828 que
1158 4758 1183 4808 in
1210 4756 1268 4819 tuga
1290 4751 1413 4816 dispersos
1426 4747 1555 4812 oppressit.
1589 4747 1622 4795 at
1642 4742 1746 4803 Tullus,
1768 4737 1867 4801 cognito

1087 4866 1142 4916 eius
1162 4864 1260 4921 mente,
1282 4866 1422 4918 novamque
1441 4849 1505 4902 hane
1527 4848 1690 4914 proditionem
1710 4844 1866 4901 detestatus,

1084 4959 1146 5007 tuuc
1162 4954 1262 5019 quidem
1279 4963 1336 5000 eum
1351 4946 1451 4997 minime
1464 4942 1616 5008 arguendum
1626 4952 1678 4989 esse
1692 4936 1800 4992 censuit,
1819 4931 1866 4982 do·

1085 5064 1132 5102 nee
1155 5053 1237 5115 ipsum
1259 5045 1287 5096 in
1308 5055 1379 5096 suam
1401 5042 1546 5105 potestatem
1568 5034 1706 5098 redegisset
1726 5031 1825 5079 :immo
1839 5025 1868 5077 io

1089 5148 1224 5201 mullorum
1242 5142 1387 5212 prasentia,
1402 5137 1469 5202 quod
1484 5136 1525 5187 ille
1539 5148 1566 5185 se
1584 5131 1616 5183 ad
1634 5132 1688 5181 lora
1708 5127 1775 5179 edila
1797 5137 1867 5176 rece-

1086 5243 1178 5311 pisset,
1195 5239 1267 5305 quusi
1289 5236 1314 5289 id
1337 5235 1429 5299 optiruo
1441 5228 1542 5282 consitio
1563 5225 1595 5276 ab
1608 5237 1638 5274 eo
1662 5223 1755 5272 taetrum
1772 5217 1862 5269 luisset
