4070 5926
669 381 962 455 ANTIQUITATUM
983 380 1131 444 ROMAN.
1156 383 1224 444 liu.
1249 385 1303 445 IX.

166 541 178 568 ιι
193 511 336 579 ύπεύθυνύς
345 513 401 587 είμι
416 514 494 589 ὑμῖν,
509 513 532 571 εί
546 510 584 587 μὴ
600 510 630 571 τὸ
644 520 718 570 νικᾶν
732 510 792 580 τοὺς
803 515 945 592 πολεμίους

166 632 179 657 ιι
196 602 267 662 έστῖν
287 605 355 679 ὑμᾶς
370 602 479 663 ἀδικεῖν.
498 602 530 660 Et
545 600 567 660 δ’
580 603 720 661 ἀποθανεῖν
734 625 788 663 τισι
801 606 855 662 τῶν
866 628 947 684 στρα·

167 720 180 747 ιι
194 695 297 751 τιωτῶν
320 688 390 749 κατὰ
414 688 462 763 τήν
484 688 576 769 μάχην
600 690 720 769 εὐψύχως
745 693 946 767 ἀγωνιζομένοις

165 808 178 835 ιι
194 780 342 853 συνέπεσε,
356 779 383 838 τί
399 776 550 861 Σερουΐλιος
567 777 611 837 τὸν
628 780 711 856 δῆμον
727 782 829 853 ἀδικεῖς
848 785 878 841 ού
893 782 945 863 γάρ

166 896 178 924 ιι
194 869 227 941 δή
247 872 313 928 θεῶν
330 891 369 936 τις
391 866 521 946 ίγγυητής
541 869 595 933 τοῖς
620 873 776 947 στρατηγοῖς
798 873 845 941 τῆς
860 869 946 929 ἀπάν-

168 986 180 1012 ιι
194 981 248 1017 των
264 960 352 1038 ψυχῆς
372 959 424 1014 τῶν
439 952 643 1032 ἀγωνιουμένων
672 955 788 1034 γίνεται,
816 957 872 1019 οὐδ’
900 958 945 1017 tul

168 1074 180 1098 ιι
196 1044 369 1123 διακειμένοις
383 1045 428 1105 καί
444 1047 532 1125 ῥητοῖς
544 1041 593 1112 τάς
606 1043 747 1123 ἡγεμονίας
760 1045 945 1125 παραλαμύά-

1721 388 1780 447 alr

1005 543 1017 566 ι
1035 522 1183 575 ductabant.
1198 526 1278 589 cujus
1293 525 1371 589 igitur
1384 523 1497 574 crinuuis
1508 536 1568 574 reus
1580 527 1658 575 sumt
1671 526 1791 577 nisifnrte

1003 631 1016 656 ι
1028 612 1114 663 hostes
1127 613 1227 664 vincere
1238 613 1264 664 iu
1283 627 1328 664 vos
1346 612 1491 678 delinquere
1506 616 1555 663 est.
1566 613 1639 673 Quod
1656 615 1679 664 si
1692 615 1784 680 ntiqui-

1003 723 1015 747 ιι
1030 704 1078 755 bus
1090 704 1212 755 militibus
1224 705 1316 755 acriter
1329 705 1355 755 iu
1368 718 1451 768 pugna
1459 703 1637 754 dimicantibus
1647 705 1712 755 mori
1724 720 1784 756 eou-

1002 808 1016 837 ι
1030 792 1095 857 tigit,
1107 806 1217 859 quanm
1229 793 1254 842 iu
1263 792 1422 843 reservilius
1438 790 1617 856 rempublicam
1633 789 1726 842 laedit'l
1739 808 1785 843 noc

1003 899 1016 924 ι
1031 881 1098 931 euim
1118 881 1196 932 duces
1215 881 1292 932 deum
1311 880 1422 946 aliquem
1444 893 1589 944 sponsorem
1606 879 1701 931 habent
1725 880 1784 931 rita

1003 991 1015 1015 ι
1028 971 1141 1021 omnium
1160 984 1259 1029 eorum.
1276 970 1322 1034 qui
1341 973 1400 1020 suut
1416 969 1559 1034 pugnaturi,
1577 982 1623 1020 nec
1637 969 1712 1020 certis
1725 983 1783 1019 con·

1004 1077 1015 1102 ι
1031 1058 1169 1109 ditionibus
1181 1058 1317 1123 verbisque
1329 1059 1455 1123 conceptis
1471 1058 1575 1122 imperia
1586 1058 1739 1122 accipimus,
1755 1061 1784 1107 nt

168 1162 181 1187 ιι
195 1157 288 1212 νομεν,
307 1132 370 1194 ὥσθ’
393 1134 516 1192 ἁπάντων
531 1136 664 1212 κρατῆσαι
678 1137 731 1193 τῶν
746 1134 880 1212 πολεμίων
900 1135 945 1195 καῖ
1003 1166 1016 1190 ι
1027 1160 1114 1197 omnes
1130 1147 1215 1197 hostes
1230 1147 1391 1197 devincamus
1402 1150 1428 1198 et
1447 1146 1528 1196 nullos
1546 1147 1578 1197 de
1598 1146 1691 1196 nostris
1709 1146 1785 1196 amit-

167 1248 181 1275 ιι
196 1221 296 1291 μηδένα
316 1224 369 1281 τῶν
383 1220 458 1280 ἰδίων
476 1219 632 1282 ἀποὸαλῑῖνι
675 1218 725 1287 Τίς
747 1219 800 1301 γὰρ
824 1220 857 1280 ἀν
883 1224 947 1281 ὓπο-
1003 1254 1016 1279 ι
1030 1237 1121 1285 tamus.
1155 1235 1219 1294 Quis
1240 1234 1307 1284 enim
1328 1234 1473 1285 mortalium
1492 1247 1578 1284 omues
1597 1237 1650 1284 tam
1669 1234 1781 1289 consilii.

117 1327 142 1365 ro
170 1334 182 1357 ιι
198 1306 310 1383 μείνειεν
322 1307 459 1383 ἅνθρωπος
470 1303 506 1364 br
517 1304 676 1364 ἅπαντακαῖ
686 1305 720 1362 τὰ
733 1309 780 1374 τῆς
790 1295 952 1379 γνώμηῖκαὶ
1004 1343 1016 1367 ι
1029 1336 1107 1389 quarn
1121 1322 1227 1371 fortunar
1241 1326 1346 1371 eventus
1365 1321 1391 1371 in
1404 1334 1431 1371 se
1441 1322 1524 1385 ipsum
1538 1321 1648 1385 recipere
1665 1320 1786 1371 auderet?

167 1420 180 1445 ι
195 1391 228 1451 i&
243 1398 290 1466 τῆς
301 1389 384 1471 τύχης
404 1395 440 1458 εί(
463 1389 556 1451 ἑαυτὸν
578 1391 739 1465 ἆναδαὸῑῖνὶ
757 1395 826 1454 ἀλλὰ
846 1393 880 1454 τὰ
900 1417 947 1472 μῖ-
1004 1411 1076 1463 osed
1088 1425 1186 1476 semper
1204 1425 1293 1475 magna
1308 1410 1417 1462 facinora
1430 1412 1527 1476 magnis
1538 1411 1646 1460 emimus
1656 1411 1783 1475 periculis.

167 1508 179 1533 ιι
193 1482 262 1559 γάλα
275 1480 339 1561 ἔργα
352 1482 475 1559 μεγάλων
490 1480 532 1539 ἀεῖ
544 1479 672 1539 κινδύνων
685 1480 831 1555 ὠνούμεθα.

206 1570 300 1630 XXX.
324 1596 337 1622 ιι
363 1570 417 1628 Καὶ
439 1573 487 1627 οὐκ
505 1567 671 1642 epotasse«
691 1568 790 1649 πρώτῳ
810 1571 947 1649 πολεμίοις
1034 1583 1134 1632 ΧΧΧ.ιι
1154 1584 1240 1646 Neque
1261 1594 1320 1631 vero
1339 1580 1402 1631 mihi
1423 1581 1570 1645 primocum
1593 1580 1709 1633 hostibus
1730 1595 1786 1632 cou-

125 1712 129 1719 ,
166 1684 180 1710 ιι
195 1657 274 1733 ὁμόσε
289 1658 444 1738 χωρήσαντι
461 1654 558 1728 συνέὸη
573 1660 684 1729 παθεῖν,
698 1655 783 1716 ἀπασι
799 1659 840 1736 δέ,
856 1664 891 1727 ὡς
910 1662 948 1719 εἰ·
1007 1694 1019 1719 ι
1035 1675 1178 1738 gressohoo
1192 1674 1284 1725 accidit
1300 1693 1306 1723 ι
1322 1674 1367 1726 sed
1381 1674 1434 1726 fere
1444 1675 1571 1733 omnibus,
1585 1678 1711 1741 quotquot
1727 1690 1785 1726 cum

112 1753 138 1791 ¹⁵
167 1770 180 1797 ιι
196 1751 272 1821 πεῖν,
292 1743 349 1805 ύσοι
364 1744 453 1824 μάχαι
469 1743 779 1824 παρακαῑνδυνῑυμίνας
799 1745 846 1806 σὺν
866 1748 946 1808 ίλάτ·
1004 1787 1016 1811 ι
1029 1770 1125 1820 miuore
1142 1782 1246 1819 suorum
1261 1782 1338 1819 manu
1353 1783 1412 1819 oum
1432 1768 1526 1833 majore
1542 1768 1652 1819 hostium
1673 1769 1784 1820 exercitu

167 1860 181 1885 “
195 1855 254 1939 ¹2⁶⁸
276 1833 499 1939 “iiufffiiffmi
523 1831 650 1910 δυνάμεσί
672 1833 738 1914 πθθῖ
756 1833 878 1910 mamb
898 1836 946 1905 τὰς
1004 1882 1016 1905 ιι
1032 1863 1120 1926 prcelia
1132 1862 1288 1912 committere
1304 1863 1359 1913 ausi
1374 1866 1443 1912 suut.
1456 1861 1604 1926 Smpeenirn
1616 1862 1723 1922 accidit,
1738 1867 1783 1925 ut,

166 1946 179 1972 “
196 1943 249 1980 των
270 1923 370 2032 ἐλθέων
384 1923 553 1994 ‘mmm
597 1920 791 2004 ἸΞδίωῖθθῖῖῐθ
808 1922 861 1996 ἤδη
876 1924 944 1994 τινές
1004 1954 1075 2019 «qui
1088 1953 1163 2004 modo
1178 1953 1265 2004 hostes
1279 1953 1503 2018 persequebantur.
1515 1954 1562 2018 ipsi
1575 1968 1633 2004 mox
1651 1953 1783 2018 fugerent:

165 2036 179 2063 “
192 2008 358 2089 ίλίθθθυῖνκαί
371 2010 447 2070 αὐτοὶ
458 2009 572 2090 ‘imi'
597 2010 643 2070 καί
662 2011 819 2072 ἀπέκτεινάν
840 2035 869 2072 ²¹⁸
891 2017 944 2074 τῶν
1004 2062 1017 2088 ιι
1034 2051 1059 2098 et
1074 2047 1120 2113 qui
1133 2046 1228 2098 multos
1247 2047 1280 2097 de
1304 2047 1420 2098 hostibus
1441 2046 1593 2109 occiderunt,
1608 2048 1785 2114 multoplures

166 2124 179 2150 “
194 2097 318 2158 ἐναντίων
332 2094 445 2167 πολλοὺς
466 2097 513 2158 καί
528 2100 669 2159 ἀπώλεσαν
686 2100 725 2160 ἔτι
745 2100 869 2169 πλείονα(
892 2105 944 2161 τῶν
1004 2141 1060 2193 nde
1072 2141 1124 2192 suis
1138 2142 1292 2192 amitterent.
1316 2143 1370 2191 Non
1385 2141 1467 2192 dicam
1482 2142 1561 2200 enim,
1579 2142 1673 2193 multos
1690 2147 1716 2193 et
1730 2158 1786 2193 om·

111 2207 139 2251 ²⁰
166 2214 179 2239 “
193 2187 337 2268 σφετέρων·
351 2185 410 2248 ’EG'
424 2187 476 2267 Υὰρ
489 2186 585 2264 λέίωθ
599 2188 746 2249 &mm
761 2189 944 2271 καὶτὸπαρῶ
1003 2255 1016 2280 ιι
1030 2234 1088 2286 σίου
1106 2234 1290 2298 rictosmagua
1307 2232 1378 2283 clade
1395 2237 1495 2298 accepta
1513 2248 1571 2284 cum
1593 2235 1725 2299 ignominia
1738 2235 1786 2286 do-

166 2301 180 2327 «
193 2298 246 2332 w
260 2276 416 2349 ἡττηθέντες
430 2276 477 2336 σὺν
492 2277 605 2359 “ww
625 2301 653 2337 τ’
668 2279 715 2338 καὶ
735 2278 824 2362 βλᾶὅῃ
840 2281 944 2361 μεγάλῃ
1004 2348 1016 2370 ι
1029 2341 1099 2376 mum
1118 2339 1246 2386 reversos3
1268 2339 1377 2390 quorum
1396 2339 1469 2377 nemo
1490 2339 1574 2391 poeuas
1590 2325 1721 2376 infortunii
1740 2328 1785 2378 de-

166 2389 179 2415 “
195 2364 375 2445 ἀνέστθίθθνι
400 2354 437 2424 ὧ”
458 2366 540 2434 Οὐδείς
562 2369 611 2437 τῆς
633 2365 715 2448 τύχης
738 2367 836 2428 δέδωκε
856 2369 942 2438 δίκας·
1003 2418 1101 2469 «derit.
1116 2416 1372 2481 salisenimestipsa
1388 2415 1784 2481 calamitasuullamquelaudem

166 2452 277 2526 “lxm
297 2452 348 2533 γὰρ
374 2457 392 2526 ἦ
419 2448 561 2534 ww&
583 2453 629 2514 καί
649 2456 680 2516 τὸ
700 2456 813 2535 μηδενὸς
835 2458 942 2566 lma}
1004 2529 1017 2559 ιι
1030 2512 1140 2577 assequi,
1149 2510 1248 2561 etiamsi
1257 2509 1320 2559 nihil
1330 2511 1451 2574 praterea
1460 2508 1571 2567 accedat,
1583 2508 1785 2575 ducibusmagna

167 2551 285 2602 ιιτυ·εῖν
353 2542 433 2602 ὧδέ
479 2544 568 2603 εῖκαῖ
624 2546 667 2603 δν
844 2548 850 2570 '

111 2648 139 2688 ,ὅ
167 2658 181 2685 κ
194 2566 306 2709 madert
320 2541 491 2712 κὶὶῖχαλέπὴ
511 2568 622 2708 iqui?
639 2543 771 2708 ῖοέλὲθὴγ
782 2567 954 2715 ἓξῖῗᾙζῗ
1003 2624 1015 2648 ιι
1031 2608 1057 2654 et
1073 2603 1157 2670 granis
1175 2607 1214 2654 est
1231 2601 1334 2653 mulcta.
1366 2603 1461 2651 Verum
1478 2604 1560 2653 tamon
1582 2604 1679 2652 tantum
1698 2603 1781 2663 abest.

167 2748 180 2774 ιι
196 2720 320 2782 τοσούτου
345 2720 395 2780 δέω
416 2721 518 2802 λέγειν,
539 2723 553 2783 θ
567 2720 664 2789 πάντες
677 2725 702 2781 οῖ
720 2723 823 2804 μέτριοι
839 2723 941 2786 δίκαιον

166 2799 261 2871 «εῖναι
276 2809 418 2892 φήσουσιν,
433 2815 468 2878 ὡς
487 2812 517 2871 οὐ
536 2811 578 2870 δεῖ
591 2833 625 2890 με
643 2809 727 2891 τύχης
752 2812 859 2880 εὐθύνας
879 2813 944 2874 ὑπέ-

149 2972 153 2979 ¹
166 2926 178 2950 ιι
191 2920 262 2977 χειν,
281 2896 346 2957 ὥστ’
358 2901 382 2958 εἰ
395 2900 441 2959 καί
457 2898 550 2975 μηδείς
564 2899 644 2967 ἀλλος
653 2900 753 2962 τοιάνδε
771 2904 862 2981 ἀγῶνα
875 2904 944 2963 ύπέ-

166 3014 179 3041 ιι
195 3010 281 3066 μιινεν
295 2989 438 3061 εἰσελθεῖν,
452 2989 505 3068 ίγὼ
517 2989 595 3064 μύνος
607 2991 638 3049 ού
652 2996 854 3072 παραιτοῦμαι,
874 2993 944 3056 ἀλλά

1004 2716 1016 2741 ι
1032 2700 1060 2746 ιιι
1076 2695 1166 2754 dicam,
1181 2693 1216 2759 (id
1227 2693 1297 2760 quod
1315 2706 1401 2743 omues
1413 2693 1479 2757 aequi
1497 2692 1714 2758 urbrtth'ustum
1729 2708 1783 2747 esse

1004 2811 1016 2834 ιι
1031 2788 1124 2852 dicent)
1133 2802 1174 2839 me
1188 2802 1236 2839 uon
1248 2787 1339 2838 debere
1350 2786 1458 2836 fortuna
1476 2786 1598 2837 rationem
1616 2786 1721 2838 reddere
1739 2792 1781 2849 ut,

1004 2904 1016 2928 ι
1030 2884 1089 2934 licet
1106 2882 1191 2933 nullus
1207 2881 1272 2931 alius
1291 2879 1340 2930 tale
1357 2883 1484 2930 certamen
1498 2879 1584 2931 subire
1599 2894 1677 2931 ausus
1689 2881 1782 2944 fuerit,

1005 2999 1017 3022 ι
1032 2990 1078 3041 ego
1098 2975 1167 3027 solus
1187 2975 1237 3025 hoo
1253 2987 1303 3023 non
1319 2973 1470 3036 detrectem,
1484 2972 1528 3024 sed
1550 2988 1633 3025 meum
1656 2975 1784 3026 fortunam

111 3087 140 3127 ³⁰
167 3102 179 3127 ι
194 3080 325 3156 συγχωρῶ
338 3074 387 3149 τὴν
398 3076 483 3156 τύχην
500 3076 667 3147 ἐξετάζεσθαι
680 3079 729 3152 τήν
744 3078 812 3154 ἀμήν
828 3080 879 3160 ούχ
894 3070 942 3152 ήτ·

167 3190 180 3216 ι
194 3186 238 3225 τον
247 3169 296 3237 τῆς
309 3162 432 3243 γνιύμης,
446 3165 529 3226 έκεῖνο
543 3166 677 3246 προειπών
690 3183 699 3200 ·
712 3166 765 3245 qb
778 3167 827 3235 τὰς
840 3172 942 3248 ἀνθρω·

166 3281 179 3307 ιι
196 3255 275 3322 πίνας
286 3252 393 3333 πράξεις
403 3255 451 3323 τάς
459 3277 489 3314 τε
499 3255 638 3336 δυστυχεῖς
649 3254 695 3315 καλ
706 3257 752 3324 τὰς
764 3258 883 3338 εὐτυχεῖς
898 3258 944 3318 οὐκ

166 3372 179 3397 ιι
194 3345 224 3405 ίκ
234 3348 287 3403 τῶν
298 3342 368 3404 κατὰ
384 3344 461 3424 μίρος
474 3344 558 3425 έργων
570 3349 676 3407 πολλῶν
691 3344 773 3405 ὄντων
786 3346 832 3405 καῖ
850 3347 943 3407 ποικί-

167 3459 180 3484 ιι
194 3435 246 3493 λων
259 3436 313 3513 θρῶ
328 3434 498 3512 κρινομένας,
517 3435 576 3493 ἀλλ’
590 3437 621 3494 έκ
634 3439 680 3494 τοῦ
690 3435 796 3501 τέλους·
817 3437 863 3494 καί
878 3435 941 3495 ὅταν

168 3549 180 3575 ιι
195 3521 245 3599 μέν
256 3526 335 3582 τούτο
343 3523 456 3605 χωρήσῃ
472 3522 541 3583 κατὰ
552 3528 611 3583 νοῖῖν
621 3569 630 3599 ,
642 3524 692 3583 κάν
700 3521 735 3582 τδι
748 3521 847 3601 μεταξύ
856 3523 943 3584 πολλδι

169 3636 182 3663 ιι
196 3609 245 3668 ύτα
281 3609 319 3686 μὴ
341 3613 400 3672 καθ’
420 3612 515 3684 ήδονάς
532 3612 657 3690 γένηται,
674 3610 746 3671 οὐδέν
769 3603 848 3682 ήττον
869 3614 944 3670 ἀπαι-

168 3726 181 3752 ιι
196 3697 325 3777 νουμένας
340 3699 406 3776 ῥύπδ
436 3699 543 3760 πάντων
566 3700 674 3774 ἀκούω,
705 3699 751 3759 καὶ
784 3698 946 3777 ζηλουμένας

168 3816 181 3841 ιι
196 3787 242 3848 καί
259 3787 307 3861 τής
324 3792 424 3867 ἀγαθῆς
439 3788 613 3868 νομιζομένας
632 3790 729 3870 τύχης·
744 3787 807 3848 ὅταν
824 3788 851 3848 δέ
866 3811 947 3861 πονη·

169 3904 181 3931 ιι
197 3875 243 3959 ράς
254 3877 359 3938 λάθωσι
374 3876 515 3951 τελευτθις,
526 3878 572 3939 καῖ
597 3880 642 3941 tls
661 3885 767 3939 ἅπαντα
784 3876 819 3938 τά
834 3878 886 3958 πρὸ
900 3884 947 3939 τοῦ

168 3966 286 4034 «τέλους
308 3969 338 4027 ἐκ
362 3973 409 4028 τοῦ
424 3967 532 4050 ἀρίστου
552 3967 685 4049 γένηται,Ι
699 3971 728 4028 ού
757 3972 791 4048 τῇ
816 3967 948 4050 σπουδαίη

168 4084 181 4108 ι
195 4054 264 4136 τύχη
276 4056 329 4114 τῶν
340 4054 497 4135 πραξάντων
512 4055 721 4134 ἀποδιδομένας,
732 4055 802 4115 ἀλλά
814 4062 847 4134 τῇ
864 4063 945 4139 κακῇ.

169 4148 294 4203 «Τοῦτον
317 4144 350 4217 δή
368 4143 412 4203 τδν
433 4143 531 4205 σκοπδν
553 4145 707 4226 προελύντες
732 4145 834 4213 έαυτοῖς
858 4143 948 4214 lietui-

170 4260 182 4286 ιι
196 4234 252 4301 ζετε
266 4233 312 4293 καί
325 4233 375 4306 τὴν
394 4231 463 4310 ίμλν
481 4233 585 4316 τύχην,
603 4227 622 4315 ᾗ
638 4234 713 4311 παρά
736 4233 797 4303 τοθς
816 4234 948 4312 πολέμους

169 4349 181 4375 ιι
198 4322 343 4404 κέχρημαι,
365 4323 419 4384 Καὶ
437 4328 482 4386 tto
498 4324 546 4404 μίν
570 4325 662 4406 εύρητι
677 4325 826 4404 ἡττημένον
847 4328 877 4404 μ’
897 4326 949 4386 trab

169 4438 182 4464 ιι
195 4414 248 4470 τῶν
268 4413 420 4492 πολεμίων,
443 4414 561 4497 πονηρδν
581 4413 687 4475 καλεῖτέ
703 4438 753 4491 μου
776 4412 826 4487 τήν
846 4414 945 4495 τύχην,

169 4529 182 4554 ιι
197 4500 243 4562 lto
253 4502 282 4563 δέ
292 4504 474 4584 κεκρατηκότα
488 4508 541 4564 τῶν
556 4507 673 4585 ἐχθρῶν,
694 4506 810 4583 ἀγαθήν·
825 4507 886 4582 περὶ
899 4506 947 4582 μέν

170 4617 184 4644 ιι
197 4581 243 4650 ούν
263 4595 311 4663 τῆς
324 4593 407 4673 τύχης
428 4598 477 4653 ούκ
497 4595 617 4672 ἀγνοῶν,
641 4592 682 4653 ὅτι
703 4595 821 4676 ρορτυιοί
852 4590 949 4660 πάντες

170 4706 184 4732 ιι
200 4677 265 4738 εἰσίν
286 4684 311 4741 σί
330 4680 392 4757 περί
412 4684 494 4755 αὐτῆς
510 4683 648 4761 λέγοντες,
662 4681 732 4762 έχων
758 4681 781 4740 δ’
804 4681 843 4740 έτι
866 4680 949 4741 πλείω

171 4795 184 4821 ιι
202 4767 301 4845 λέγειν,
314 4771 460 4849 παύσομαι.

212 4859 319 4920 ΧΧΧΙ.
336 4887 348 4911 ιι
360 4859 512 4933 Ἐπτιδήδδ
526 4859 572 4920 καί
587 4864 635 4930 τῆς
647 4859 756 4936 γνώμης
771 4859 949 4940 κατηγοροῦσί

171 4975 185 5001 ιι
200 4968 269 5023 μου,
291 4948 433 5026 προδοσίαν
454 4949 503 5026 μέν
518 4951 548 5009 ού
564 4951 713 5026 τολμῶντες
733 4948 869 5007 έπιιιαλεῖν
890 4947 949 5008 ούδέ

169 5066 182 5090 ιι
198 5034 358 5117 ἀνανδρίαν,
373 5039 413 5120 ἀρ’
430 5029 469 5107 οἷς
489 5041 517 5099 ut
536 5037 607 5098 κατὰ
620 5042 672 5098 τῶν
687 5039 775 5098 ἀλλων
794 5041 948 5116 στρατηγῶν

168 5154 183 5181 ιι
196 5124 315 5203 γίνονται
334 5125 447 5206 κρίσεις,
467 5126 590 5206 ἀπειρίαν
607 5127 635 5186 δέ
654 5131 701 5185 τοῖι
724 5121 880 5205 στρατηγεῖν
903 5126 949 5184 καὶ

169 5246 183 5271 ι
198 5214 348 5298 ἀφροσύνην
357 5214 414 5291 ,ὅτι
426 5215 545 5277 κίνδυνον
554 5216 685 5294 ύπίμεινα
694 5218 742 5276 οὔκ
749 5217 893 5295 ἀναγκαῖον
905 5214 950 5274 tut

1007 3092 1019 3115 ιι
1036 3084 1084 3122 nou
1095 3070 1191 3128 minus,
1205 3082 1282 3134 quam
1298 3082 1383 3119 meum
1398 3067 1529 3118 consilium
1541 3068 1567 3118 iu
1581 3068 1783 3135 disquisitionem

1004 3187 1017 3211 ιι
1033 3165 1117 3217 venire
1127 3164 1209 3229 patiar
1224 3181 1230 3212 ι
1242 3163 1287 3214 ubi
1301 3163 1370 3227 prius
1382 3161 1445 3213 illud
1456 3161 1542 3214 dixero
1552 3177 1608 3225 ,me
1617 3164 1784 3217 humanarum

1006 3279 1018 3304 ι
1033 3258 1159 3310 actionum
1176 3256 1324 3307 felicitatem
1342 3253 1548 3305 infelicitatemre
1564 3268 1615 3305 non
1635 3269 1665 3307 ex
1679 3259 1783 3323 siugulis

1004 3374 1017 3398 ιι
1033 3353 1123 3409 rebus.
1142 3363 1201 3416 que
1219 3350 1348 3413 gematur,
1364 3347 1423 3398 ticet
1436 3349 1523 3400 multos
1536 3350 1649 3401 etruria
1668 3353 1727 3414 sint,
1740 3353 1784 3405 sed

1004 3465 1017 3490 ιι
1031 3460 1062 3497 ex
1080 3449 1172 3496 eventu
1183 3441 1292 3507 judicari
1308 3440 1407 3503 videre;
1423 3444 1449 3493 et
1464 3442 1485 3492 si
1502 3443 1525 3493 is
1540 3455 1572 3494 ex
1586 3444 1707 3495 sententia
1726 3460 1784 3496 suc·

1006 3532 1151 3590 sumserit,
1167 3531 1225 3581 licet
1241 3529 1336 3579 interea
1355 3528 1436 3578 multa
1453 3527 1525 3579 nobis
1536 3542 1625 3593 purum
1639 3528 1707 3581 factu
1719 3531 1782 3594 sint,

1004 3643 1017 3667 ι
1031 3620 1106 3671 nihilo
1116 3618 1198 3670 minus
1211 3620 1295 3668 tamen
1304 3629 1348 3666 eus
1360 3615 1392 3666 ab
1405 3615 1521 3665 omnibus
1532 3615 1637 3675 laudari,
1648 3632 1783 3682 omnesque

1004 3732 1017 3755 ι
1034 3723 1120 3761 earum
1138 3720 1194 3759 esse
1210 3705 1327 3763 amotos,
1349 3707 1376 3755 et
1397 3703 1469 3755 bonu
1490 3703 1598 3755 fortuna
1617 3719 1660 3756 eas
1677 3706 1783 3757 adscribi

1004 3820 1017 3845 ι
1032 3798 1119 3850 σιτοῖτο
1132 3814 1138 3846 :
1149 3795 1249 3862 quoties
1263 3807 1322 3845 nero
1334 3791 1416 3843 malus
1427 3806 1513 3844 esrum
1523 3791 1599 3843 fuerit
1612 3793 1677 3853 bnis,
1692 3808 1782 3861 quam·

1004 3914 1017 3937 ιι
1032 3891 1071 3941 ris
1080 3889 1230 3953 omniaque
1242 3886 1318 3937 finem
1329 3886 1511 3950 precesserunt
1528 3883 1634 3934 feliciter
1652 3895 1782 3937 successe·

1003 4003 1015 4026 ι
1031 3980 1097 4041 rint,
1111 3982 1196 4030 tamon
1210 3990 1239 4028 ea
1251 3974 1319 4027 haud
1336 3973 1466 4033 felicitati,
1479 3972 1524 4024 sed
1535 3971 1677 4024 infelicitati
1696 3989 1783 4026 corum

1003 4095 1015 4118 ιι
1030 4074 1075 4140 qui
1089 4072 1227 4138 gesserunt,
1238 4067 1350 4119 attribui.
1383 4069 1440 4117 Huc
1448 4067 1525 4131 igitur
1535 4070 1687 4131 spectantes,
1701 4083 1782 4119 msam

1004 4184 1016 4207 ιι
1030 4175 1133 4228 quoque
1148 4161 1282 4214 fortunam.
1299 4155 1384 4221 quain
1395 4155 1533 4206 bellissum
1545 4169 1617 4219 usus,
1633 4158 1782 4218 examinate,

1004 4272 1017 4297 ιι
1035 4256 1070 4310 ει.
1082 4251 1104 4300 si
1116 4247 1329 4313 comportaticius
1344 4243 1376 4294 ab
1389 4244 1505 4295 hostibus
1517 4244 1625 4307 rictum,
1638 4261 1719 4298 meam
1731 4246 1784 4297 for-

1003 4362 1015 4386 ιι
1032 4345 1121 4391 tunam
1133 4337 1225 4389 malam
1234 4337 1335 4395 vocate3
1354 4333 1429 4384 sedsi
1443 4333 1527 4385 illosa
1544 4349 1585 4387 me
1594 4336 1784 4400 rictoscompe-

1003 4450 1015 4475 ιι
1032 4428 1116 4486 τῖοιῖε,
1129 4427 1218 4477 bonam
1228 4423 1361 4489 appellate.
1394 4424 1431 4473 De
1449 4421 1551 4474 fortuna
1567 4426 1651 4488 igitur,
1664 4423 1782 4489 quoniam

1003 4539 1015 4562 ι
1031 4530 1134 4576 omnes,
1145 4514 1189 4580 qui
1208 4513 1239 4564 de
1253 4526 1283 4563 ea
1295 4511 1372 4562 verba
1386 4510 1496 4571 faciunt,
1510 4510 1628 4562 molestos
1648 4522 1704 4561 esse
1722 4511 1782 4569 solo,

1003 4628 1016 4653 ι
1030 4605 1148 4673 quamvis
1160 4603 1233 4669 plura
1246 4614 1343 4667 possem
1363 4603 1484 4666 praeterea
1504 4600 1596 4661 dicere,
1620 4603 1703 4649 tamen
1719 4599 1782 4651 uihit

1003 4718 1016 4741 ι
1031 4695 1131 4747 addam.

1034 4866 1120 4915 xxxi,
1137 4884 1150 4908 ι
1172 4861 1222 4913 Sed
1242 4861 1303 4926 quia
1332 4860 1500 4910 accusatores
1529 4855 1663 4907 consilium
1682 4870 1784 4923 quoque

1003 4975 1015 4999 ι
1031 4966 1117 5004 mcum
1133 4952 1265 5009 accusant,
1290 4947 1455 5012 proditionem
1479 4945 1583 5012 quidem
1602 4948 1648 4996 aut
1661 4946 1783 5011 ignasiam

1004 5040 1156 5106 «appellare
1175 5052 1225 5088 uon
1243 5037 1382 5096 audentes,
1397 5035 1430 5086 ob
1443 5049 1502 5102 qum
1522 5034 1627 5087 crimina
1647 5036 1690 5088 alii
1707 5039 1784 5090 dures

1003 5151 1015 5175 ιι
1031 5130 1065 5180 rei
1076 5128 1129 5179 fieri
1141 5127 1230 5186 soient,
1240 5125 1284 5177 sed
1293 5125 1461 5190 imperatoriae
1468 5125 1534 5175 artis
1541 5124 1692 5191 imperitiam
1706 5130 1732 5177 et
1743 5127 1784 5178 ds·

1004 5240 1016 5263 ι
1033 5217 1162 5281 ruentium,
1175 5212 1246 5279 quod
1258 5212 1399 5278 periculum
1409 5224 1460 5262 non
1472 5212 1640 5265 uecessadurn
1655 5210 1785 5289 subierim,-

1629 5294 1668 5340 35.
