4048 5924
273 449 334 510 ιω
485 402 496 449 ⁷
801 442 965 503 nroncsn
988 441 1365 504 nantunnnnssunsrs

279 611 292 636 ιι
311 583 346 644 Ei
364 580 392 640 δέ
410 577 443 650 δὴ
462 575 590 637 τάναντία
605 574 704 636 τούτων
720 566 773 654 ἦν,
789 574 873 636 ἐκεῖνό
889 558 920 655 γά
933 599 974 636 τοι
989 581 1052 635 doo-
1112 603 1124 625 ιι
1139 582 1201 633 dum
1215 586 1333 644 caselle,
1347 582 1384 633 rel
1401 582 1517 633 militaris
1528 582 1637 649 peritum
1652 582 1765 648 ignorare
1783 582 1808 633 in
1826 584 1890 648 peri·

279 699 292 724 ⁴¹
311 671 402 749 μᾶζῑῑθ
428 665 520 738 &wls
547 668 604 733 θῶ(
634 664 730 738 mim
760 688 790 724 σῖ
814 667 966 742 mill&
989 665 1052 725 ὄντα
1110 709 1123 733 ι
1140 688 1204 740 culis
1216 703 1265 740 non
1278 703 1364 754 parem
1375 688 1507 740 audaciam
1519 688 1600 741 solere
1615 703 1669 740 esse
1688 690 1714 739 in
1726 689 1775 751 iis,
1791 690 1834 755 qui
1846 704 1891 756 pro

280 788 293 813 ι
311 755 477 838 πραγμάτων
500 754 641 836 ἐμπειρον,
665 754 706 814 ότι
728 752 759 813 τό
778 752 853 834 παρὰ
867 753 901 813 τά
919 754 991 814 δεινά
1007 752 1052 813 εύ-

280 873 292 899 ιι
309 848 406 920 τολμον
422 844 470 903 οὒκ
484 840 510 912 ἐξ
525 841 582 902 ίσσυ
592 841 785 921 παραγίνεσθαι
796 842 867 922 φιλεῖ
879 848 934 908 τοῖς
947 864 976 901 τε
990 840 1055 924 θπδρ

280 963 292 988 ιι
312 933 414 994 οἰκείων
429 934 536 1011 ἀγαθῶν
560 929 760 1007 ἀγωνιζομένοις
784 932 830 990 καί
853 936 908 1000 τοῖς
929 933 973 993 ἐπί
987 935 1057 992 τάλ-

280 1051 292 1076 ιι
309 1023 402 1104 λότρια
419 1019 611 1102 πορευομένοις·
634 1022 658 1080 σί
680 1019 728 1096 μέν
747 1042 776 1099 γε
791 1018 933 1091 ούδίν,ἐόιν
955 1020 994 1098 μὴ
1007 1045 1057 1081 κα·
1114 1007 1235 1060 «ΜΘΝ
1257 1008 1403 1074 θθθὶΡῙωθι
1428 1008 1478 1059 Πίίθ
1492 1022 1568 1068 νθῐθι
1589 1009 1612 1058 ⁸1
1634 1021 1689 1058 fem
1710 1008 1777 1058 ΜΘ
1791 1011 1890 1071 siml,

1111 812 1125 837 ιι
1141 793 1194 844 suis
1212 792 1320 845 inmunis
1336 793 1470 854 dimicant,
1490 796 1517 845 et
1539 794 1566 845 in
1589 795 1637 857 iis,
1659 794 1704 859 qui
1725 794 1802 845 aliena
1825 795 1890 846 bona

1112 922 1125 947 ιι
1141 900 1274 953 invadunt.
1296 902 1323 953 Si
1334 901 1402 953 σοῖιο
1423 901 1480 952 istis
1500 914 1541 952 res
1561 901 1645 952 miuus
1661 900 1796 962 succedat,
1809 901 1890 952 levem

280 1140 293 1167 ιι
311 1110 472 1194 τορθύισωσι,
487 1110 664 1189 βλάπτονται,
682 1117 735 1176 τοῖς
756 1108 784 1168 δέ
808 1109 889 1185 οὐδὲν,
903 1109 949 1169 ἐάν
975 1111 1057 1170 πταί-
1114 1135 1127 1160 ιι
1140 1114 1202 1165 nihil
1215 1113 1376 1180 relinquitur.
1388 1117 1470 1178 Atque
1479 1113 1537 1164 hinc
1549 1113 1708 1179 potissimum
1722 1113 1773 1175 sit,
1785 1116 1816 1162 ut
1826 1127 1891 1178 saepe

280 1229 293 1255 ιι
311 1224 389 1273 σωσι,
403 1197 605 1260 καταλείπεται.
665 1198 720 1258 Καὶ
743 1202 791 1257 τοῦ
822 1198 986 1279 σφάλλεσθαι
1011 1197 1058 1269 τὰς

281 1290 429 1370 ιιμεγάλας
455 1287 578 1363 δυνάμεις
604 1285 657 1346 ὑπὸ
677 1288 731 1344 τῶν
756 1287 919 1360 ἐλαττόνων,
945 1288 992 1347 καί
1012 1288 1073 1356 τδς·

281 1404 294 1431 ιι
313 1379 445 1456 κρείττους
451 1375 503 1435 tal
515 1376 566 1434 τῶν
577 1375 744 1454 φαυλοτέρων
755 1381 830 1434 τοῦτο
841 1377 868 1432 ἐν
877 1383 931 1444 τοῖς
941 1376 1059 1453 μάλιστα

281 1496 295 1522 ιι
313 1469 396 1529 αἴτιον
411 1458 454 1538 ἦν.
472 1463 552 1537 Δεινὴ
572 1463 625 1544 γάρ
640 1469 657 1537 ἡ
673 1462 794 1542 ἀνάγκη,
815 1464 860 1524 καί
883 1468 898 1524 ό
920 1466 982 1548 περί
1005 1472 1058 1527 τῶν

281 1587 294 1612 ιι
313 1558 433 1638 ἐσχάτων
449 1552 564 1620 κίνδυνος
578 1552 667 1619 ἱκανὸς
690 1550 724 1610 td
741 1574 785 1618 σος
805 1552 916 1611 ἐνθεῖναί
939 1577 992 1613 τινι
1013 1557 1060 1616 καί

282 1675 294 1700 ιι
313 1645 351 1721 μὴ
369 1643 541 1727 προϋπάρχον
564 1640 652 1724 φύσει.
705 1574 787 1722 Είχον
807 1642 846 1700 ἐτι
865 1645 950 1702 πλείω
973 1643 1060 1724 λέγειν

282 1762 295 1789 ιι
314 1734 380 1812 ύπίρ
401 1737 446 1792 τοῦ
467 1731 612 1805 ἀδυνάτου,
629 1730 698 1790 ἀλλά
711 1730 757 1788 καὶ
771 1733 857 1790 ταῦτα
874 1731 958 1791 ἱκανά.

319 1823 440 1884 xxvii.
464 1849 476 1872 ι
492 1810 540 1887 Εἷς
555 1819 593 1880 ἔτι
616 1844 661 1897 μοι
674 1817 864 1880 καταλείπεται
885 1819 979 1901 λόγος,
996 1821 1060 1883 δνεί

1114 1239 1127 1264 ι
1141 1220 1246 1271 maiores
1257 1233 1273 1269 a
1293 1217 1448 1280 minoribus,
1461 1220 1487 1270 et
1501 1219 1690 1284 prestantiores
1702 1216 1895 1268 adelerioribus

1115 1326 1212 1378 «clade
1232 1323 1382 1377 alliciantur.
1402 1325 1544 1377 Vehemens
1555 1325 1623 1377 euim
1639 1328 1679 1376 est
1699 1325 1851 1383 necessitas,
1870 1328 1895 1374 et

1115 1455 1127 1478 ι
1142 1436 1284 1484 extremum
1298 1431 1437 1497 periculum
1459 1432 1536 1483 etiam
1551 1432 1575 1483 ei
1587 1433 1671 1495 potest
1684 1430 1818 1482 audacium
1832 1431 1898 1481 inse·

1118 1550 1210 1595 «rere.
1232 1536 1273 1586 oui
1294 1535 1389 1586 uondt
1405 1535 1498 1587 innata.
1531 1534 1716 1594 Plurataabui,
1732 1533 1896 1601 qnaedeim·

1116 1664 1129 1689 ι
1143 1641 1255 1709 possibilr
1268 1640 1375 1693 diaetam
1390 1661 1397 1691 ι
1415 1641 1460 1693 sed
1482 1641 1538 1693 Ιιωσ
1552 1641 1648 1694 dixisse
1658 1640 1777 1693 sufficiat.

1146 1814 1246 1864 iliinl.
1264 1830 1279 1859 ιι
1292 1813 1376 1862 Unum
1385 1809 1540 1861 adhucmilri
1549 1808 1686 1861 dicandum
1702 1811 1801 1869 restat,
1815 1810 1894 1873 quod,

1116 1926 1129 1957 ι
1143 1909 1165 1959 si
1178 1923 1227 1960 non
1238 1922 1296 1959 cum
1309 1908 1363 1966 ira,
1379 1905 1424 1958 sed
1444 1906 1543 1956 ratione
1563 1903 1697 1967 iudicaris,
1718 1907 1787 1956 recte
1801 1904 1895 1957 dietum

1116 2022 1128 2046 ιι
1144 2002 1252 2069 putabis,
1263 2005 1289 2052 et
1298 1999 1507 2066 adpoeuitentiam
1519 1998 1644 2050 tactorum
1656 1997 1802 2049 adduceris.
1815 1999 1896 2058 Quid·
2001 2044 2002 2047 ,

1115 2121 1128 2149 ι
1145 2114 1203 2151 uam
1221 2102 1306 2150 autem
1326 2097 1390 2148 illud
1413 2099 1472 2148 esti
1487 2095 1556 2146 Nulli
1576 2095 1723 2146 mortalium
1748 2094 1783 2145 dii
1804 2100 1896 2146 certam

1115 2216 1128 2240 ι
1144 2194 1288 2246 futurorum
1302 2192 1431 2244 scientiam
1441 2191 1579 2254 dedemnt;
1591 2203 1638 2241 nec
1655 2204 1777 2255 umquam
1787 2191 1897 2241 invenias

1115 2309 1128 2335 ι
1140 2286 1299 2354 quempiam,
1314 2285 1354 2334 cui
1366 2284 1449 2335 omnia
1459 2297 1490 2334 ex
1503 2282 1580 2333 animi
1591 2283 1714 2333 sententia
1724 2281 1895 2342 sucoosscrmt,

283 1940 295 1966 ιι
314 1913 351 1989 μὴ
375 1909 432 1991 μετ’
447 1911 544 1991 ὀργῆς,
564 1911 623 1969 ἀλλ’
639 1912 670 1969 ἐκ
692 1911 820 1988 λογισμοῦ
845 1917 958 1990 κρινεῖς,
977 1913 1060 1992 ὀρθῶς

283 2028 295 2053 ιι
313 2024 342 2059 τε
351 2003 470 2081 εἰρῆσθαι
481 1996 559 2071 δόξει,
570 1998 616 2057 καί
630 1996 832 2078 παραστήσεταί
843 2021 885 2058 σοι
897 2000 1059 2076 μεταμέλεια

284 2116 296 2142 ιι
313 2092 366 2148 τῶν
386 2086 587 2169 τραπομένων.
641 2088 689 2155 Τίς
710 2088 733 2146 δ’
750 2090 821 2147 ἐστιν
842 2079 944 2157 ούτοςό
963 2090 1058 2172 λόγος,

284 2205 297 2231 ιι
315 2176 399 2239 οὐδενί
420 2180 507 2256 θνητῷ
531 2175 607 2257 φύντι
633 2175 686 2235 θεοί
704 2177 757 2234 τῶν
781 2174 929 2252 μελλόντων
955 2177 1061 2239 ἔσεσθαι

283 2293 296 2320 ιι
315 2265 426 2346 βιύαίαν
440 2264 591 2340 ἐπιστήμην
606 2262 707 2324 ἔδωκαν
721 2262 803 2343 ἔχειν,
821 2262 874 2323 οὐδ’
889 2266 920 2323 ἀν
932 2264 1016 2346 εὕροις
1030 2271 1061 2328 ἐκ

284 2382 297 2409 ιι
313 2361 361 2414 τοῦ
380 2351 478 2421 παντὸς
491 2354 584 2420 αἰῶνος
599 2353 651 2433 ὅτῳ
666 2352 754 2412 πάντα
775 2351 843 2412 κατθ
862 2359 921 2413 νοῦν
940 2356 1060 2438 ἐχώρησε

284 2472 296 2497 ιι
313 2444 347 2503 τὰ
372 2444 540 2523 πράγματα,
567 2439 650 2518 μηδὲν
673 2440 874 2515 ἐναντιωθείσης
901 2447 949 2515 τῆς
968 2444 1060 2527 τύχης·

284 2559 297 2585 ιι
315 2532 373 2592 Καὶ
385 2532 429 2592 δεδι
445 2535 522 2591 τοῦτο
536 2532 561 2590 οἱ
575 2529 698 2613 φρονήσει
712 2528 870 2610 προύχοντες
884 2533 990 2612 ἑτέρων,
1001 2538 1061 2608 ἣνό

284 2646 297 2673 ιι
315 2620 416 2701 μακρός
430 2620 484 2697 βίος
500 2622 547 2679 καὶ
561 2619 595 2678 τθι
608 2618 697 2680 πολλά
722 2619 869 2698 παθήματα
886 2621 973 2702 φάρει,
998 2624 1060 2703 πρίν

241 2737 253 2776 ι,
284 2736 296 2763 ιι
318 2713 444 2790 ἐγχειρεῖν
452 2708 597 2789 ὁτῳδήποτε
608 2708 694 2790 ἔργῳ,
718 2706 837 2776 τὸτέλος
861 2711 941 2770 αὐτοῦ
956 2715 1061 2791 πρῶτον

284 2824 297 2851 ιι
314 2796 414 2857 οίονται
431 2806 482 2857 δεῖν
498 2806 621 2873 σκοπεῖν,
635 2798 666 2857 σύ
679 2796 786 2878 θάτερον
801 2797 880 2873 μόνον
895 2797 909 2857 ό
922 2798 1061 2878 βούλονται

284 2912 297 2939 ιι
313 2884 435 2964 γενέσθαι
449 2886 555 2963 σφίσιν,
573 2883 702 2944 ἀλλὰκαὶ
722 2885 753 2944 τὸ
766 2887 839 2966 παρά
853 2886 961 2964 γνώμην
977 2887 1060 2962 ἐκύη-

1116 2400 1128 2425 ιι
1143 2380 1178 2430 ita
1191 2382 1220 2429 ut
1234 2376 1303 2428 nullu
1314 2376 1339 2426 in
1356 2390 1384 2426 re
1397 2374 1497 2425 fortuna
1511 2374 1534 2423 ei
1550 2372 1683 2424 adversata
1695 2373 1738 2423 sit.
1765 2376 1897 2439 Propterea

1117 2494 1130 2519 ι
1145 2472 1266 2529 homines,
1280 2469 1325 2535 qui
1338 2469 1395 2520 aliis
1407 2467 1541 2534 prudentia
1555 2466 1717 2528 antecellunt,
1735 2481 1811 2533 quam
1825 2467 1898 2532 longa

1115 2586 1128 2610 ι
1143 2568 1206 2616 celas
1222 2566 1246 2614 et
1271 2576 1359 2627 magna
1383 2559 1538 2626 experientia
1564 2559 1661 2622 adfert,
1684 2563 1823 2626 antequam
1843 2574 1898 2611 rem

1116 2655 1327 2723 «aggrediantur,
1340 2655 1459 2704 eventum
1478 2651 1642 2717 spectandum
1655 2655 1764 2717 putant3
1787 2666 1837 2704 non
1860 2653 1898 2704 al·

1118 2772 1131 2796 ι
1146 2754 1229 2801 terum
1255 2750 1369 2804 tantum,
1386 2759 1463 2811 quem
1485 2744 1533 2809 ipsi
1549 2746 1638 2810 optant
1650 2781 1657 2807 ,
1669 2743 1714 2796 sed
1733 2758 1795 2797 eum
1808 2746 1899 2803 ειῖεειι,

1117 2864 1129 2888 ιι
1146 2842 1190 2908 qui
1204 2843 1296 2907 practer
1307 2836 1518 2904 exspectationem
1531 2835 1644 2888 accidere
1655 2839 1740 2902 potest
1755 2856 1762 2888 :
1775 2837 1900 2905 precipue

1116 2959 1130 2985 ι
1145 2952 1205 2989 vero
1220 2939 1298 2988 duces
1313 2936 1450 2992 bellorum,
1466 2932 1493 2982 in
1503 2945 1586 2998 quos,
1610 2945 1662 2997 quo
1677 2932 1788 2984 maiores
1806 2947 1848 2986 res
1864 2948 1902 2985 eo

284 3003 297 3029 ιι
315 2973 433 3051 σύμενον·
447 2973 565 3052 μσθιστα
575 2970 602 3031 δὲ
611 2977 636 3032 σί
645 2976 699 3031 τῶν
710 2972 835 3051 πολίμων
847 2974 991 3053 ἡγεμόνες,
1005 2975 1059 3059 όσω

285 3091 297 3117 ιι
317 3062 441 3132 μειζόνων
463 3085 493 3121 τε
512 3061 631 3139 γίνονται
648 3059 812 3141 πραγμάτων
834 3061 933 3141 κύριοι,
955 3066 1001 3124 καί
1014 3065 1062 3134 τδις

285 3180 298 3206 ι
317 3153 401 3218 αἰτίας
414 3154 467 3210 τῶν
489 3147 737 3229 κατορθωμάτωνῆ
759 3151 925 3231 σφαλμάτων
947 3153 1061 3224 ἅπαντες

285 3267 298 3294 ιι
315 3241 359 3300 ἐπὶ
372 3238 479 3307 τούτους
493 3239 680 3319 ἀναφέρουσιν.
723 3233 840 3298 Ἔπειτα
857 3236 889 3298 δν
904 3238 951 3314 μέν
967 3241 1062 3320 εὕρωσι

284 3355 297 3383 ιι
316 3326 448 3404 μηδεμίαν
461 3329 569 3387 ἐνοῦσαν
581 3326 599 3398 ἢ
611 3323 707 3406 μικρδις
717 3324 763 3385 καί
772 3325 862 3402 ὀλίγας
874 3328 901 3385 ἐν
912 3332 951 3409 τῷ
963 3328 1001 3406 μὴ
1016 3354 1063 3389 κα-

285 3442 298 3469 ιι
315 3418 446 3497 τορθῶσαι
459 3417 571 3494 βλάὅας,
583 3415 712 3474 ἅπτονται
726 3417 779 3474 τῶν
792 3414 884 3495 ἐργων·
900 3415 983 3476 ἐὰνδὲ
997 3422 1062 3480 πολ-

286 3532 298 3559 ιι
315 3504 363 3571 λδις
375 3504 420 3564 καί
432 3504 559 3582 μεγάλας,
570 3504 738 3586 ἀφίστανται.
750 3507 776 3565 Τ
777 3508 838 3563 oiim
848 3502 880 3579 δὴ
890 3504 937 3564 καλ
945 3504 977 3566 σθ
987 3509 1063 3583 ποίη-

286 3619 299 3646 ιι
316 3616 361 3651 σον
375 3591 421 3652 καί
438 3592 531 3653 σκόπει
544 3593 596 3673 πρὸ
611 3594 663 3652 τῶν
678 3591 777 3672 ἔργων,
806 3591 851 3651 ἐάν
872 3595 974 3675 σφαλῇς
992 3596 1061 3656 κατὰ

286 3709 298 3737 ιι
315 3682 360 3740 τ’σν
375 3681 492 3759 πόλεμον
502 3681 548 3741 καί
561 3681 598 3756 μὴ
611 3680 699 3740 πάντα
709 3679 813 3763 ὑπάρξῃ
825 3681 893 3742 κατδι
903 3683 1024 3762 γνώμην,
1035 3686 1062 3744 τί

285 3798 298 3824 ιι
316 3769 485 3848 συμύήσεταί
504 3794 546 3831 σοι
566 3775 669 3832 παθεῖν.
692 3775 744 3831 Διὰ
763 3769 847 3839 αἰτίας
862 3769 910 3849 μίν
926 3771 975 3855 ἐσῃ
987 3775 1061 3855 παρὰ

286 3884 299 3912 ιι
315 3863 369 3927 τοῖς
390 3857 590 3936 ὑποδεξαμένοις
603 3857 715 3940 [μέμψῃ
731 3859 759 3917 δὲ
777 3859 823 3917 καί
838 3858 932 3939 αὐτὸς]
948 3850 1061 3941 σάυτδν,

286 3974 298 4001 ιι
315 3952 350 4015 ὡς
372 3949 486 4026 μείζοσιν
513 3947 684 4028 ἐπιχειρήσας
708 3946 862 4028 πράγμασιν
886 3947 904 4019 ἢ
933 3949 1061 4020 δυνατοῖς·

1117 3054 1130 3077 ι
1144 3047 1201 3084 rum
1225 3031 1342 3098 potestati
1357 3028 1547 3095 permittuntur,
1570 3040 1600 3079 eo
1613 3031 1701 3094 maula
1723 3028 1840 3089 felicem,
1859 3037 1901 3083 aut
2000 3010 2001 3045 ί

1117 3127 1267 3181 «intelioem
1290 3125 1374 3176 exitus
1396 3136 1492 3174 caussae
1510 3123 1543 3173 ab
1570 3123 1687 3175 omuibus
1717 3123 1898 3183 conteruntur.

1117 3245 1128 3270 ι
1144 3223 1234 3277 dende
1255 3220 1376 3279 sloussa.
1394 3224 1440 3270 aut
1454 3218 1533 3277 terta,
1554 3221 1599 3270 aut
1615 3232 1695 3283 pauca
1707 3219 1801 3271 damna
1815 3220 1899 3272 sibel-

1117 3336 1130 3363 ι
1144 3317 1197 3367 lum
1214 3328 1304 3381 parum
1322 3310 1429 3363 feliciter
1458 3314 1557 3373 gestum
1580 3310 1613 3362 sit
1637 3315 1757 3363 secutura
1780 3312 1899 3369 rideant,

1117 3426 1130 3452 ι
1144 3412 1203 3458 tunc
1214 3419 1267 3456 rom
1283 3402 1478 3469 aggressurum
1492 3401 1531 3451 siu
1543 3401 1658 3452 multact
1672 3415 1775 3466 magna,
1786 3401 1901 3468 adaep-

1118 3521 1131 3550 ι
1146 3505 1173 3552 to
1198 3497 1325 3550 desistunt
1379 3497 1433 3545 lloc
1451 3499 1479 3545 tu
1497 3507 1598 3560 qnoque
1624 3494 1680 3554 tac,
1700 3497 1744 3556 et,
1765 3499 1902 3561 antequam

1118 3613 1130 3638 ι
1147 3606 1200 3644 rem
1218 3587 1383 3657 aggrediaris,
1398 3587 1542 3646 considera.
1564 3586 1586 3637 si
1601 3586 1629 3637 in
1640 3586 1706 3637 bello
1718 3601 1760 3639 rea
1771 3587 1818 3638 tibi
1836 3590 1901 3639 maie

1119 3707 1131 3732 ι
1150 3666 1312 3743 successerit,
1327 3695 1373 3732 nec
1382 3680 1466 3731 omnia
1477 3692 1536 3745 ηοω
1551 3692 1637 3745 speras
1647 3687 1799 3733 consecutus
1809 3683 1901 3745 tueris,

1119 3800 1131 3823 ιι
1143 3777 1205 3844 qnid
1222 3775 1270 3827 tibi
1283 3775 1316 3827 sit
1333 3776 1491 3825 eventurum.
1525 3772 1690 3824 accusaberis
1703 3774 1737 3825 ab
1748 3775 1898 3839 hospitibus.

1119 3888 1131 3919 ι
1145 3867 1214 3936 quod
1229 3882 1270 3919 res
1281 3878 1413 3932 aggressus
1428 3864 1507 3917 tueris
1524 3865 1605 3915 multo
1616 3863 1740 3924 maiores,
1754 3880 1833 3931 quam
1844 3880 1902 3932 quie

1119 3962 1199 4014 «iteri
1217 3963 1318 4026 possent
1338 3962 1391 4019 :set
1409 3958 1489 4010 sicubi
1508 3961 1593 4009 noster
1614 3957 1742 4010 executus
1762 3973 1853 4011 rursus
1873 3974 1902 4011 eo

287 4064 300 4089 ιι
320 4047 443 4116 στρατιᾶς
458 4039 481 4097 δ’
496 4036 627 4116 ἡμετέρας
648 4034 727 4096 πάλιν
742 4036 826 4095 ἐκεῖσε
841 4037 1000 4115 ἀφικομένης
1017 4039 1063 4100 καί

288 4151 301 4177 ιι
319 4125 472 4206 φθειρούσης
485 4125 534 4198 τὴν
555 4124 659 4184 ἐκείνων
678 4127 738 4200 γῆν·
751 4125 780 4183 ού
795 4123 847 4204 γάρ
863 4123 1007 4203 ἀνεξόμεθα
1024 4127 1062 4206 μὴ

288 4238 300 4265 ιι
318 4213 570 4295 ἀντιτιμωρούμενοι
582 4210 642 4280 τοὺς
652 4212 781 4293 ἄρξαντας
789 4216 861 4289 ἡμᾶς
869 4215 957 4281 κακῶς
966 4224 1062 4281 ποιεῖν.

287 4328 301 4355 ιι
317 4306 395 4362 Δοεῖν
419 4304 466 4361 οὐκ
488 4303 520 4362 ἀν
545 4303 674 4384 ἁμάρτοις
696 4304 821 4385 θατέρου,
844 4302 861 4375 ἢ
886 4302 951 4384 πρὸς
977 4306 1062 4366 αὐτῶν

288 4417 301 4445 ιι
317 4388 442 4465 ἐκείνων,
463 4383 502 4459 οἷς
517 4393 598 4461 αίτιος
620 4393 667 4472 ίσῃ
683 4397 824 4474 συμφορῶν
848 4393 988 4471 μεγάλων,
1004 4395 1064 4453 αἰσ-

288 4509 301 4535 ιι
317 4485 389 4564 χρῶς
411 4483 595 4562 ἀναιρεθῆναι,
616 4481 634 4554 ἢ
653 4484 719 4564 πρὸς
734 4487 831 4562 ἡμῶν,
847 4481 891 4549 σθς
911 4485 1063 4543 ἀποκτενῶν

288 4598 300 4625 ιι
317 4595 347 4633 τι
367 4571 413 4632 καί
435 4570 629 4651 δουλωσόμενος
650 4564 738 4647 ἦλθες·
760 4573 832 4653 τάχα
852 4573 880 4631 δῖ
899 4570 932 4631 δν
948 4573 1063 4653 ἐκεῖνοι,

287 4688 300 4715 ιι
317 4662 378 4744 πρὶν
404 4666 439 4723 ἐν,
459 4665 496 4741 τῷ
508 4662 611 4721 παθεῖν
626 4686 653 4722 τι
673 4663 754 4724 κακόν
777 4662 916 4742 γενίσθαι,
932 4660 1064 4730 διαλύσεις

287 4776 300 4803 ιι
319 4757 450 4812 ποιεῖσθαι
476 4750 542 4832 πρὸς
557 4756 629 4830 ἡμᾶς
653 4752 845 4832 ἐπιχειροῦντες
861 4750 964 4809 ἐκδοτον
986 4748 1064 4818 ἀξιώ-

286 4866 300 4893 ιι
317 4864 390 4901 σειαν
403 4841 447 4901 ἐπί
457 4842 571 4925 τιμωρίᾳ
585 4866 614 4905 σε
623 4841 797 4923 παραδιδόναι
807 4838 921 4901 θπολλοὶ
934 4839 1065 4922 βάρύαροί

288 4957 300 4983 ιι
317 4955 346 4991 τε
365 4931 555 5007 καίἜλληνες
578 4935 614 5001 είς
636 4929 761 4999 τοιαύτας
779 4929 960 4999 καταστάντες
980 4930 1064 5013 τύχας

289 5044 302 5069 ιι
319 5022 523 5100 ἠναγκάσθησαν
536 5025 688 5099 θπομιῖναι.
731 5011 800 5101 Ἀρά
814 5043 845 5098 γι
860 5019 942 5102 μικρά
957 5020 1002 5081 καί
1016 5024 1065 5082 οὐκ

289 5132 302 5156 “
321 5105 379 5173 ἅίια
400 5111 478 5188 λόγου
500 5115 586 5172 ταῦτα
608 5101 676 5171 εἶναί
696 5134 737 5172 σοι
752 5110 838 5182 δοκεῖ,
852 5109 898 5168 καί
916 5110 956 5169 δεῖ
975 5111 1063 5168 αὐτῶν

289 5220 302 5245 ι
320 5196 466 5274 ύπεριδιῖν,
481 5200 498 5272 θ,
512 5203 602 5259 κακῶν
620 5198 780 5276 συμπάντων
790 5196 825 5257 τά
842 5197 943 5279 ἐσχατα
958 5200 1062 5260 παθεῖν.

1119 4075 1132 4102 ι
1146 4053 1244 4114 reniet,
1260 4052 1411 4117 illorumque
1420 4064 1507 4115 agmm
1518 4049 1629 4101 vastabit
1641 4051 1738 4116 (neque
1758 4053 1826 4103 enim
1845 4053 1902 4104 illos

1119 4146 1240 4198 «inultos
1260 4158 1361 4196 manere
1385 4142 1528 4208 patiemur,
1550 4142 1596 4207 qui
1623 4155 1668 4192 nos
1692 4141 1791 4207 priores
1812 4145 1903 4196 iniuria

1119 4256 1131 4281 ι
1147 4234 1301 4294 aifeoemnt)
1317 4233 1468 4284 alterutrum
1479 4230 1558 4280 vitare
1570 4243 1620 4280 non
1631 4231 1742 4294 poteria,
1754 4246 1808 4297 quo
1819 4235 1904 4286 minos

1120 4323 1189 4376 arel
1209 4322 1241 4374 ab
1262 4322 1312 4374 iilis
1341 4320 1421 4387 ipsis,
1450 4318 1544 4385 quibus
1562 4318 1735 4370 calamitatum
1755 4334 1904 4386 magnarum

1120 4415 1237 4463 «auctor
1259 4409 1351 4471 fueris,
1376 4408 1484 4474 turpiter
1515 4406 1691 4470 interficiaris,
1712 4409 1754 4460 vel
1778 4425 1795 4462 a
1816 4412 1905 4473 nobis.

1120 4525 1132 4549 ι
1147 4517 1211 4570 quos
1229 4500 1408 4554 interfecturus
1427 4500 1492 4550 etin
1512 4498 1664 4555 servitutem
1683 4498 1836 4552 redacturus
1856 4503 1906 4553 hnc

1120 4591 1246 4643 accpisti.
1293 4588 1343 4642 Sed
1365 4587 1471 4639 tortasse
1487 4587 1564 4638 etiam
1592 4586 1629 4637 illi
1647 4589 1785 4652 autequam
1806 4588 1906 4656 aliquid

1120 4702 1132 4728 ιι
1148 4680 1208 4732 mali
1231 4694 1247 4731 a
1267 4678 1339 4730 nobis
1368 4676 1509 4742 patiantur,
1536 4674 1606 4739 pacis
1624 4673 1755 4726 nobiscum
1782 4675 1905 4732 iacienda

1120 4790 1132 4815 ι
1146 4767 1268 4821 desiderio
1282 4771 1307 4819 te
1316 4766 1348 4819 ad
1362 4765 1513 4832 supplicium
1522 4764 1614 4817 dedere
1626 4779 1674 4816 non
1685 4765 1843 4820 dubitabunt
1859 4768 1905 4819 :id

1120 4854 1215 4921 «quod
1235 4851 1324 4912 multi,
1344 4855 1398 4903 tam
1421 4850 1536 4910 barbari,
1556 4864 1634 4915 quam
1657 4851 1756 4911 Greci,
1780 4853 1807 4903 in
1828 4853 1904 4904 utun

1120 4966 1132 4990 ι
1148 4943 1255 4995 sonuum
1273 4944 1367 4994 statum
1382 4939 1520 5005 compulsi,
1537 4939 1619 4990 tacere
1630 4940 1709 4991 coacti
1728 4944 1800 4991 sunt.
1834 4945 1907 4994 flae-

1120 5054 1133 5078 ι
1147 5033 1201 5083 cine
1221 5032 1298 5097 igitur
1309 5045 1387 5096 parra
1398 5033 1423 5082 et
1435 5029 1529 5081 nullius
1547 5028 1667 5079 momenti
1683 5028 1729 5081 tibi
1744 5030 1866 5083 videntur
1878 5037 1904 5083 et

1121 5137 1133 5161 ι
1146 5117 1340 5177 contemnenda,
1354 5130 1386 5167 au
1397 5116 1482 5182 potius
1494 5118 1608 5167 extrema
1624 5113 1690 5166 malo
1703 5128 1762 5180 qum
1777 5118 1839 5182 quis
1852 5118 1906 5184 pati

1121 5227 1133 5251 ι
1147 5208 1247 5272 possit?
