4088 5936
251 366 313 429 aas
738 396 744 409 ι
779 360 945 424 prouisa
968 340 1377 421 uanicaamssnnsrs'·

252 510 273 556 ι’
282 499 420 582 σηγορίαν.
435 498 552 562 Ἔπειτα
563 495 601 575 μὴ
613 505 696 557 ποιεῖν
708 495 772 572 μίαν
783 495 891 572 γνώμην
907 488 1032 552 ἁπάντων

254 619 268 645 ιι
283 591 393 671 κυρίαν,
409 589 477 649 ἀλλά
489 586 561 647 δυσίν
579 584 728 664 ἐπιτρέπειν
744 584 856 663 ἀνδράσι
865 583 1033 662 τήνβοισιλιὲ

256 692 275 735 ιι·
286 678 460 756 κὴνάρχῆν,
474 681 508 742 ὡς
522 674 745 752 Λακεδαιμονίους
766 670 932 751 πυνθάνομαι
951 674 1034 731 ποιεῖν

257 795 268 822 ι
287 768 330 826 int
347 765 447 833 πολλὰς
466 765 518 837 ήδη
533 763 641 842 γενεὰς,
666 763 713 822 καί
732 762 776 821 td
800 768 878 822 τοῦτο
896 762 927 821 τὸ
941 764 1034 837 σχῆμα

216 879 230 916 o
259 883 270 907 ι
284 858 332 913 τοῦ
346 851 538 929 πολιτεύματος
552 850 676 910 ἁπάντων
700 851 816 927 μάλιστα
830 850 883 906 τῶν
897 846 1035 918 Ἑλλήνων

257 971 269 996 ιι
286 940 451 1019 εὐνομεῖσθαί
465 963 493 998 τε
508 938 553 997 καί
569 941 744 1015 εὐδαιμονεῖν·
759 930 837 1010 ἧττον
849 937 899 1017 γὰρ
914 934 1036 1016 ὐύρισταί

257 1062 270 1087 ιι
286 1032 330 1091 καί
346 1034 435 1111 βαρεῖς
449 1028 567 1097 ἔσονται,
583 1028 755 1108 διαιρεθείσης
769 1029 815 1097 τῆς
833 1025 949 1095 ἔξουσίας
963 1026 1036 1104 διχῆ,

258 1149 271 1174 ιι
286 1120 333 1180 καλ
346 1119 395 1191 τήν
418 1116 498 1189 αὐτήν
523 1115 628 1197 ἔχοντος
651 1116 727 1196 ἰσχὺν
749 1115 893 1193 ἑκατέρου,
912 1113 990 1179 αίδώς
1013 1111 1037 1170 τ’

258 1236 270 1263 ι
285 1208 407 1280 ἀλλήλων
417 1206 465 1267 καί
480 1205 593 1272 κώλυσις
617 1212 663 1264 τοῦ
684 1208 742 1263 καθ’
762 1203 857 1282 ἡδονήν
872 1205 918 1281 ζῆν
933 1205 1035 1282 φιλοτι-

206 1323 232 1362 10
258 1293 566 1374 a-pa'ii'menpbca’rpeaiia
587 1292 707 1365 δόκησιν,
732 1295 760 1351 ἔκ
774 1289 871 1363 ταύτης
891 1291 986 1370 γένοιτ’
1005 1287 1037 1349 ἀν

260 1415 272 1439 ιι
286 1380 440 1457 indemni<
452 1383 570 1457 ἰσοτίμου
589 1379 743 1447 δυναστείας
756 1379 884 1456 μάλισται
900 1410 907 1420 ·

298 1475 427 1536 Lxxiv.
451 1498 464 1525 ι
476 1474 536 1531 Τῶν
549 1494 577 1528 τε
593 1469 778 1548 παρασήμων,
795 1468 875 1535 ἀτοῖς
886 1471 1037 1548 βασιλεῦσιν

260 1592 273 1616 ιι
290 1563 462 1634 ἀποδίδοται,
478 1561 583 1619 πολλῶν
600 1558 700 1634 ὄντοιν,
716 1558 740 1616 εἴ
753 1579 811 1616 τινα
831 1556 951 1638 λυπηρδις
968 1555 1039 1636 ὄψεις

260 1680 273 1706 ι
287 1652 332 1711 καὶ
343 1649 495 1728 ἐπιφθόνους
502 1649 555 1712 τοῖς
565 1648 671 1713 πολλοῖς
686 1646 843 1725 παρέχεται,
858 1646 891 1705 τά
901 1645 949 1723 μὲν
958 1648 1039 1721 μειῶ-

208 1761 233 1799 m
261 1768 272 1791 ι
290 1762 349 1812 σαι,
362 1737 434 1796 τάιδ
450 1737 554 1815 ἀφελεῖν
574 1740 645 1812 ἡμᾶς
664 1735 753 1812 οίομαι
770 1737 836 1794 δεῖν·
860 1733 895 1793 τθι
917 1730 1039 1813 σκῆπτρα

261 1857 274 1881 ιι
291 1827 364 1887 ταυτί
369 1825 487 1903 λέγωκαὶ
498 1824 542 1882 τοῦ
550 1849 557 1893 ;
566 1830 678 1905 χρυσοῦς
687 1824 827 1904 στεφάνους
833 1824 879 1883 καί
889 1823 936 1891 τάς
947 1821 1041 1903 άλουρ·

262 1918 342 1993 ιγεῖς
365 1915 419 1974 καθ’
445 1914 627 1995 χρυσοσήμους
655 1913 823 1993 ἀμπεχόνας,
851 1913 920 1986 πλήν
950 1916 973 1973 εί
1002 1915 1039 1991 μὴ

263 2032 274 2055 ιι
289 2003 478 2082 κἀτάκαιρούς
489 2026 561 2069 τινας
574 2002 705 2082 ἑορταίους
718 2003 763 2061 καί
775 2005 802 2061 ἐν
815 2007 935 2079 πομπαῖς
945 2003 1040 2083 θριάμ-

262 2120 275 2146 ι
292 2091 359 2164 όων,
371 2091 494 2152 δτεζαύτά
507 2095 585 2168 τιμῆς
597 2096 662 2151 θεῶν
678 2090 753 2151 ἕνεκα
765 2090 905 2172 λήψονται.
919 2090 1042 2162 Λυπήσει

264 2209 277 2233 ιι
295 2181 346 2262 γάρ
359 2179 465 2253 οὐδένα,
481 2179 526 2239 έάν
549 2180 677 2256 γένωνται
702 2178 816 2239 σπάνια·
831 2180 919 2260 θρόνον
941 2179 969 2239 δέ
989 2190 1043 2247 τοῖς

265 2300 277 2324 ιι
292 2270 416 2351 ἀνδράσιν
435 2268 599 2349 ἐλεφάντινον
617 2271 643 2327 ἰν
668 2260 691 2350 ᾧ
715 2270 884 2349 καθεζόμενοι
905 2268 1042 2329 δικάσουσι

264 2388 277 2411 ιι
291 2359 336 2418 καὶ
350 2356 445 2428 λευκήν
459 2360 555 2428 ἐσθῆτα
572 2357 765 2440 περιπόρφυρον
779 2358 825 2418 καί
839 2358 898 2425 τοῦς
912 2381 1043 2438 προηγου·

265 2474 277 2499 ι
293 2447 384 2520 μένους
397 2448 424 2504 ἐν
440 2446 497 2511 ταῖς
511 2443 607 2513 ἐξόδοις
624 2444 726 2505 δώδεκα
739 2446 858 2515 πελέκεις
873 2449 1041 2507 καταλιπεῖν.

266 2531 355 2596 «Ἔτι
369 2534 434 2614 πρὸς
448 2532 557 2606 τούτοις,
572 2533 586 2593 θ
606 2536 712 2595 πάντων
727 2537 816 2613 οἴομαι
830 2538 882 2592 τῶν
898 2534 1043 2614 εἰρημένων

211 2638 238 2677 τε
266 2652 277 2679 ι
292 2623 497 2706 χρησιμώτατον
522 2621 628 2682 ἔσεσθαι
646 2625 692 2682 καί
706 2630 752 2683 τοῦ
771 2623 911 2701 μὴπολλά
931 2621 1040 2698 έξαμαρ·

264 2732 278 2767 ἰι
294 2714 381 2772 τάνειν
394 2711 452 2779 τοὺς
463 2711 701 2792 παραληψομένους
715 2712 762 2783 τὴν
777 2711 862 2791 ἀρχὴν
875 2708 1042 2789 αἰτιώτατον,

266 2830 278 2853 ι
295 2800 332 2878 μή
348 2798 391 2858 δεδι
413 2799 469 2877 βίου
484 2798 542 2866 τοὺς
556 2802 650 2868 αὐτοὺς
672 2803 718 2881 ido
732 2804 838 2881 ἀρχιιν·
860 2800 967 2880 χαλεπή
993 2798 1044 2880 γὰρ

267 2916 278 2944 ι
296 2888 394 2948 άπασιν
419 2887 538 2969 ἀόριστος
559 2889 691 2971 ἀρχὴκαὶ
720 2889 852 2966 μηδεμίαν
870 2886 986 2958 ἐξέτασιν
1008 2892 1044 2948 a:

266 2979 375 3037 «δοῦσα
401 2978 452 3033 τῶν
481 2974 684 3054 πραττομένων,
706 2974 731 3044 ἐξ
750 2967 782 3047 ἧς
800 2975 893 3056 φύεται
910 2977 1043 3056 τυραννίς·

213 3089 240 3131 ³0
267 3094 280 3120 ι
294 3063 352 3126 ἀλλ’
365 3066 402 3131 είς
417 3062 546 3123 ἐνιαύσιον
565 3063 675 3144 χρόνον,
694 3069 728 3131 ὡς
741 3064 804 3143 παρ’
818 3064 962 3136 Ἀθηναίοις
976 3064 1046 3145 γίνεὲ

268 3179 357 3228 «ται,
376 3153 407 3212 τδ
430 3153 524 3233 κράτος
544 3155 590 3223 τῆς
610 3156 695 3233 ἀρχῆς
715 3152 847 3232 συνάγειν.
892 3152 933 3212 Τθ
947 3153 998 3233 γάρ
1019 3156 1046 3212 ἐν

268 3270 279 3295 ι
294 3243 367 3322 μέρει
378 3242 421 3301 τὸν
434 3240 512 3299 αὐτὸν
524 3240 615 3322 άρχειν
632 3241 721 3300 τεκαὶ
736 3241 863 3322 ἄρχεσθαι
878 3242 922 3301 καί
936 3243 987 3320 πρὸ
1002 3248 1046 3303 τοῦ

269 3358 281 3382 ιι
297 3332 472 3411 διαφθαρῆναι
487 3328 535 3402 τὴν
550 3328 668 3390 διάνοιαν
691 3330 851 3411 ἀφίστασθαι
862 3335 910 3401 τῆς
932 3329 1048 3400 ἐξουσίας

268 3448 281 3470 ιι
296 3414 431 3476 συστελλιι
444 3417 490 3483 ad<
499 3417 620 3484 αὐθάδεις
633 3418 720 3499 φάσεις
732 3421 776 3478 καὶ
789 3421 837 3478 οὐκ
852 3423 883 3499 ἐᾷ
899 3417 1046 3495 μεθύσκεσ-

215 3536 242 3578 ab
269 3535 282 3560 ιι
296 3511 341 3565 θαι
355 3514 412 3571 ταῖς
426 3503 553 3574 ἐξουσίαις
573 3506 608 3565 τθι
622 3508 685 3582 ἤθη.
730 3508 816 3568 Ταῦθ’
829 3509 893 3587 ήμῖν
914 3533 1050 3581 καταστη-

269 3625 282 3651 ιι
300 3594 423 3673 σαμίνοις
443 3593 551 3676 ὑπάρξει
579 3597 614 3654 τά
636 3595 684 3674 μίν
708 3598 795 3678 άγαθά
817 3602 981 3679 καρποῦσθαι
1002 3603 1049 3671 τῆς

270 3714 282 3737 ιι
299 3688 436 3764 βασιλικῆς
447 3684 588 3757 πολιτείας,
599 3689 651 3744 τῶν
663 3685 690 3744 δέ
699 3687 969 3765 παρακολουθούντων
982 3689 1049 3766 αὐτῇ

270 3802 283 3829 ιι
296 3777 386 3834 κακῶν
401 3772 584 3852 ἀπηλλάχθαι.
629 3772 689 3834 Ἵνα
705 3775 732 3834 δὲ
747 3775 793 3834 καί
805 3775 921 3853 τοῦνομα
937 3779 983 3847 τῆς
1000 3778 1049 3855 βα-

271 3891 282 3917 ιι
297 3865 399 3936 σιλικῆς
409 3861 526 3932 ἔξουσίας
537 3861 646 3942 πάτριον
660 3862 780 3944 ὑπάρχον
793 3868 857 3940 ἡμῖν
871 3864 917 3923 καὶ
929 3863 975 3923 σὺν
986 3867 1049 3923 ολω-

216 3973 244 4014 ευ
271 3960 349 4019 ινοῖς
367 3952 460 4021 αἰσίοις
484 3955 551 4012 θεῶν
572 3953 793 4032 ἐπικυρωσάντων
817 3952 997 4034 παρεληλυθὸς
1013 3955 1050 4020 εῖς

271 4066 283 4091 ιι
299 4038 346 4110 τήν
357 4041 433 4100 πόλιν
445 4045 526 4114 αὐτῆς
539 4041 617 4102 ἕνεκα
630 4047 678 4115 τῆς
691 4043 765 4110 ὁσίας
778 4043 957 4124 φυλάττηται,
973 4045 1049 4124 ἱερῶν

271 4155 283 4181 ιι
299 4127 495 4188 ἀποδεικνύσθω
508 4153 547 4197 τις
567 4129 634 4215 [ἀεὶ]
654 4129 791 4209 βασιλεὺς,
808 4132 882 4203 ὁτήν
893 4131 973 4209 τιμὴν
987 4131 1049 4191 ταύ·

270 4244 283 4269 ι
297 4238 346 4288 την
369 4213 432 4283 ἕξων
449 4216 492 4275 διδι
519 4218 591 4296 βίου,
614 4220 701 4293 πάσης
725 4220 920 4297 ἀπολελυμένος
943 4222 1052 4298 πολεμι-

271 4333 282 4357 ι
297 4308 345 4376 κῆς
358 4303 403 4361 καί
419 4306 556 4378 πολιτικῆς
572 4310 715 4388 ἀσχολίας,
738 4308 766 4368 ἓν
787 4314 865 4369 τοῦτο
884 4308 961 4386 μόνον
984 4309 1051 4389 ἔχων

270 4423 282 4447 ιι
300 4393 392 4474 ἔργον,
406 4391 498 4473 ῶσπερ
513 4398 527 4454 θ
541 4396 679 4476 βασιλεῦς,
698 4397 747 4470 τὴν
763 4399 908 4476 ἡγεμονίαν
919 4400 971 4456 τῶν
986 4402 1051 4470 θυη-

270 4513 283 4537 ιι
297 4485 415 4559 πολιῶν,
428 4482 529 4543 ἄλλοθ’
543 4484 627 4546 οὐδέν.

309 4574 426 4637 LXXV.
438 4601 451 4627 ιι
464 4569 513 4636 'ov
523 4573 551 4635 δί
557 4573 652 4656 τρόπον
661 4573 839 4636 ίσταιτούτων
846 4574 965 4649 ἕκαστον,
976 4574 1052 4634 ἀκοῦ-

273 4689 284 4711 ι
300 4661 364 4722 σατί
375 4687 443 4740 μου·
460 4662 562 4734 συνάξω
595 4662 643 4742 μίν
659 4662 712 4740 ἐγὼ
727 4662 776 4737 τήν
791 4663 945 4736 ἐκκλησίαν,
959 4662 1049 4742 ὥσπερ

272 4752 381 4832 τίφην,
397 4752 488 4826 ἐπειδὴ
511 4752 714 4835 συγκεχώρηταί
738 4778 783 4832 μοι
804 4751 873 4814 κατὰ
891 4753 987 4831 νόμους
1006 4754 1052 4813 καὶ

217 4862 246 4901 ου
273 4865 284 4889 ι
302 4842 409 4917 γνώμην
424 4842 617 4921 εἰσηγήσομαι·
640 4840 743 4926 φεύγειν
761 4841 910 4923 Ταρκύνιον
927 4840 984 4918 άμα
999 4850 1052 4910 τοῖς

274 4951 286 4975 ι
301 4929 378 4985 παισί
391 4929 437 4986 καὶ
447 4933 480 5010 τῇ
489 4931 593 5007 γυναικί
607 4929 708 5000 πόλεώς
721 4931 808 4990 τεκαὶ
821 4930 911 5010 χώρας
924 4934 971 5003 τῆς
983 4928 1052 4991 ‘Poo-

262 5040 275 5063 ιι
291 5013 377 5088 μαίων
399 5017 563 5096 εἰργομένους
576 5019 621 5078 τδν
638 5019 679 5077 ἀεὶ
700 5018 793 5099 χρόνον
814 5017 860 5078 καλ
884 5018 957 5099 γένος
976 5019 1007 5078 τδ
1022 5018 1051 5088 ἐξ

263 5128 276 5153 ιι
291 5101 392 5159 αὐτῶν·
413 5101 475 5162 ὅταν
493 5104 519 5164 δὲ
534 5107 715 5188 ἐπιψηφίσωσι
729 5106 776 5178 τήν
795 5105 908 5186 γνώμην
929 5109 954 5167 ot
974 5110 1058 5167 πολῖ-1

262 5216 277 5244 ιι
294 5211 351 5267 ται,
371 5189 491 5264 δηλώσας
505 5196 593 5265 αὐτοῖς
606 5195 641 5269 ήν
659 5195 816 5274 διανοώμεθα
829 5195 1051 5268 καταστήσασθαι

1090 521 1101 542 ιι
1116 498 1255 563 imponatis.
1271 498 1364 548 Deinde
1391 510 1432 548 res
1453 509 1541 547 omnes
1561 495 1636 547 unius
1657 484 1763 546 arbitrio
1780 505 1806 545 ετ
1823 506 1868 558 po·

1090 604 1101 627 ιι
1116 583 1200 634 testati
1216 582 1390 639 committatis;
1414 579 1460 630 sed
1476 579 1573 630 duobus
1596 577 1658 627 viris
1677 572 1772 640 regium
1790 576 1870 642 impe·

1090 688 1103 712 ιι
1117 669 1181 718 rium
1200 666 1362 731 permittatis,
1379 652 1589 730 quemadmodmo
1614 661 1688 712 audio
1712 660 1870 711 muodmmo·

1092 775 1103 798 ι
1121 754 1176 804 nios
1189 753 1270 803 noem
1282 752 1332 802 iam
1344 764 1388 816 per
1399 749 1491 800 mattas
1504 752 1606 809 etates,
1619 751 1647 798 et
1664 747 1697 797 ob
1710 747 1774 796 Ιιενε
1787 746 1871 811 reipu-

1092 860 1105 883 ιι
1119 837 1190 889 biioae
1214 837 1319 887 formam
1350 833 1538 907 marimexiater
1561 846 1648 884 omues
1677 834 1779 884 Gnaeos
1800 830 1872 882 bonis
1896 856 1899 865 =

1092 941 1103 964 ιι
1121 920 1217 983 tegibus
1227 924 1254 970 et
1267 919 1355 984 opibus
1368 919 1463 969 tiorere.
1480 918 1560 968 Μῖνιιο
1575 917 1641 967 euim
1650 915 1764 966 iniuriosi
1775 916 1801 964 et
1813 926 1869 978 gra-

1092 1020 1104 1043 «
1120 1013 1165 1050 νοε
1182 1002 1269 1058 erunt,
1289 997 1311 1046 si
1327 1010 1362 1057 ea
1374 999 1485 1059 potestus
1510 994 1622 1045 bituriam
1639 993 1672 1044 sit
1693 994 1789 1053 divisa,
1809 991 1872 1043 etsi

1093 1101 1105 1124 ιι
1126 1083 1228 1143 uterque
1252 1091 1337 1142 parem
1364 1076 1456 1127 babeat
1483 1077 1631 1138 potestatem
1654 1094 1661 1123 t
1683 1086 1715 1123 οι
1735 1073 1782 1123 bae
1807 1071 1873 1123 euim

1094 1179 1106 1202 ι
1123 1157 1223 1207 bonoria
1248 1169 1276 1206 ac
1299 1152 1428 1218 potestatis
1452 1152 1594 1216 equalitate
1622 1151 1728 1201 maxime
1755 1151 1813 1211 det,
1845 1154 1875 1199 ut

1094 1260 1106 1284 ι
1122 1236 1231 1289 vicissim
1239 1237 1303 1286 atter
1315 1234 1421 1285 alterum
1431 1236 1581 1294 revereatur,
1594 1237 1618 1282 et
1630 1232 1804 1296 avoioptuoso
1815 1229 1874 1280 vitae

1094 1340 1106 1364 ιι
1123 1332 1211 1382 genere
1225 1315 1351 1377 romanat,
1372 1318 1398 1365 oi
1420 1312 1577 1364 emulatione
1599 1311 1718 1363 accendat
1729 1309 1762 1361 ad
1774 1308 1874 1361 artum

1094 1419 1107 1443 ιι
1124 1394 1331 1448 existimationem
1346 1391 1564 1457 comparandam.

1093 1504 1097 1509 ’
1124 1486 1233 1535 nxxlv.
1245 1502 1257 1525 ι
1274 1480 1396 1540 Quoniam
1411 1484 1495 1531 autem
1516 1476 1594 1527 multa
1608 1479 1666 1527 sunt
1686 1476 1803 1540 iusignia,
1817 1488 1875 1540 qum

1095 1593 1107 1617 ιι
1122 1568 1221 1636 regibus
1235 1570 1326 1622 tmdita
1340 1570 1455 1628 inerunt,
1469 1566 1490 1618 si
1509 1580 1558 1631 qua
1570 1565 1661 1630 populo
1674 1565 1778 1615 molesia
1792 1578 1821 1613 ac
1833 1565 1875 1615 iu·

1096 1685 1108 1709 ι
1125 1666 1178 1716 aisa
1189 1666 1260 1723 suot,
1270 1676 1356 1713 eorum
1369 1660 1470 1725 quidem
1483 1661 1579 1723 partem
1595 1656 1754 1706 minuendam
1764 1694 1770 1717 ,
1779 1660 1874 1720 partem

1094 1748 1108 1798 ἰι
1122 1754 1219 1818 penitus
1230 1752 1362 1803 tollendam
1370 1762 1480 1800 oooseo:
1497 1748 1594 1811 sceptra
1603 1745 1652 1796 ista
1664 1744 1774 1810 intelligo
1786 1747 1812 1795 et
1828 1759 1872 1795 au·
1901 1748 1923 1759 “·

1096 1861 1108 1885 ι
1124 1855 1178 1892 reas
1193 1853 1312 1902 coronas,
1333 1841 1359 1888 et
1381 1849 1517 1901 purpureas
1533 1847 1643 1898 auroque
1660 1833 1805 1885 intertextas
1822 1837 1873 1884 tm-

1098 1951 1111 1975 ι
1128 1930 1201 1989 beas,
1222 1929 1269 1979 uisi
1283 1926 1431 1991 quibusdam
1455 1925 1544 1976 diebus
1567 1923 1650 1984 iestis,
1672 1926 1698 1974 et
1712 1923 1736 1974 io
1758 1920 1877 1988 triumphi

1098 2038 1110 2061 ιι
1125 2019 1235 2082 pompis,
1256 2015 1281 2065 in
1301 2013 1392 2078 quibus
1412 2014 1468 2065 haec
1481 2012 1581 2064 bononis
1598 2011 1701 2064 deorum
1721 2024 1808 2061 caussa
1830 2010 1875 2060 su*

1098 2127 1111 2151 ιι
1124 2108 1191 2155 mant
1206 2105 1292 2169 (rarus
1314 2103 1381 2154 enim
1396 2116 1456 2152 usus
1468 2101 1588 2152 molestus
1600 2113 1649 2150 non
1661 2099 1730 2163 erit);
1740 2098 1876 2149 eburneam

1097 2216 1110 2240 ιι
1125 2208 1185 2244 vero
1204 2193 1304 2253 setiam,
1318 2192 1343 2241 iu
1355 2204 1403 2255 qua
1414 2189 1528 2241 sedentes
1548 2188 1671 2249 iudicant,
1683 2191 1709 2238 et
1720 2194 1804 2252 togam
1816 2200 1875 2237 ean·
1923 2174 1928 2183 '

1098 2304 1110 2327 ιι
1128 2283 1212 2333 didam
1226 2283 1379 2347 praetextam,
1406 2281 1431 2330 et
1444 2277 1576 2328 duodecim
1592 2277 1684 2338 inanes,
1697 2276 1741 2339 qui
1759 2275 1821 2340 ipsis
1833 2290 1881 2341 per

1098 2393 1110 2417 ιι
1127 2372 1179 2422 vias
1189 2369 1359 2437 praeferentur,
1373 2380 1465 2431 εονεεο
1485 2366 1659 2430 relinquendos
1668 2368 1787 2430 praeterea
1796 2403 1802 2426 ,
1812 2366 1878 2426 quod

1098 2482 1110 2504 ιι
1125 2460 1234 2510 οιννίυνι
1247 2473 1262 2508 a
1275 2473 1315 2509 me
1326 2455 1534 2520 dietommionge
1542 2455 1702 2505 utilissimum
1712 2452 1878 2503 tore‘arbiiror

1099 2570 1111 2594 ι
1128 2551 1154 2600 et
1167 2549 1234 2612 quod
1251 2547 1372 2611 praecipue
1393 2545 1503 2605 eiiciet,
1518 2558 1549 2595 no
1566 2543 1610 2608 qui
1625 2542 1693 2594 buna
1706 2543 1878 2607 magistratum

1099 2660 1111 2683 ιι
1129 2638 1259 2702 accipient,
1272 2635 1349 2686 muita
1372 2634 1513 2699 delinquunt
1527 2651 1533 2681 ι
1545 2632 1593 2683 boo
1607 2636 1658 2694 est,
1683 2644 1714 2681 ne
1733 2631 1809 2682 iidem
1831 2632 1877 2681 im·

1099 2748 1112 2771 ι
1127 2727 1222 2793 perium
1238 2735 1281 2790 per
1292 2723 1351 2775 vitu
1375 2723 1482 2788 spatium
1506 2724 1652 2786 perpetuum
1664 2720 1771 2771 babeant
1788 2710 1879 2780 (emnil

1100 2836 1112 2859 ιι
1129 2817 1176 2867 bus
1190 2814 1255 2865 onim
1271 2811 1397 2877 pergravis
1410 2814 1449 2862 est
1460 2810 1634 2875 magistratus.
1647 2808 1688 2858 eui
1709 2809 1804 2858 nuttam
1827 2821 1882 2858 oer-

1100 2926 1112 2949 ιι
1126 2908 1179 2954 tum
1200 2908 1296 2967 tempus
1323 2904 1362 2952 est
1385 2898 1550 2963 praefinitum,
1577 2896 1659 2960 etqui
1673 2897 1748 2947 nullis
1767 2901 1880 2947 actorum

1100 3014 1113 3037 ιι
1129 2988 1237 3042 οιιοτννι
1254 2989 1385 3042 reddendis
1411 2988 1549 3039 mtionibus
1576 2985 1698 3036 obnoxius
1730 2987 1783 3044 est3
1815 2984 1882 3036 unde

1102 3101 1113 3125 ιι
1131 3080 1240 3155 tyrannis
1257 3077 1393 3143 πτισάνης
1404 3076 1448 3128 sed
1461 3078 1556 3127 auctor
1582 3087 1641 3125 ειιιιι
1669 3076 1699 3125 ut
1719 3072 1880 3138 magistratus

1102 3193 1114 3214 ιι
1130 3168 1239 3235 potestas
1254 3169 1280 3218 in
1293 3181 1402 3217 annuum
1418 3171 1514 3230 tempus
1529 3163 1698 3223 contrabatur,
1718 3163 1878 3225 quemadmo-

1103 3281 1115 3304 ι
1132 3260 1192 3310 dum
1201 3260 1233 3309 sit
1245 3252 1311 3322 apud
1321 3256 1491 3307 Athenienses.
1526 3257 1590 3303 Nam
1603 3251 1671 3315 quod
1686 3251 1754 3302 idem
1773 3252 1880 3304 invicem

1103 3370 1115 3393 ιι
1131 3350 1236 3413 imperet
1249 3340 1280 3399 et*
1292 3338 1389 3411 pareat,
1408 3347 1435 3395 et
1446 3345 1579 3406 autequam
1593 3334 1692 3392 animus
1704 3344 1881 3405 eormmpatur

1103 3456 1115 3480 ιι
1130 3437 1161 3486 ab
1178 3438 1300 3500 potestate
1318 3433 1490 3493 removeatur,
1513 3427 1563 3480 boc
1593 3429 1703 3480 fastuosa
1721 3428 1819 3491 ingenia
1840 3426 1881 3479 rel

1104 3546 1116 3569 ιι
1134 3524 1218 3589 primii
1233 3538 1279 3575 neo
1297 3535 1379 3572 mores
1393 3520 1520 3570 bominum
1538 3520 1659 3583 potestate
1678 3516 1794 3568 inebriari
1813 3516 1878 3568 sinit.
1929 3504 1935 3513 ’

1105 3634 1116 3657 ιι
1135 3616 1193 3664 Ηιοο
1207 3613 1228 3663 si
1251 3613 1285 3665 ita
1298 3610 1510 3671 constituerimus,
1526 3609 1608 3660 tinebit
1623 3608 1694 3659 uobis
1712 3608 1785 3670 τεεςῖεε
1798 3611 1881 3672 potes·

1098 3724 1117 3746 ιι
1130 3702 1190 3753 totis
1207 3702 1278 3752 bonis
1300 3701 1362 3759 imi,
1384 3704 1409 3749 et
1427 3700 1551 3749 matorum
1574 3696 1714 3761 quasillum
1732 3696 1883 3747 comitantur

1104 3810 1117 3833 ι
1131 3790 1253 3840 immunes
1270 3803 1333 3840 esse.
1366 3785 1415 3838 Sed
1435 3791 1465 3838 ut
1482 3787 1563 3851 ipsum
1584 3797 1684 3849 quoquo
1702 3798 1791 3835 nomeu
1808 3780 1883 3848 regiae

1105 3897 1118 3921 ιι
1133 3878 1276 3941 potestatis,
1291 3877 1382 3928 nostris
1395 3874 1508 3925 moribus
1522 3872 1608 3938 patriis
1626 3876 1767 3938 receptum,
1781 3876 1807 3923 et
1822 3871 1884 3923 uus-¹

1105 3986 1117 4010 ιι
1135 3967 1205 4031 ρίεῖῖε
1223 3967 1311 4018 inustis
1335 3966 1434 4030 diisque
1461 3962 1677 4027 comprobantibus
1708 3962 1733 4011 in
1771 3966 1883 4013 nostram
1914 3988 1918 3995 =

1105 4078 1118 4101 ιι
1135 4057 1261 4108 civitatem
1275 4055 1453 4112 introductum,
1467 4052 1546 4117 ipsius
1558 4051 1684 4116 religionis
1697 4064 1786 4101 caussa
1798 4065 1882 4103 saero-

1105 4163 1117 4187 ιι
1136 4147 1247 4194 saaetum
1265 4145 1386 4196 servetur.
1398 4154 1495 4204 semper
1506 4153 1549 4190 rex
1561 4138 1652 4204 aliquis
1663 4151 1771 4201 οτοοειιι,
1783 4140 1826 4190 oui
1845 4141 1883 4191 bio

1106 4252 1117 4274 ι
1133 4232 1211 4282 honor
1224 4232 1256 4281 sit
1265 4238 1397 4295 perpetuus
1406 4229 1525 4292 quamdiu
1538 4228 1623 4278 viset:
1641 4227 1684 4292 qui
1693 4227 1775 4278 omnis
1788 4227 1883 4280 beiiioae

1106 4339 1118 4364 ι
1136 4323 1163 4369 et
1175 4318 1256 4369 civitio
1269 4317 1390 4369 molestia
1403 4316 1437 4368 sit
1453 4316 1581 4378 ἱνινιυνίτ,
1598 4318 1624 4366 et
1640 4319 1668 4365 ot
1679 4328 1722 4366 rex
1740 4315 1819 4367 solam
1841 4330 1881 4367 su·

1107 4428 1118 4452 ι
1134 4421 1234 4458 ειοτννν
1247 4420 1333 4458 euram
1351 4407 1483 4468 sustineat,
1502 4408 1622 4470 praterea
1636 4408 1719 4455 auteur
1731 4405 1794 4455 nibil
1808 4409 1882 4470 apat.
1915 4400 1935 4437 ι’

1137 4581 1233 4631 LXXV.
1251 4598 1264 4623 ι
1281 4579 1337 4637 Quo
1352 4580 1435 4626 autem
1449 4575 1523 4626 modo
1539 4575 1592 4625 bac
1604 4573 1699 4641 singula
1717 4575 1785 4638 deut,
1798 4590 1832 4628 εν
1844 4589 1885 4628 me

1107 4694 1119 4717 ιι
1135 4670 1225 4722 audite.
1259 4670 1311 4732 Ego
1329 4664 1436 4716 indicam
1455 4664 1569 4726 comitia,
1592 4665 1803 4728 quemadmodum
1822 4665 1886 4724 dixi·

1107 4782 1119 4806 ιι
1134 4756 1333 4825 quandoquidem
1359 4754 1407 4804 hoo
1429 4753 1490 4804 mibi
1507 4753 1604 4817 iegibus
1625 4766 1772 4804 conoessum
1795 4757 1843 4811 est,
1858 4756 1883 4805 et

1106 4871 1118 4894 ιι
1138 4862 1220 4899 meam
1233 4845 1380 4898 sententiam
1393 4842 1534 4902 declarabo,
1552 4856 1602 4906 qua
1619 4843 1711 4893 iubebo
1723 4843 1884 4906 Tarquinium

1106 4958 1118 4982 ι
1132 4951 1190 4988 oum
1207 4934 1290 4987 liberis
1303 4938 1330 4985 et
1348 4932 1452 4996 coniuge
1471 4931 1498 4981 iu
1519 4930 1635 4982 exsitium
1654 4931 1730 4989 ubire,
1752 4934 1780 4981 et
1801 4931 1884 4995 ipsum

1106 5046 1118 5069 ιι
1133 5024 1237 5089 eiusque
1254 5024 1366 5088 postorm
1383 5019 1416 5070 ab
1431 5019 1491 5069 urbe
1515 5021 1541 5070 et
1558 5018 1650 5069 ditione
1671 5021 1837 5068 Romanorum
1858 5018 1884 5069 tn

1105 5136 1117 5159 ι
1134 5116 1283 5179 perpetuum
1300 5110 1386 5162 areeri.
1419 5108 1466 5160 Ubi
1478 5110 1563 5159 autem
1576 5120 1657 5158 meam
1671 5106 1820 5159 seutentiam
1831 5109 1883 5159 sut·

1106 5224 1118 5249 ι
1134 5202 1217 5266 fragiis
1228 5202 1296 5253 eires
1308 5197 1476 5252 oontirnrariat
1495 5201 1623 5261 ratamque
1637 5196 1748 5258 νεοττίον,
1760 5195 1884 5253 deoiaraia
