4068 5924
269 447 327 506 {62

270 575 329 635 οὗτε
349 571 423 639 πόλις
437 573 523 653 αὐτῶν
537 569 647 647 οὐδεμία
660 561 770 650 πολίμῳ
781 572 942 648 κρατηθεῖσα
955 591 1040 627 κατα-

272 665 375 741 σκαφῆς
397 659 644 739 ἢοίνδραποδισμού
664 657 682 727 ἢ
705 657 786 728 ἄλλης
807 659 874 722 τινὸς
898 655 1041 726 ἀνηκέστου

273 756 407 829 συμφορᾶς
421 745 561 824 ἐπειράθη·
576 742 635 801 ἀλλ’
647 742 805 822 θμύαλόντες
816 744 852 809 είς
863 742 909 814 τὴν
923 742 1043 813 ἀλλήλων

274 842 323 915 γῆν
342 833 394 894 ὐπδ
415 832 464 904 τὴν
489 830 576 908 ἀκμὴν
594 835 639 889 τοῦ
661 829 733 890 σίτου
754 830 799 889 καί
820 830 1045 910 προνομεύσαντες

234 952 247 991 ς
276 926 377 999 ἀπῆγον
396 920 437 979 ἐπ’
462 918 534 978 οἴκου
553 918 599 985 τδις
618 918 756 996 δυνάμεις,
771 917 966 996 διαμειύόμενοι
987 916 1046 985 τούς

277 1009 470 1091 αἰχμαλώτους.
514 1003 586 1065 Μίαν
600 1006 628 1064 δὲ
637 1005 714 1064 πόλιν
728 1008 758 1065 ἐκ
769 1011 813 1064 τού
827 1006 948 1066 Λατίνων
962 1005 1046 1070 ἔθνους

278 1096 464 1167 Μεδύλλειαν,
479 1092 637 1173 παλαίτερον
653 1093 691 1151 ἔτι
705 1092 847 1170 Ῥωμαίων
864 1091 986 1151 ἀποικίαν
998 1115 1042 1169 γε·

276 1193 387 1271 νομίνην
404 1190 448 1252 ε’πλ
459 1196 507 1263 τῆς
517 1189 657 1267 Ῥωμύλου
672 1193 770 1270 ἀρχῆς,
783 1193 818 1256 ὡς
832 1190 859 1246 ἐν
871 1193 908 1269 τῷ
925 1188 976 1268 πρὸ
988 1187 1048 1246 τού-

278 1302 324 1342 του
350 1280 488 1351 δεδήλωκα
510 1277 599 1357 λόγῳ,
629 1276 807 1354 μεταθεμένην
830 1267 903 1344 αὐθις
930 1279 964 1342 ὡς
989 1273 1048 1342 τούς

226 1384 251 1426 ιο
278 1370 408 1446 ὁμοεθνεῖς
417 1366 555 1447 πολιορκία
566 1366 804 1444 παραστησάμενος
819 1367 894 1422 ὁτῶν
904 1361 1048 1439 Ῥωμαίων

280 1455 401 1535 eserieie
415 1455 502 1515 ίπῑῑσί
520 1452 601 1530 μηδὲν
616 1452 653 1512 ἔτι
668 1452 843 1531 νεωτερίζείψ
860 1452 927 1510 ἄλλο
937 1453 959 1509 δ’
976 1450 1048 1552 οὐδὲν
1064 1486 1065 1489 “
1102 1503 1182 1553 busin
1192 1496 1590 1567 posterumnnvsndisdeterruit·
1601 1496 1697 1546 nullum
1707 1492 1875 1556 veropraeter·

279 1536 316 1604 ὧν
334 1546 358 1602 οἱ
377 1544 490 1620 πόλεμον
506 1540 612 1619 φέρουσι
629 1541 719 1598 δεινῶν
742 1537 884 1617 οὐδετέροις
899 1539 924 1597 ἓν
939 1541 977 1617 τῷ
991 1558 1049 1595 τοτε

279 1630 377 1703 συνίύη
393 1629 490 1710 χρόνῳ.
532 1628 674 1705 Τοιγάρτοι
689 1624 776 1707 ῥᾴδιαί
790 1651 818 1684 τε
833 1623 961 1685 καλούδδν
976 1624 1051 1703 ἔγκο·

278 1743 322 1786 τον
348 1717 456 1798 ἔχουσαι
476 1714 695 1797 προθυμηθέντων
708 1712 852 1790 Ῥωμαίων
874 1715 902 1772 αί
923 1712 1052 1778 διαλύσεις

228 1824 252 1864 rs
279 1808 494 1879 ἐπετελέσθησαν.

318 1895 438 1957 XXXV.
456 1893 550 1952 Ταῦτα
559 1888 767 1970 διαπραξάμενος
776 1889 872 1959 tetri<
886 1888 953 1956 ἰδίας
968 1890 1052 1968 ἀρχῆς

281 1979 401 2062 βασιλεὺς
414 1979 516 2044 Τύλλος
526 1978 671 2049 Ὁστίλιος,
679 1975 745 2055 ἀνὴρ
754 1980 780 2036 ἐν
790 1974 886 2054 ὀλίγοις
897 1975 965 2044 ἄξιος
973 1977 1049 2035 εὐλο-

279 2073 380 2151 γεῖσθαι
392 2072 439 2138 τῆς
455 2070 479 2126 τ’
494 2066 632 2140 εὐτολμίας
646 2063 724 2122 ἕνεκα
738 2068 784 2135 τῆς
797 2064 861 2143 πρὸς
876 2062 909 2122 εδ
924 2064 1050 2139 πολέμια,

279 2159 325 2219 καί
343 2161 389 2228 τῆς
403 2153 553 2236 φρονήσεως
566 2156 614 2223 τῆς
627 2150 688 2230 περί
698 2150 733 2210 τδι
745 2150 832 2224 δεινδι,
847 2150 912 2231 ὑπὲρ
932 2151 1012 2230 ἄμφω
1024 2151 1052 2211 δὲ

228 2260 253 2299 2⁰
280 2252 381 2317 ταῦτα,
402 2242 442 2302 ὅτι
469 2245 498 2301 οὐ
515 2240 597 2319 ταχύς
616 2236 653 2298 διν
674 2243 710 2306 τίς
724 2239 838 2315 πολεμον
856 2239 922 2298 ἴέναι
949 2239 1054 2317 βίύαιος

280 2326 312 2407 ἦν
326 2329 459 2398 καταστάς
471 2332 506 2396 είς
520 2328 597 2388 αὐτόν
613 2329 639 2386 ίν
652 2326 736 2386 ἅπασι
750 2331 800 2385 τῶν
814 2328 963 2386 ἀντιπάλων
976 2327 1053 2407 προί-

279 2444 348 2502 χειν.
390 2414 462 2490 ”Em
478 2416 505 2475 δί
521 2414 663 2494 κατασχὼν
686 2414 734 2484 τδν
755 2412 838 2493 ἀρχὴν
853 2411 898 2472 δύο
915 2413 960 2472 καὶ
977 2414 1052 2493 τρισί·

281 2533 361 2568 κοντα
376 2508 487 2585 τελευτᾶι
509 2503 554 2563 τδν
573 2503 648 2581 βίον,
674 2503 868 2581 ἐμπρησθείσης
887 2505 934 2573 τῆς
955 2502 1053 2569 οίκίας·

281 2598 325 2658 καλ
345 2595 392 2655 οὐν
411 2596 483 2673 αὐτῷ
507 2591 573 2669 γυνή
595 2591 618 2648 τ’
635 2590 783 2649 ἀπόλλυται
802 2587 849 2648 καί
869 2589 948 2648 τίκνοι
973 2589 1019 2649 καί
1040 2593 1054 2649 θ

224 2705 250 2743 ss
281 2687 357 2752 ἄλλος
384 2681 509 2747 οίιιετικδς
533 2680 610 2759 ύχλος
632 2679 703 2747 ἅπας
733 2677 909 2758 καταληφθείς
939 2675 991 2737 berb
1009 2681 1054 2736 τοῦ

281 2772 370 2854 πυρός.
414 2772 644 2848 Καταπρησθῆναι
664 2765 692 2825 δὲ
716 2764 764 2838 τὴν
785 2765 870 2824 οίκίαν
887 2769 912 2826 οί
933 2763 981 2842 μὲν
1004 2764 1055 2824 int

281 2862 412 2941 κεραυνῶν
426 2858 546 2936 λέγουσι,
560 2856 715 2933 μηνίσαντος
731 2858 775 2912 τοῦ
792 2860 849 2913 θεοῦ
866 2855 900 2912 δι’
916 2851 1056 2932 ὀλιγωρίαν

283 2950 360 3027 ἱερῶν
373 2969 470 3006 τινων·
485 2949 601 3005 ἐκλιπεῖν
613 2942 664 3023 γὰρ
676 2942 719 3001 tet
735 2945 780 3013 τῆς
796 2944 881 3020 ἀρχῆς
895 2944 943 3013 τῆς
957 2941 1055 3001 ίκείνου

284 3036 408 3116 πατρίους
432 3032 504 3100 τινδις
526 3032 632 3106 θυσίας,
654 3031 743 3109 ἑτέρας
765 3029 788 3087 δ’
812 3031 863 3107 οὐχ
890 3026 1057 3108 ὑπαρχούσας

227 3152 253 3191 sn
285 3123 440 3203 ἐπιχωρίως
461 3119 606 3194 Ῥωμαίοις
624 3131 804 3197 παραγαγεῖν’
819 3117 843 3174 σί
860 3114 888 3173 δὲ
908 3114 1012 3182 πλείους
1031 3114 1057 3183 ἐξ

284 3210 448 3293 ἀνθρωπίνης
460 3207 538 3288 φασίν
552 3206 691 3277 ἐπιύουλῆς
704 3204 734 3262 τδ
747 3203 829 3267 πάθος
843 3201 977 3282 γενέσθαι,
988 3205 1055 3259 οίνα-

283 3301 395 3365 τιθέντες
416 3298 445 3357 τὸ
465 3297 540 3376 ἔργον
568 3293 681 3374 Μαρκίῳ
700 3294 737 3372 τῷ
758 3293 816 3359 μετ’
838 3292 934 3349 ἐκεῖνον
950 3288 1056 3368 ἄρξαντι

284 3393 330 3459 τῆς
346 3386 458 3451 πολεως.
501 3385 604 3444 Τοῦτον
628 3383 678 3459 γάρ
697 3382 726 3438 ίκ
740 3384 787 3450 τῆς
803 3378 882 3454 ‚lips
906 3378 1057 3454 Πομπιλίου

284 3472 413 3554 θυγατρδς
425 3471 564 3548 γινόμενον
581 3467 707 3548 ἄχθεσθαί
721 3470 744 3522 θ’
757 3468 798 3525 ὅτι
817 3470 846 3525 ἐκ
862 3464 995 3545 βασιλείου
1009 3464 1055 3544 γί-

230 3590 256 3629 ns
285 3586 343 3631 νους
355 3559 478 3640 πεφυκὼς
494 3557 572 3623 αὐτθτ
588 3554 692 3628 ἰδιώτης
704 3546 750 3627 ἦν,
776 3553 821 3613 καί
835 3552 909 3631 γένος
921 3553 1057 3636 ίπιτρεφό·

286 3674 362 3731 μενον
375 3653 478 3730 δρῶντα
492 3651 530 3727 τῷ
542 3651 640 3726 Τύλλῳ
655 3645 750 3712 παντὸς
764 3645 871 3721 μάλισθ’
890 3642 1055 3722 ὑποπτεύειν,

286 3738 310 3798 τί
325 3762 351 3797 τι
367 3738 446 3796 πάθοι
458 3739 482 3796 Τ
484 3735 560 3801 ύλλος
574 3739 608 3800 είς
623 3731 681 3799 τούς
696 3733 795 3792 ἐκείνου
810 3731 906 3797 παῖδας
920 3730 990 3801 ἥξειν
1010 3729 1058 3802 τλν

287 3826 393 3908 δρχιίν..
426 3824 519 3885 Ταῦτα
536 3821 568 3885 δὴ
592 3818 771 3894 διανοούμενον
794 3820 824 3876 ἐκ
841 3820 940 3875 πολλοῦ
963 3815 1060 3884 στάσα-

289 3922 351 3975 σθαι
365 3912 433 3973 κατδι
449 3916 494 3969 τοῦ
512 3908 640 3989 βασιλέως
659 3905 818 3981 ἓπιύουλλν,
834 3904 945 3969 πολλοὺς
963 3903 1058 3982 ἔχοντα

227 4032 260 4069 nn
288 4001 432 4077 Ῥωμαίων
448 3997 507 4065 τούς
523 3995 813 4074 συγκατασκευάζοντας
833 3995 903 4071 αὐτῷ
917 3992 964 4062 τὴν
983 3994 1059 4050 δυνα-

290 4091 389 4160 στείαν,
403 4088 477 4169 φίλον
491 4087 514 4144 δ’
529 4085 591 4144 ὄντα
599 4090 644 4143 τοῦ
656 4086 681 4143 Τ
682 4082 760 4141 ύλλου
771 4081 816 4140 καί
828 4082 854 4138 ἐν
870 4088 923 4146 τοῖς
942 4079 1059 4155 μάλιστα

289 4174 474 4251 πιστευόμενον
485 4172 644 4252 φυλάττειν,
655 4169 697 4229 ότι
711 4168 800 4249 καιρδς
812 4167 955 4238 ἐπιτήδειος
966 4168 1058 4248 φανείη

290 4269 337 4335 τῆς
362 4265 511 4325 ἐπιθέσεως.
554 4259 703 4324 Μίλλοντος
725 4255 753 4315 δὲ
775 4264 821 4317 τοῦ
840 4256 946 4315 Τύλλου
969 4256 1060 4315 θυσίαν

290 4344 348 4403 τινδι
363 4348 422 4403 κατ’
438 4336 507 4405 οίκον
523 4349 666 4415 ἐπιτελεῖν,
681 4345 715 4417 ἣν
730 4343 823 4410 αὐτούς
838 4341 916 4418 μόνον
937 4342 1060 4403 ἐύούλετο

236 4471 263 4509 45
291 4429 350 4500 τούς
365 4432 524 4509 ἀναγκαίους
538 4433 647 4504 είδίναι,
660 4433 704 4490 καὶ
719 4431 787 4490 κατδι
802 4430 915 4507 δαίμονα
929 4434 976 4501 τῆς
990 4430 1059 4507 ἡμί-

292 4543 338 4599 ρας
359 4519 455 4590 ἐκείνης
468 4519 603 4599 χειμερίου
616 4519 716 4599 σφόδρα
727 4517 868 4596 γενομένης
888 4518 956 4577 κατά
975 4521 999 4575 τ’
1011 4518 1061 4592 θμ-

291 4608 351 4687 6ρον
367 4609 411 4667 καὶ
431 4609 512 4680 ζάλην
527 4606 572 4668 καί
587 4606 692 4679 σκότος,
707 4605 770 4664 ὥστ’
786 4605 883 4685 ἔρημον
896 4606 1058 4686 ἀπολειφθῆ-

290 4720 334 4755 ναι
357 4698 401 4755 τδν
426 4697 476 4776 spi
498 4701 544 4768 τῆς
570 4697 651 4762 οἰκίας
674 4693 753 4753 τόπον
782 4696 833 4753 τῶν
860 4692 1057 4770 φυλαττόντων,

292 4784 438 4857 ἐπιτήδειον
450 4783 675 4862 ύπολαμὸοίνοντα
690 4781 733 4840 τδν
749 4782 839 4861 καιρὸν
852 4778 909 4858 ἅμα
922 4783 975 4845 τοῖς
989 4781 1061 4839 ίταί-

239 4910 266 4948 ,η
294 4896 345 4951 ροις
360 4874 466 4952 ἔχουσιν
485 4872 536 4932 tel
556 4880 614 4940 ταῖς
628 4869 782 4951 περιύολαῖς
796 4869 829 4928 τδι
850 4867 909 4951 ξίφη
925 4871 1064 4946 παρελθεῖν

294 4958 357 5016 είσω
378 4963 430 5016 τῶν
444 4963 546 5042 θυρῶν·
567 4958 758 5019 ἀποκτείναντα
778 4956 805 5013 δὲ
819 4957 863 5015 τδν
885 4954 998 5034 βασιλέα
1020 4956 1065 5015 καὶ

294 5042 352 5112 τοδς
361 5047 458 5112 παῖδας
472 5049 552 5106 αὐτοῦ
567 5047 613 5105 καί
627 5051 677 5105 τῶν
693 5045 779 5104 άλλων
794 5043 862 5109 ὅσοις
876 5043 1011 5122 ἐνέτυχεν,
1025 5045 1066 5101 ἐν·

295 5131 361 5189 εἶναι
376 5136 428 5211 πῦρ
441 5135 476 5199 εἰς
488 5132 536 5204 τὴν
549 5134 633 5192 οῖ’κίαν
649 5131 717 5190 κατὰ
731 5131 844 5196 πολλοὺς
857 5132 966 5196 τόπους·
980 5133 1064 5186 ταῦτα

296 5216 478 5297 δίπράξαντα
500 5220 543 5280 τδν
558 5218 623 5301 reip
636 5222 683 5291 τῆς
703 5217 889 5298 κεραυνώσεως
911 5217 1063 5295 διασπεῖραι

783 438 953 498 biuuisll
975 434 1348 496 HALICARNASSENSIS

1097 579 1142 627 aut
1154 576 1178 625 in
1193 575 1338 625 servitutem
1349 572 1448 623 redacte
1460 574 1503 622 sut
1516 570 1597 633 aliqua
1608 571 1656 621 alis
1664 568 1792 619 insanabili
1802 570 1869 621 cals-

1098 682 1184 732 mitute
1199 680 1290 731 allecta
1305 682 1364 729 est:
1385 676 1430 727 sed
1443 676 1603 739 irruptionem
1624 675 1742 725 lenientes
1760 675 1831 725 elteri
1845 676 1871 725 in

1099 784 1232 835 alterorum
1246 796 1348 846 sgnum,
1362 794 1412 844 quo
1426 783 1535 843 tempore
1554 778 1707 828 trumentum
1720 776 1752 826 ad
1767 777 1871 826 maturi·

1098 891 1175 940 tatem
1186 888 1326 948 accederet,
1339 885 1532 950 populantesque
1543 881 1666 945 regionem
1682 880 1784 930 domum
1793 878 1870 931 redu-

1099 995 1186 1045 cebant
1209 994 1292 1057 copias
1310 990 1530 1056 pennutabaniqus
1551 986 1670 1052 captivos.
1703 989 1783 1036 Unum
1811 996 1872 1035 sero

1100 1095 1299 1146 urbemnomlnis
1309 1091 1548 1151 batinildedulliam
1558 1105 1608 1157 quo
1618 1089 1761 1155 iampridem
1770 1086 1874 1140 Romani

1102 1201 1215 1263 regnante
1232 1198 1335 1249 Romulo
1349 1198 1468 1249 coloniam
1487 1196 1654 1255 deduxerant,
1668 1198 1697 1244 ut
1709 1194 1735 1243 in
1747 1190 1874 1256 superiore

1102 1301 1165 1353 libro
1177 1317 1192 1352 ιι
1205 1316 1245 1352 me
1261 1301 1355 1352 dictum
1372 1304 1423 1361 est,
1434 1300 1491 1364 quia
1505 1312 1591 1349 rursus
1604 1298 1637 1347 nd
1648 1295 1774 1361 gentilium
1792 1296 1873 1357 partes

1102 1402 1232 1453 transierat
1239 1415 1306 1464 „rex
1317 1404 1482 1452 Romanorum
1493 1398 1618 1449 obsidione
1629 1397 1794 1461 expugnatam
1805 1405 1821 1443 a
1834 1403 1873 1441 re·

1104 1617 1134 1656 es
1142 1605 1250 1667 malum,
1265 1603 1330 1667 quod
1338 1602 1402 1653 bella
1416 1614 1501 1652 secum
1518 1601 1608 1651 silure
1615 1598 1811 1655 consueverunt,
1822 1592 1876 1642 toto

1104 1706 1147 1758 illo
1156 1710 1267 1770 tempore
1280 1704 1405 1756 alterutris
1418 1702 1516 1753 accidit.
1549 1703 1630 1759 Quare
1643 1697 1759 1750 Romanis
1771 1691 1876 1745 auctori·

1105 1808 1152 1857 bus
1165 1820 1214 1870 pax
1226 1804 1305 1856 facilis
1317 1808 1342 1855 et
1355 1804 1447 1855 nuceta
1458 1804 1525 1854 lacta
1535 1806 1582 1853 est

1136 1910 1231 1960 xxxv.
1245 1910 1305 1958 Hoec
1316 1904 1401 1955 Tullus
1414 1904 1533 1956 Hostilius
1545 1899 1657 1966 regnisui
1667 1902 1778 1963 tempore
1789 1892 1874 1961 gnus,

1106 2016 1145 2066 rir
1159 2015 1287 2081 singularis
1302 2019 1328 2067 et
1349 2013 1439 2067 eximis
1449 2011 1522 2062 laude
1533 2009 1636 2071 dignus,
1649 2019 1708 2057 cum
1720 2002 1753 2054 ub
1769 2002 1879 2053 anirum

1107 2123 1234 2172 strenuum
1245 2120 1271 2170 ln
1281 2119 1357 2170 rebus
1368 2116 1477 2173 bellicis.
1491 2117 1545 2164 tum
1557 2110 1589 2162 ob
1604 2107 1773 2175 prudentiam,
1783 2116 1833 2168 qua
1851 2101 1877 2152 ln

1106 2219 1220 2286 periculis
1230 2219 1346 2270 utebslur
1358 2236 1364 2266 :
1378 2214 1500 2280 precipue
1513 2224 1572 2262 rero
1585 2208 1653 2275 quod
1675 2208 1702 2259 in
1711 2204 1776 2256 bello
1797 2200 1878 2253 susci·

1106 2319 1195 2385 pisudo
1213 2320 1295 2370 lentus
1307 2330 1337 2367 eo
1355 2314 1470 2377 suscepto
1487 2311 1514 2361 in
1531 2308 1646 2360 omnibus
1666 2305 1741 2357 rebus
1760 2303 1879 2354 adress·

1107 2421 1158 2472 rios
1176 2417 1312 2469 constantin
1324 2411 1465 2478 superabat.
1499 2411 1560 2462 llum
1572 2411 1655 2458 autem
1667 2404 1792 2470 regnasset
1804 2413 1881 2451 annos

1108 2521 1207 2584 triginta
1216 2523 1243 2569 et
1255 2518 1330 2576 duos,
1343 2515 1403 2566 obiit
1413 2513 1488 2563 domo
1500 2511 1613 2568 incense,
1629 2511 1656 2559 et
1670 2519 1728 2557 cum
1740 2518 1770 2556 eo
1779 2505 1806 2554 et
1818 2512 1881 2551 uxor

1108 2634 1133 2679 et
1154 2627 1248 2689 reliqua
1266 2622 1403 2675 domestica
1418 2617 1495 2669 turba
1515 2612 1628 2665 incendio
1648 2611 1779 2673 absumpta
1796 2604 1877 2670 periit.

1109 2726 1215 2789 Quidam
1224 2728 1307 2776 autem
1316 2723 1385 2774 aiunt
1395 2711 1496 2773 domm
1507 2719 1608 2771 tubulus
1619 2717 1695 2767 ictam
1707 2714 1879 2777 conflagrasse,

1108 2831 1173 2880 irato
1186 2829 1233 2880 deo
1253 2827 1285 2878 ob
1301 2825 1456 2891 quorundum
1473 2835 1600 2875 sacrorum
1615 2832 1701 2871 curam
1716 2817 1852 2882 neglectam
1872 2834 1880 2865 ι

1109 2947 1139 2985 eo
1147 2932 1213 2983 enim
1224 2933 1339 2995 regnante
1348 2926 1465 2979 nominoio
1479 2923 1593 2991 quodum
1601 2920 1681 2986 putris
1694 2909 1845 2977 intermissa,
1857 2917 1883 2964 et

1110 3034 1158 3084 slis
1168 3031 1282 3097 quedem
1296 3028 1412 3083 Romanis
1429 3026 1517 3078 ritibus
1530 3039 1577 3075 non
1589 3024 1689 3086 recepte
1703 3020 1729 3070 in
1747 3016 1883 3082 rempubli-

1110 3148 1164 3186 cam
1179 3132 1319 3184 introductu
1333 3143 1395 3181 esse.
1428 3128 1541 3191 Plerique
1556 3130 1639 3176 ιειιιειι
1650 3123 1677 3174 ld
1692 3123 1716 3172 ei
1728 3136 1759 3173 ex
1768 3121 1883 3172 humanis

1110 3235 1205 3287 insidiis
1239 3231 1369 3296 contigisse
1396 3231 1477 3289 siunt,
1503 3227 1596 3279 liureio
1623 3222 1727 3283 tamnus,
1758 3221 1802 3286 qui
1828 3223 1885 3285 post

1110 3354 1167 3392 eum
1184 3336 1307 3402 regnarit,
1324 3333 1494 3383 attribuentes.
1527 3330 1601 3378 Hunc
1612 3326 1677 3379 enim
1686 3327 1774 3374 liumus
1786 3320 1884 3386 Pompi-

1110 3435 1138 3486 lii
1163 3446 1196 3484 ex
1212 3432 1263 3483 iilia
1281 3432 1395 3494 nepotem
1421 3440 1486 3491 segre
1506 3426 1576 3475 siunt
1603 3423 1705 3482 tulisse,
1729 3420 1795 3485 quod
1819 3419 1885 3484 regis

1112 3538 1187 3601 stirpe
1205 3537 1277 3585 natus
1295 3531 1405 3596 privatus
1425 3528 1540 3591 degeret,
1562 3527 1602 3586 et,
1624 3536 1681 3573 cum
1707 3520 1803 3573 rideret
1823 3518 1885 3568 tilios

1111 3632 1182 3684 Tullo
1198 3641 1368 3689 succrescere,
1378 3626 1530 3690 suspicatum
1545 3635 1612 3683 esse,
1632 3619 1727 3683 siquid
1743 3616 1886 3667 humanitus

1112 3727 1183 3779 Tollo
1195 3724 1338 3784 accidisset,
1356 3720 1453 3772 adsim
1465 3718 1556 3770 llberos
1567 3728 1672 3780 regnum
1684 3713 1832 3765 devolutum
1844 3710 1883 3760 iri.

1112 3827 1172 3875 lime
1187 3824 1262 3884 igitur
1273 3820 1422 3886 cogitantem
1439 3817 1482 3868 diu
1502 3815 1555 3879 regi
1569 3812 1672 3864 insidias
1692 3811 1813 3862 struxisse
1830 3823 1887 3859 cunr

1113 3920 1200 3971 multis
1217 3918 1341 3978 Romanis,
1355 3915 1437 3978 quiin
1451 3925 1526 3977 regno
1538 3908 1703 3974 comparando
1715 3920 1771 3957 eum
1780 3903 1887 3953 adiura-

1114 4018 1188 4077 bsnt,
1212 4029 1318 4077 cumque
1341 4015 1408 4064 esset
1422 4009 1488 4061 Tulli
1512 4008 1605 4058 amicus
1620 4009 1650 4056 et
1669 4004 1732 4054 inter
1755 4000 1889 4051 tidissirnos

1114 4122 1265 4177 censeretur,
1289 4116 1433 4165 observasse
1452 4114 1552 4175 tempus
1567 4107 1633 4172 quod
1648 4106 1680 4157 ad
1695 4104 1887 4170 aggrediendum

1114 4220 1280 4283 opportunum
1306 4212 1440 4263 videretur.
1470 4212 1533 4260 ilum
1554 4209 1638 4271 iisque
1658 4205 1746 4257 Tullus
1767 4203 1889 4255 domesti-

1115 4335 1173 4370 cum
1184 4318 1309 4384 quoddam
1321 4316 1430 4366 tacturus
1444 4315 1510 4364 esset
1523 4309 1687 4372 sacrificium,
1701 4306 1769 4373 quod
1782 4305 1841 4357 solis
1851 4305 1888 4355 io·

1115 4415 1287 4469 miliarissimis
1303 4418 1388 4465 notum
1400 4427 1456 4464 esse
1469 4411 1581 4472 volebat,
1601 4412 1627 4460 et
1642 4410 1707 4459 torte
1720 4408 1762 4457 illo
1771 4406 1812 4455 dle
1824 4409 1889 4455 tem·

1116 4520 1200 4582 postas
1209 4517 1264 4565 orta
1275 4515 1341 4564 esset
1356 4525 1413 4562 cum
1427 4510 1548 4562 imbribus
1569 4510 1595 4559 et
1606 4507 1720 4572 procellis
1739 4508 1764 4555 et
1776 4503 1889 4565 caligine,

1116 4618 1152 4669 itu
1163 4621 1191 4669 ut
1205 4619 1284 4668 totum
1293 4614 1367 4680 regies
1378 4611 1529 4664 vestibulum
1543 4624 1558 4661 ε
1570 4609 1715 4660 custodibus
1727 4606 1891 4666 desereretur,

1117 4724 1248 4775 Marcium
1257 4721 1339 4768 ratum
1348 4715 1373 4766 id
1383 4714 1501 4765 idoneum
1510 4726 1565 4763 esse
1575 4713 1682 4774 tempus,
1693 4721 1750 4759 cum
1760 4706 1832 4756 sociis
1843 4707 1891 4758 sub

1118 4828 1188 4876 reste
1202 4821 1295 4885 gudino
1316 4816 1469 4883 gestantibus
1488 4814 1554 4864 iores
1572 4811 1695 4861 introiisse
1712 4810 1892 4859 :cessantem

1118 4934 1174 4987 rege
1190 4920 1290 4983 eiusque
1301 4916 1384 4968 liberis
1393 4916 1419 4965 el
1429 4913 1484 4963 aliis
1495 4912 1520 4961 in
1535 4924 1597 4974 quos
1607 4906 1703 4970 incidit,
1715 4905 1797 4968 mirem
1809 4904 1834 4955 ln
1848 4918 1893 4957 ra·

1118 5025 1168 5075 riae
1183 5023 1276 5075 edium
1296 5022 1381 5084 psrtes
1395 5017 1522 5077 iniecisse,
1539 5018 1613 5076 etque
1627 5012 1674 5062 lrsc
1685 5022 1713 5061 re
1732 5009 1832 5074 peracte
1847 5019 1893 5056 nr·

1119 5135 1214 5173 morem
1224 5120 1292 5170 illum
1304 5118 1336 5168 de
1349 5114 1457 5166 fulminis
1472 5113 1525 5163 ictu
1537 5108 1663 5174 sparsisse.
1697 5109 1748 5169 Ego
1759 5119 1819 5156 vero
1829 5102 1896 5153 bunc

1123 5220 1232 5271 isbulom
1244 5232 1292 5268 non
1311 5215 1427 5276 admitto,
1448 5225 1522 5275 quem
1541 5221 1621 5271 neque
1633 5220 1719 5259 reram
1742 5216 1823 5268 neque
1840 5216 1898 5289 pro-
