<?xml version="1.0" encoding="UTF-8"?>
<!DOCTYPE html PUBLIC "-//W3C//DTD XHTML 1.0 Transitional//EN"
    "http://www.w3.org/TR/xhtml1/DTD/xhtml1-transitional.dtd">
<html xmlns="http://www.w3.org/1999/xhtml" xml:lang="en" lang="en">
 <head>
  <title>
</title>
<meta http-equiv="Content-Type" content="text/html;charset=utf-8" />
  <meta name='ocr-system' content='tesseract 3.04.00' />
  <meta name='ocr-capabilities' content='ocr_page ocr_carea ocr_par ocr_line ocrx_word'/>
</head>
<body>
  <div class='ocr_page' id='page_1' title='image "./dionysiihalicar01prougoog_0151.png"; bbox 0 0 4068 5924; ppageno 0'>
   <div class='ocr_carea' id='block_1_1' title="bbox 282 412 340 472">
    <p class='ocr_par' dir='ltr' id='par_1_1' title="bbox 282 412 340 472">
     <span class='ocr_line' id='line_1_1' title="bbox 282 412 340 472; baseline 0.052 -3"><span class='ocrx_word' id='word_1_1' title='bbox 282 412 340 472; x_wconf 73' lang='lat'><strong>138</strong></span> 
     </span>
    </p>
   </div>
   <div class='ocr_carea' id='block_1_2' title="bbox 238 541 1058 1065">
    <p class='ocr_par' dir='ltr' id='par_1_2' title="bbox 238 541 1058 1065">
     <span class='ocr_line' id='line_1_2' title="bbox 280 541 1057 622; baseline -0.001 -22"><span class='ocrx_word' id='word_1_2' title='bbox 280 543 417 622; x_wconf 76' lang='grc' dir='ltr'>φιλοτιμία</span> <span class='ocrx_word' id='word_1_3' title='bbox 429 544 473 602; x_wconf 78' lang='grc' dir='ltr'><strong>καί</strong></span> <span class='ocrx_word' id='word_1_4' title='bbox 483 541 611 622; x_wconf 78' lang='grc' dir='ltr'>λοχαγοὺς</span> <span class='ocrx_word' id='word_1_5' title='bbox 622 542 668 601; x_wconf 83' lang='grc' dir='ltr'><strong>καί</strong></span> <span class='ocrx_word' id='word_1_6' title='bbox 680 542 859 622; x_wconf 84' lang='grc' dir='ltr'>στρατιώτας,</span> <span class='ocrx_word' id='word_1_7' title='bbox 869 544 973 601; x_wconf 83' lang='grc' dir='ltr'>πολλῶν</span> <span class='ocrx_word' id='word_1_8' title='bbox 988 543 1057 602; x_wconf 84' lang='grc' dir='ltr'>πάνυ</span> 
     </span>
     <span class='ocr_line' id='line_1_3' title="bbox 281 629 1055 713; baseline 0.003 -24"><span class='ocrx_word' id='word_1_9' title='bbox 281 632 501 713; x_wconf 81' lang='grc' dir='ltr'>προθυμουμένων</span> <span class='ocrx_word' id='word_1_10' title='bbox 517 631 698 710; x_wconf 69' lang='grc' dir='ltr'>ἐξενέγκασθαι</span> <span class='ocrx_word' id='word_1_11' title='bbox 712 629 746 689; x_wconf 85' lang='grc' dir='ltr'><strong>τδι</strong></span> <span class='ocrx_word' id='word_1_12' title='bbox 761 635 807 702; x_wconf 72' lang='grc' dir='ltr'><strong>τῆς</strong></span> <span class='ocrx_word' id='word_1_13' title='bbox 822 632 910 711; x_wconf 87' lang='grc' dir='ltr'>μάχης</span> <span class='ocrx_word' id='word_1_14' title='bbox 925 634 1055 713; x_wconf 80' lang='grc' dir='ltr'>ἀριστεῖα,</span> 
     </span>
     <span class='ocr_line' id='line_1_4' title="bbox 280 717 1057 801; baseline 0 -23"><span class='ocrx_word' id='word_1_15' title='bbox 280 719 366 778; x_wconf 84' lang='grc' dir='ltr'>καλοῦ</span> <span class='ocrx_word' id='word_1_16' title='bbox 381 720 451 799; x_wconf 87' lang='grc' dir='ltr'>λόγῳ</span> <span class='ocrx_word' id='word_1_17' title='bbox 461 718 658 787; x_wconf 77' lang='grc' dir='ltr'>σπουδαζόντων</span> <span class='ocrx_word' id='word_1_18' title='bbox 676 717 773 795; x_wconf 86' lang='grc' dir='ltr'>μόνον,</span> <span class='ocrx_word' id='word_1_19' title='bbox 789 720 858 778; x_wconf 73' lang='grc' dir='ltr'>ἀλλὰ</span> <span class='ocrx_word' id='word_1_20' title='bbox 872 719 917 778; x_wconf 85' lang='grc' dir='ltr'><strong>καὶ</strong></span> <span class='ocrx_word' id='word_1_21' title='bbox 931 720 1000 801; x_wconf 76' lang='grc' dir='ltr'>ἔργῳ</span> <span class='ocrx_word' id='word_1_22' title='bbox 1014 745 1057 799; x_wconf 89' lang='grc' dir='ltr'><strong>φι-</strong></span> 
     </span>
     <span class='ocr_line' id='line_1_5' title="bbox 280 804 1058 886; baseline 0.001 -20"><span class='ocrx_word' id='word_1_23' title='bbox 280 806 400 879; x_wconf 86' lang='grc' dir='ltr'>λοτιμίας</span> <span class='ocrx_word' id='word_1_24' title='bbox 413 809 652 884; x_wconf 76' lang='grc' dir='ltr'>ἀποδεικνυμένων,</span> <span class='ocrx_word' id='word_1_25' title='bbox 664 805 731 865; x_wconf 85' lang='grc' dir='ltr'>ὥστε</span> <span class='ocrx_word' id='word_1_26' title='bbox 742 804 864 886; x_wconf 79' lang='grc' dir='ltr'>χαλεττλν</span> <span class='ocrx_word' id='word_1_27' title='bbox 875 808 994 886; x_wconf 86' lang='grc' dir='ltr'>γενέσθαι</span> <span class='ocrx_word' id='word_1_28' title='bbox 1004 816 1058 875; x_wconf 86' lang='grc' dir='ltr'>τοῖς</span> 
     </span>
     <span class='ocr_line' id='line_1_6' title="bbox 238 893 1054 973; baseline 0.005 -22"><span class='ocrx_word' id='word_1_29' title='bbox 238 913 251 951; x_wconf 83' lang='lat' dir='ltr'><strong>c</strong></span> <span class='ocrx_word' id='word_1_30' title='bbox 281 895 407 973; x_wconf 72' lang='grc' dir='ltr'>ἡγεμόσιν</span> <span class='ocrx_word' id='word_1_31' title='bbox 431 897 518 953; x_wconf 76' lang='grc' dir='ltr'>αὐτῶν</span> <span class='ocrx_word' id='word_1_32' title='bbox 534 893 647 966; x_wconf 73' lang='grc' dir='ltr'>τὴντῶν</span> <span class='ocrx_word' id='word_1_33' title='bbox 666 897 884 966; x_wconf 75' lang='grc' dir='ltr'>ἐπιτηδειοτάτων</span> <span class='ocrx_word' id='word_1_34' title='bbox 906 896 1054 973; x_wconf 91' lang='grc' dir='ltr'>διάγνωσιν.</span> 
     </span>
     <span class='ocr_line' id='line_1_7' title="bbox 281 975 1056 1065; baseline -0.001 -21"><span class='ocrx_word' id='word_1_35' title='bbox 281 986 314 1044; x_wconf 86' lang='lat' dir='ltr'><strong>El</strong></span> <span class='ocrx_word' id='word_1_36' title='bbox 328 983 379 1064; x_wconf 86' lang='grc' dir='ltr'><strong>γάρ</strong></span> <span class='ocrx_word' id='word_1_37' title='bbox 399 1008 438 1050; x_wconf 93' lang='grc' dir='ltr'><strong>τις</strong></span> <span class='ocrx_word' id='word_1_38' title='bbox 456 975 487 1055; x_wconf 74' lang='grc' dir='ltr'>ἦν</span> <span class='ocrx_word' id='word_1_39' title='bbox 504 983 521 1054; x_wconf 77' lang='grc' dir='ltr'>ἢ</span> <span class='ocrx_word' id='word_1_40' title='bbox 535 986 657 1064; x_wconf 88' lang='grc' dir='ltr'>πατέρων</span> <span class='ocrx_word' id='word_1_41' title='bbox 673 985 811 1065; x_wconf 81' lang='grc' dir='ltr'>ἐπιφανείᾳ</span> <span class='ocrx_word' id='word_1_42' title='bbox 833 985 950 1064; x_wconf 79' lang='grc' dir='ltr'>λαμπρὸς</span> <span class='ocrx_word' id='word_1_43' title='bbox 970 983 1056 1055; x_wconf 65' lang='grc' dir='ltr'>δισύ-</span> 
     </span>
    </p>
   </div>
   <div class='ocr_carea' id='block_1_3' title="bbox 220 1070 1062 5221">
    <p class='ocr_par' dir='ltr' id='par_1_3' title="bbox 280 1070 1056 1154">
     <span class='ocr_line' id='line_1_8' title="bbox 280 1070 1056 1154; baseline 0.003 -24"><span class='ocrx_word' id='word_1_44' title='bbox 280 1094 362 1148; x_wconf 88' lang='grc' dir='ltr'>ματος</span> <span class='ocrx_word' id='word_1_45' title='bbox 378 1070 454 1154; x_wconf 78' lang='grc' dir='ltr'>ῥύμῃ</span> <span class='ocrx_word' id='word_1_46' title='bbox 470 1071 616 1152; x_wconf 80' lang='grc' dir='ltr'>διαπρεπὴς</span> <span class='ocrx_word' id='word_1_47' title='bbox 630 1071 648 1143; x_wconf 73' lang='grc' dir='ltr'>ί,</span> <span class='ocrx_word' id='word_1_48' title='bbox 664 1073 756 1152; x_wconf 78' lang='grc' dir='ltr'>πράξει</span> <span class='ocrx_word' id='word_1_49' title='bbox 769 1078 802 1152; x_wconf 83' lang='grc' dir='ltr'><strong>τῇ</strong></span> <span class='ocrx_word' id='word_1_50' title='bbox 816 1072 884 1132; x_wconf 83' lang='grc' dir='ltr'>κατδι</span> <span class='ocrx_word' id='word_1_51' title='bbox 901 1077 978 1152; x_wconf 84' lang='grc' dir='ltr'>χεῖρα</span> <span class='ocrx_word' id='word_1_52' title='bbox 994 1097 1056 1152; x_wconf 84' lang='grc' dir='ltr'>γεν-</span> 
     </span>
    </p>

    <p class='ocr_par' dir='ltr' id='par_1_4' title="bbox 279 1160 1055 1241">
     <span class='ocr_line' id='line_1_9' title="bbox 279 1160 1055 1241; baseline 0.001 -23"><span class='ocrx_word' id='word_1_53' title='bbox 279 1169 361 1235; x_wconf 84' lang='grc' dir='ltr'>ναῖος,</span> <span class='ocrx_word' id='word_1_54' title='bbox 382 1161 399 1232; x_wconf 83' lang='grc' dir='ltr'><strong>ἢ</strong></span> <span class='ocrx_word' id='word_1_55' title='bbox 415 1165 475 1221; x_wconf 90' lang='grc' dir='ltr'>κατ’</span> <span class='ocrx_word' id='word_1_56' title='bbox 488 1162 571 1232; x_wconf 79' lang='grc' dir='ltr'>ἄλλην</span> <span class='ocrx_word' id='word_1_57' title='bbox 585 1161 643 1219; x_wconf 86' lang='grc' dir='ltr'>τινδι</span> <span class='ocrx_word' id='word_1_58' title='bbox 659 1162 741 1241; x_wconf 77' lang='grc' dir='ltr'>τύχην</span> <span class='ocrx_word' id='word_1_59' title='bbox 760 1160 778 1232; x_wconf 79' lang='grc' dir='ltr'><strong>ἥ</strong></span> <span class='ocrx_word' id='word_1_60' title='bbox 792 1163 892 1238; x_wconf 88' lang='grc' dir='ltr'>τόλμαν</span> <span class='ocrx_word' id='word_1_61' title='bbox 912 1160 1055 1240; x_wconf 69' lang='grc' dir='ltr'>ἐπίσημος,</span> 
     </span>
    </p>

    <p class='ocr_par' dir='ltr' id='par_1_5' title="bbox 278 1249 1055 1331">
     <span class='ocr_line' id='line_1_10' title="bbox 278 1249 1055 1331; baseline -0.001 -22"><span class='ocrx_word' id='word_1_62' title='bbox 278 1249 370 1309; x_wconf 85' lang='grc' dir='ltr'>έαυτδν</span> <span class='ocrx_word' id='word_1_63' title='bbox 384 1249 457 1321; x_wconf 80' lang='grc' dir='ltr'>ἠξίου</span> <span class='ocrx_word' id='word_1_64' title='bbox 471 1250 573 1309; x_wconf 91' lang='grc' dir='ltr'>τάττειν</span> <span class='ocrx_word' id='word_1_65' title='bbox 589 1253 692 1331; x_wconf 80' lang='grc' dir='ltr'>πρῶτον</span> <span class='ocrx_word' id='word_1_66' title='bbox 707 1254 733 1307; x_wconf 77' lang='grc' dir='ltr'>ἐν</span> <span class='ocrx_word' id='word_1_67' title='bbox 754 1251 806 1317; x_wconf 85' lang='grc' dir='ltr'>τοῖς</span> <span class='ocrx_word' id='word_1_68' title='bbox 826 1253 905 1331; x_wconf 91' lang='grc' dir='ltr'>τρισί.</span> <span class='ocrx_word' id='word_1_69' title='bbox 946 1249 1055 1323; x_wconf 77' lang='grc' dir='ltr'>Ταύτην</span> 
     </span>
    </p>

    <p class='ocr_par' dir='ltr' id='par_1_6' title="bbox 227 1338 1056 1420">
     <span class='ocr_line' id='line_1_11' title="bbox 227 1338 1056 1420; baseline 0.006 -27"><span class='ocrx_word' id='word_1_70' title='bbox 227 1355 250 1393; x_wconf 86' lang='grc' dir='ltr'><strong>ιο</strong></span> <span class='ocrx_word' id='word_1_71' title='bbox 279 1340 322 1396; x_wconf 74' lang='lat' dir='ltr'><strong>inl</strong></span> <span class='ocrx_word' id='word_1_72' title='bbox 346 1339 412 1398; x_wconf 77' lang='grc' dir='ltr'>πολὺ</span> <span class='ocrx_word' id='word_1_73' title='bbox 427 1346 564 1419; x_wconf 77' lang='grc' dir='ltr'>χωροῦσαν</span> <span class='ocrx_word' id='word_1_74' title='bbox 579 1340 605 1396; x_wconf 88' lang='grc' dir='ltr'><strong>έν</strong></span> <span class='ocrx_word' id='word_1_75' title='bbox 625 1338 780 1418; x_wconf 71' lang='grc' dir='ltr'>ἀμφοτέροις</span> <span class='ocrx_word' id='word_1_76' title='bbox 801 1350 852 1406; x_wconf 87' lang='grc' dir='ltr'>τοῖς</span> <span class='ocrx_word' id='word_1_77' title='bbox 877 1338 1056 1420; x_wconf 84' lang='grc' dir='ltr'>στρατεύμασι</span> 
     </span>
    </p>

    <p class='ocr_par' dir='ltr' id='par_1_7' title="bbox 277 1426 1054 1510">
     <span class='ocr_line' id='line_1_12' title="bbox 277 1426 1054 1510; baseline 0.004 -24"><span class='ocrx_word' id='word_1_78' title='bbox 277 1426 325 1498; x_wconf 74' lang='grc' dir='ltr'><strong>τὴν</strong></span> <span class='ocrx_word' id='word_1_79' title='bbox 343 1428 493 1508; x_wconf 90' lang='grc' dir='ltr'>φιλοτιμίαν</span> <span class='ocrx_word' id='word_1_80' title='bbox 510 1431 523 1485; x_wconf 86' lang='grc' dir='ltr'>δ</span> <span class='ocrx_word' id='word_1_81' title='bbox 545 1430 597 1486; x_wconf 83' lang='grc' dir='ltr'><strong>τῶν</strong></span> <span class='ocrx_word' id='word_1_82' title='bbox 620 1426 753 1487; x_wconf 76' lang='grc' dir='ltr'>Ἀλάανιῖιν</span> <span class='ocrx_word' id='word_1_83' title='bbox 771 1428 870 1487; x_wconf 82' lang='grc' dir='ltr'>ἔπαυσε</span> <span class='ocrx_word' id='word_1_84' title='bbox 890 1429 1054 1510; x_wconf 76' lang='grc' dir='ltr'>στρατηγὸς,</span> 
     </span>
    </p>

    <p class='ocr_par' dir='ltr' id='par_1_8' title="bbox 278 1512 1054 1597">
     <span class='ocr_line' id='line_1_13' title="bbox 278 1512 1054 1597; baseline 0.004 -24"><span class='ocrx_word' id='word_1_85' title='bbox 278 1515 429 1590; x_wconf 78' lang='grc' dir='ltr'>ἐνθυμηθεὶς</span> <span class='ocrx_word' id='word_1_86' title='bbox 449 1513 489 1572; x_wconf 82' lang='grc' dir='ltr'><strong>ὅτι</strong></span> <span class='ocrx_word' id='word_1_87' title='bbox 507 1512 564 1571; x_wconf 89' lang='grc' dir='ltr'>θεία</span> <span class='ocrx_word' id='word_1_88' title='bbox 585 1539 623 1580; x_wconf 91' lang='grc' dir='ltr'><strong>τις</strong></span> <span class='ocrx_word' id='word_1_89' title='bbox 646 1514 754 1594; x_wconf 91' lang='grc' dir='ltr'>πρόνοια</span> <span class='ocrx_word' id='word_1_90' title='bbox 775 1519 805 1573; x_wconf 83' lang='grc' dir='ltr'><strong>ἐκ</strong></span> <span class='ocrx_word' id='word_1_91' title='bbox 821 1518 917 1575; x_wconf 89' lang='grc' dir='ltr'>πολλοῦ</span> <span class='ocrx_word' id='word_1_92' title='bbox 935 1539 1054 1597; x_wconf 91' lang='grc' dir='ltr'>προορω-</span> 
     </span>
    </p>

    <p class='ocr_par' dir='ltr' id='par_1_9' title="bbox 278 1602 1055 1684">
     <span class='ocr_line' id='line_1_14' title="bbox 278 1602 1055 1684; baseline 0.001 -22"><span class='ocrx_word' id='word_1_93' title='bbox 278 1603 345 1680; x_wconf 87' lang='grc' dir='ltr'>μένη</span> <span class='ocrx_word' id='word_1_94' title='bbox 359 1602 403 1662; x_wconf 83' lang='grc' dir='ltr'><strong>τὸν</strong></span> <span class='ocrx_word' id='word_1_95' title='bbox 420 1605 549 1679; x_wconf 88' lang='grc' dir='ltr'>μέλλοντα</span> <span class='ocrx_word' id='word_1_96' title='bbox 571 1602 754 1679; x_wconf 76' lang='grc' dir='ltr'>συμύήσεσθαι</span> <span class='ocrx_word' id='word_1_97' title='bbox 768 1612 824 1671; x_wconf 86' lang='grc' dir='ltr'>ταῖς</span> <span class='ocrx_word' id='word_1_98' title='bbox 840 1605 947 1664; x_wconf 87' lang='grc' dir='ltr'>πόλεσιν</span> <span class='ocrx_word' id='word_1_99' title='bbox 965 1607 1055 1684; x_wconf 77' lang='grc' dir='ltr'>ἀγῶνα</span> 
     </span>
    </p>

    <p class='ocr_par' dir='ltr' id='par_1_10' title="bbox 277 1690 1054 1772">
     <span class='ocr_line' id='line_1_15' title="bbox 277 1690 1054 1772; baseline 0.001 -23"><span class='ocrx_word' id='word_1_100' title='bbox 277 1691 335 1758; x_wconf 84' lang='grc' dir='ltr'>τοὺς</span> <span class='ocrx_word' id='word_1_101' title='bbox 350 1690 614 1769; x_wconf 82' lang='grc' dir='ltr'>προκινδυνεύσοντας</span> <span class='ocrx_word' id='word_1_102' title='bbox 635 1692 701 1772; x_wconf 78' lang='grc' dir='ltr'>ὑπὲρ</span> <span class='ocrx_word' id='word_1_103' title='bbox 715 1694 799 1749; x_wconf 82' lang='grc' dir='ltr'>αὐτῶν</span> <span class='ocrx_word' id='word_1_104' title='bbox 817 1691 994 1753; x_wconf 82' lang='grc' dir='ltr'>κατεσκεύασε</span> <span class='ocrx_word' id='word_1_105' title='bbox 1010 1715 1054 1771; x_wconf 89' lang='grc' dir='ltr'><strong>γε·</strong></span> 
     </span>
    </p>

    <p class='ocr_par' dir='ltr' id='par_1_11' title="bbox 226 1778 1055 1860">
     <span class='ocr_line' id='line_1_16' title="bbox 226 1778 1055 1860; baseline 0.006 -24"><span class='ocrx_word' id='word_1_106' title='bbox 226 1799 250 1836; x_wconf 80' lang='grc' dir='ltr'><strong>ιο</strong></span> <span class='ocrx_word' id='word_1_107' title='bbox 277 1780 366 1839; x_wconf 85' lang='grc' dir='ltr'>νέσθαι</span> <span class='ocrx_word' id='word_1_108' title='bbox 383 1779 460 1837; x_wconf 80' lang='grc' dir='ltr'>οἴκων</span> <span class='ocrx_word' id='word_1_109' title='bbox 475 1783 498 1837; x_wconf 90' lang='grc' dir='ltr'><strong>τ’</strong></span> <span class='ocrx_word' id='word_1_110' title='bbox 513 1784 559 1838; x_wconf 82' lang='grc' dir='ltr'>οὐκ</span> <span class='ocrx_word' id='word_1_111' title='bbox 578 1781 684 1860; x_wconf 85' lang='grc' dir='ltr'>ἀφανῶν</span> <span class='ocrx_word' id='word_1_112' title='bbox 698 1780 743 1838; x_wconf 85' lang='grc' dir='ltr'><strong>καὶ</strong></span> <span class='ocrx_word' id='word_1_113' title='bbox 765 1779 798 1837; x_wconf 88' lang='grc' dir='ltr'><strong>τδι</strong></span> <span class='ocrx_word' id='word_1_114' title='bbox 820 1778 926 1858; x_wconf 78' lang='grc' dir='ltr'>πολέμι’</span> <span class='ocrx_word' id='word_1_115' title='bbox 944 1778 1055 1860; x_wconf 75' lang='grc' dir='ltr'>ἀγαθούς</span> 
     </span>
    </p>

    <p class='ocr_par' dir='ltr' id='par_1_12' title="bbox 277 1867 1055 1950">
     <span class='ocr_line' id='line_1_17' title="bbox 277 1867 1055 1950; baseline 0.001 -24"><span class='ocrx_word' id='word_1_116' title='bbox 277 1870 387 1950; x_wconf 82' lang='grc' dir='ltr'>ὀφθῆναί</span> <span class='ocrx_word' id='word_1_117' title='bbox 401 1892 429 1926; x_wconf 89' lang='grc' dir='ltr'><strong>τε</strong></span> <span class='ocrx_word' id='word_1_118' title='bbox 444 1869 615 1941; x_wconf 84' lang='grc' dir='ltr'>καλλίστους,</span> <span class='ocrx_word' id='word_1_119' title='bbox 628 1867 673 1925; x_wconf 83' lang='grc' dir='ltr'><strong>καλ</strong></span> <span class='ocrx_word' id='word_1_120' title='bbox 687 1867 745 1927; x_wconf 73' lang='grc' dir='ltr'>οῦδὲ</span> <span class='ocrx_word' id='word_1_121' title='bbox 758 1868 884 1946; x_wconf 86' lang='grc' dir='ltr'>γενέσεως</span> <span class='ocrx_word' id='word_1_122' title='bbox 898 1869 990 1947; x_wconf 78' lang='grc' dir='ltr'>ὁμοίας</span> <span class='ocrx_word' id='word_1_123' title='bbox 1001 1873 1055 1937; x_wconf 87' lang='grc' dir='ltr'>τοῖς</span> 
     </span>
    </p>

    <p class='ocr_par' dir='ltr' id='par_1_13' title="bbox 276 1956 1054 2035">
     <span class='ocr_line' id='line_1_18' title="bbox 276 1956 1054 2035; baseline 0 -19"><span class='ocrx_word' id='word_1_124' title='bbox 276 1958 382 2023; x_wconf 81' lang='grc' dir='ltr'>πολλοῖς</span> <span class='ocrx_word' id='word_1_125' title='bbox 399 1958 602 2035; x_wconf 83' lang='grc' dir='ltr'>μετειληφότας,</span> <span class='ocrx_word' id='word_1_126' title='bbox 620 1956 688 2014; x_wconf 76' lang='grc' dir='ltr'>ἀλλὰ</span> <span class='ocrx_word' id='word_1_127' title='bbox 703 1957 813 2016; x_wconf 88' lang='grc' dir='ltr'>σπανίου</span> <span class='ocrx_word' id='word_1_128' title='bbox 832 1958 877 2017; x_wconf 80' lang='grc' dir='ltr'><strong>καί</strong></span> <span class='ocrx_word' id='word_1_129' title='bbox 900 1962 1054 2034; x_wconf 78' lang='grc' dir='ltr'>θαυμαστῆς</span> 
     </span>
    </p>

    <p class='ocr_par' dir='ltr' id='par_1_14' title="bbox 278 2043 1055 2126">
     <span class='ocr_line' id='line_1_19' title="bbox 278 2043 1055 2126; baseline 0.001 -24"><span class='ocrx_word' id='word_1_130' title='bbox 278 2044 320 2103; x_wconf 79' lang='grc' dir='ltr'><strong>διὰ</strong></span> <span class='ocrx_word' id='word_1_131' title='bbox 340 2044 369 2102; x_wconf 78' lang='grc' dir='ltr'><strong>τό</strong></span> <span class='ocrx_word' id='word_1_132' title='bbox 384 2044 540 2125; x_wconf 80' lang='grc' dir='ltr'>παράδοξον.</span> <span class='ocrx_word' id='word_1_133' title='bbox 585 2043 704 2125; x_wconf 86' lang='grc' dir='ltr'>Ὁρατίῳ</span> <span class='ocrx_word' id='word_1_134' title='bbox 725 2045 775 2125; x_wconf 91' lang='grc' dir='ltr'><strong>γάρ</strong></span> <span class='ocrx_word' id='word_1_135' title='bbox 797 2069 846 2103; x_wconf 91' lang='grc' dir='ltr'>τινι</span> <span class='ocrx_word' id='word_1_136' title='bbox 863 2045 992 2126; x_wconf 83' lang='grc' dir='ltr'>Ῥωμαίῳ</span> <span class='ocrx_word' id='word_1_137' title='bbox 1010 2047 1055 2104; x_wconf 87' lang='grc' dir='ltr'><strong>καὶ</strong></span> 
     </span>
    </p>

    <p class='ocr_par' dir='ltr' id='par_1_15' title="bbox 277 2132 1053 2214">
     <span class='ocr_line' id='line_1_20' title="bbox 277 2132 1053 2214; baseline -0.004 -20"><span class='ocrx_word' id='word_1_138' title='bbox 277 2133 412 2214; x_wconf 81' lang='grc' dir='ltr'>Κοριατίῳ</span> <span class='ocrx_word' id='word_1_139' title='bbox 434 2134 465 2192; x_wconf 80' lang='grc' dir='ltr'><strong>τὸ</strong></span> <span class='ocrx_word' id='word_1_140' title='bbox 485 2133 558 2211; x_wconf 88' lang='grc' dir='ltr'>γένος</span> <span class='ocrx_word' id='word_1_141' title='bbox 581 2132 700 2213; x_wconf 79' lang='grc' dir='ltr'>Ἀλύανῷ</span> <span class='ocrx_word' id='word_1_142' title='bbox 713 2133 782 2193; x_wconf 85' lang='grc' dir='ltr'>κατδι</span> <span class='ocrx_word' id='word_1_143' title='bbox 801 2136 845 2194; x_wconf 82' lang='grc' dir='ltr'><strong>τὸν</strong></span> <span class='ocrx_word' id='word_1_144' title='bbox 865 2135 942 2193; x_wconf 82' lang='grc' dir='ltr'>αὐτὸν</span> <span class='ocrx_word' id='word_1_145' title='bbox 962 2134 1053 2214; x_wconf 81' lang='grc' dir='ltr'>χρόνον</span> 
     </span>
    </p>

    <p class='ocr_par' dir='ltr' id='par_1_16' title="bbox 223 2220 1053 2301">
     <span class='ocr_line' id='line_1_21' title="bbox 223 2220 1053 2301; baseline 0.006 -26"><span class='ocrx_word' id='word_1_146' title='bbox 223 2238 249 2276; x_wconf 84' lang='grc' dir='ltr'><strong>τυ</strong></span> <span class='ocrx_word' id='word_1_147' title='bbox 277 2222 400 2300; x_wconf 84' lang='grc' dir='ltr'>ένεγύησε</span> <span class='ocrx_word' id='word_1_148' title='bbox 428 2222 571 2301; x_wconf 87' lang='grc' dir='ltr'>θυγατέρας</span> <span class='ocrx_word' id='word_1_149' title='bbox 613 2220 735 2298; x_wconf 86' lang='grc' dir='ltr'>διδύμους</span> <span class='ocrx_word' id='word_1_150' title='bbox 770 2223 883 2288; x_wconf 87' lang='grc' dir='ltr'>Σικίνιος</span> <span class='ocrx_word' id='word_1_151' title='bbox 920 2222 1053 2291; x_wconf 79' lang='grc' dir='ltr'>Ἀλύανός.</span> 
     </span>
    </p>

    <p class='ocr_par' dir='ltr' id='par_1_17' title="bbox 276 2310 1054 2391">
     <span class='ocr_line' id='line_1_22' title="bbox 276 2310 1054 2391; baseline -0.001 -20"><span class='ocrx_word' id='word_1_152' title='bbox 276 2310 385 2376; x_wconf 87' lang='grc' dir='ltr'>Τούτοις</span> <span class='ocrx_word' id='word_1_153' title='bbox 402 2311 558 2391; x_wconf 80' lang='grc' dir='ltr'>ἀμφοτέροις</span> <span class='ocrx_word' id='word_1_154' title='bbox 573 2310 601 2368; x_wconf 78' lang='lat' dir='ltr'><strong>ai</strong></span> <span class='ocrx_word' id='word_1_155' title='bbox 615 2310 737 2389; x_wconf 90' lang='grc' dir='ltr'>γυναῖκες</span> <span class='ocrx_word' id='word_1_156' title='bbox 751 2311 893 2390; x_wconf 75' lang='grc' dir='ltr'>ἐγκύμονες</span> <span class='ocrx_word' id='word_1_157' title='bbox 909 2312 966 2389; x_wconf 85' lang='grc' dir='ltr'><strong>άμα</strong></span> <span class='ocrx_word' id='word_1_158' title='bbox 978 2310 1054 2388; x_wconf 87' lang='grc' dir='ltr'>γενό-</span> 
     </span>
    </p>

    <p class='ocr_par' dir='ltr' id='par_1_18' title="bbox 278 2400 1054 2481">
     <span class='ocr_line' id='line_1_23' title="bbox 278 2400 1054 2481; baseline 0.003 -24"><span class='ocrx_word' id='word_1_159' title='bbox 278 2421 355 2478; x_wconf 88' lang='grc' dir='ltr'>μεναι</span> <span class='ocrx_word' id='word_1_160' title='bbox 367 2400 413 2466; x_wconf 84' lang='grc' dir='ltr'>τδις</span> <span class='ocrx_word' id='word_1_161' title='bbox 427 2400 609 2479; x_wconf 85' lang='grc' dir='ltr'>πρωτοτόκους</span> <span class='ocrx_word' id='word_1_162' title='bbox 621 2401 758 2481; x_wconf 80' lang='grc' dir='ltr'>ἐκφέρουσι</span> <span class='ocrx_word' id='word_1_163' title='bbox 771 2400 849 2478; x_wconf 83' lang='grc' dir='ltr'>γονδις</span> <span class='ocrx_word' id='word_1_164' title='bbox 860 2400 955 2480; x_wconf 83' lang='grc' dir='ltr'>ἄρρενα</span> <span class='ocrx_word' id='word_1_165' title='bbox 972 2401 1054 2480; x_wconf 83' lang='grc' dir='ltr'>βρέφη</span> 
     </span>
    </p>

    <p class='ocr_par' dir='ltr' id='par_1_19' title="bbox 276 2487 1054 2568">
     <span class='ocr_line' id='line_1_24' title="bbox 276 2487 1054 2568; baseline 0.003 -25"><span class='ocrx_word' id='word_1_166' title='bbox 276 2487 410 2567; x_wconf 87' lang='grc' dir='ltr'>τρίδυμα,</span> <span class='ocrx_word' id='word_1_167' title='bbox 427 2488 472 2545; x_wconf 84' lang='grc' dir='ltr'><strong>καὶ</strong></span> <span class='ocrx_word' id='word_1_168' title='bbox 491 2487 558 2545; x_wconf 74' lang='lat' dir='ltr'><strong>sert</strong></span> <span class='ocrx_word' id='word_1_169' title='bbox 573 2489 596 2544; x_wconf 86' lang='lat' dir='ltr'><strong>ol</strong></span> <span class='ocrx_word' id='word_1_170' title='bbox 610 2487 758 2564; x_wconf 65' lang='lat' dir='ltr'><strong>principissae</strong></span> <span class='ocrx_word' id='word_1_171' title='bbox 774 2487 839 2568; x_wconf 77' lang='grc' dir='ltr'>πρὸς</span> <span class='ocrx_word' id='word_1_172' title='bbox 852 2490 944 2547; x_wconf 79' lang='grc' dir='ltr'>οἰωνοῦ</span> <span class='ocrx_word' id='word_1_173' title='bbox 958 2488 1054 2547; x_wconf 87' lang='grc' dir='ltr'>λαόόν-</span> 
     </span>
    </p>

    <p class='ocr_par' dir='ltr' id='par_1_20' title="bbox 277 2574 1055 2658">
     <span class='ocr_line' id='line_1_25' title="bbox 277 2574 1055 2658; baseline 0.001 -25"><span class='ocrx_word' id='word_1_174' title='bbox 277 2599 318 2642; x_wconf 91' lang='grc' dir='ltr'><strong>τες</strong></span> <span class='ocrx_word' id='word_1_175' title='bbox 333 2577 432 2653; x_wconf 78' lang='grc' dir='ltr'>ἀγαθοῦ</span> <span class='ocrx_word' id='word_1_176' title='bbox 444 2575 488 2634; x_wconf 79' lang='grc' dir='ltr'><strong>καί</strong></span> <span class='ocrx_word' id='word_1_177' title='bbox 504 2576 580 2634; x_wconf 90' lang='grc' dir='ltr'>πόλει</span> <span class='ocrx_word' id='word_1_178' title='bbox 594 2576 639 2634; x_wconf 83' lang='grc' dir='ltr'><strong>καὶ</strong></span> <span class='ocrx_word' id='word_1_179' title='bbox 654 2574 717 2655; x_wconf 82' lang='grc' dir='ltr'>οἴκῳ</span> <span class='ocrx_word' id='word_1_180' title='bbox 732 2580 771 2655; x_wconf 80' lang='grc' dir='ltr'><strong>τῷ</strong></span> <span class='ocrx_word' id='word_1_181' title='bbox 785 2576 903 2657; x_wconf 78' lang='grc' dir='ltr'>σφετέρῳ</span> <span class='ocrx_word' id='word_1_182' title='bbox 918 2576 1055 2658; x_wconf 87' lang='grc' dir='ltr'>τρέφουσιν</span> 
     </span>
    </p>

    <p class='ocr_par' dir='ltr' id='par_1_21' title="bbox 221 2664 1062 2743">
     <span class='ocr_line' id='line_1_26' title="bbox 221 2664 1062 2743; baseline 0 -19"><span class='ocrx_word' id='word_1_183' title='bbox 221 2677 248 2715; x_wconf 69' lang='lat'><strong>²¹¹</strong></span> <span class='ocrx_word' id='word_1_184' title='bbox 278 2666 382 2724; x_wconf 80' lang='grc' dir='ltr'>ἅπαντα</span> <span class='ocrx_word' id='word_1_185' title='bbox 396 2667 443 2725; x_wconf 80' lang='grc' dir='ltr'><strong>καὶ</strong></span> <span class='ocrx_word' id='word_1_186' title='bbox 457 2668 598 2724; x_wconf 89' lang='grc' dir='ltr'>τελειοῦσι·</span> <span class='ocrx_word' id='word_1_187' title='bbox 614 2664 669 2730; x_wconf 83' lang='grc' dir='ltr'>θεὸς</span> <span class='ocrx_word' id='word_1_188' title='bbox 682 2666 704 2722; x_wconf 89' lang='grc' dir='ltr'>δ’</span> <span class='ocrx_word' id='word_1_189' title='bbox 717 2666 820 2736; x_wconf 83' lang='grc' dir='ltr'>αὐτοῖς,</span> <span class='ocrx_word' id='word_1_190' title='bbox 835 2665 925 2743; x_wconf 81' lang='grc' dir='ltr'>ὥσπερ</span> <span class='ocrx_word' id='word_1_191' title='bbox 937 2668 999 2724; x_wconf 77' lang='grc' dir='ltr'>κατ’</span> <span class='ocrx_word' id='word_1_192' title='bbox 1012 2669 1062 2742; x_wconf 76' lang='grc' dir='ltr'><strong>ἐρ,</strong></span> 
     </span>
    </p>

    <p class='ocr_par' dir='ltr' id='par_1_22' title="bbox 278 2752 1055 2835">
     <span class='ocr_line' id='line_1_27' title="bbox 278 2752 1055 2835; baseline 0.001 -24"><span class='ocrx_word' id='word_1_193' title='bbox 278 2754 328 2833; x_wconf 66' lang='lat' dir='ltr'><strong>yde</strong></span> <span class='ocrx_word' id='word_1_194' title='bbox 343 2754 423 2835; x_wconf 86' lang='grc' dir='ltr'>έφην,</span> <span class='ocrx_word' id='word_1_195' title='bbox 444 2753 535 2813; x_wconf 87' lang='grc' dir='ltr'>δίδωσι</span> <span class='ocrx_word' id='word_1_196' title='bbox 556 2755 651 2819; x_wconf 87' lang='grc' dir='ltr'>κάλλος</span> <span class='ocrx_word' id='word_1_197' title='bbox 671 2776 699 2811; x_wconf 91' lang='grc' dir='ltr'><strong>τε</strong></span> <span class='ocrx_word' id='word_1_198' title='bbox 715 2752 759 2811; x_wconf 77' lang='grc' dir='ltr'><strong>καί</strong></span> <span class='ocrx_word' id='word_1_199' title='bbox 775 2753 866 2833; x_wconf 74' lang='grc' dir='ltr'>ῥώμην</span> <span class='ocrx_word' id='word_1_200' title='bbox 888 2753 934 2813; x_wconf 77' lang='grc' dir='ltr'><strong>καὶ</strong></span> <span class='ocrx_word' id='word_1_201' title='bbox 956 2754 987 2825; x_wconf 79' lang='grc' dir='ltr'>δὴ</span> <span class='ocrx_word' id='word_1_202' title='bbox 1011 2755 1055 2812; x_wconf 81' lang='grc' dir='ltr'><strong>καὶ</strong></span> 
     </span>
    </p>

    <p class='ocr_par' dir='ltr' id='par_1_23' title="bbox 279 2839 1055 2921">
     <span class='ocr_line' id='line_1_28' title="bbox 279 2839 1055 2921; baseline 0.003 -23"><span class='ocrx_word' id='word_1_203' title='bbox 279 2843 365 2921; x_wconf 77' lang='grc' dir='ltr'>ψυχῆς</span> <span class='ocrx_word' id='word_1_204' title='bbox 387 2840 559 2919; x_wconf 86' lang='grc' dir='ltr'>γενναιότητα</span> <span class='ocrx_word' id='word_1_205' title='bbox 581 2839 692 2916; x_wconf 82' lang='grc' dir='ltr'>μηδενὸς</span> <span class='ocrx_word' id='word_1_206' title='bbox 715 2843 767 2900; x_wconf 83' lang='grc' dir='ltr'><strong>τῶν</strong></span> <span class='ocrx_word' id='word_1_207' title='bbox 785 2842 880 2920; x_wconf 83' lang='grc' dir='ltr'>άριστα</span> <span class='ocrx_word' id='word_1_208' title='bbox 902 2842 1055 2921; x_wconf 87' lang='grc' dir='ltr'>πεφυκότων</span> 
     </span>
    </p>

    <p class='ocr_par' dir='ltr' id='par_1_24' title="bbox 277 2927 1056 3011">
     <span class='ocr_line' id='line_1_29' title="bbox 277 2927 1056 3011; baseline 0.003 -24"><span class='ocrx_word' id='word_1_209' title='bbox 277 2932 379 3010; x_wconf 79' lang='grc' dir='ltr'>χείροσι</span> <span class='ocrx_word' id='word_1_210' title='bbox 402 2929 531 3008; x_wconf 87' lang='grc' dir='ltr'>γενέσθαι.</span> <span class='ocrx_word' id='word_1_211' title='bbox 576 2927 686 2996; x_wconf 78' lang='grc' dir='ltr'>’Τούτοις</span> <span class='ocrx_word' id='word_1_212' title='bbox 715 2928 781 3008; x_wconf 87' lang='grc' dir='ltr'>έγνω</span> <span class='ocrx_word' id='word_1_213' title='bbox 806 2938 859 2997; x_wconf 84' lang='grc' dir='ltr'>τοῖς</span> <span class='ocrx_word' id='word_1_214' title='bbox 891 2931 1014 3011; x_wconf 73' lang='grc' dir='ltr'>ἀνδράσιν</span> <span class='ocrx_word' id='word_1_215' title='bbox 1042 2936 1056 2989; x_wconf 88' lang='grc' dir='ltr'>ό</span> 
     </span>
    </p>

    <p class='ocr_par' dir='ltr' id='par_1_25' title="bbox 278 3016 1054 3097">
     <span class='ocr_line' id='line_1_30' title="bbox 278 3016 1054 3097; baseline 0 -23"><span class='ocrx_word' id='word_1_216' title='bbox 278 3016 440 3097; x_wconf 79' lang='grc' dir='ltr'>Φουφέττιος</span> <span class='ocrx_word' id='word_1_217' title='bbox 450 3016 597 3095; x_wconf 89' lang='grc' dir='ltr'>ἐπιτρέπειν</span> <span class='ocrx_word' id='word_1_218' title='bbox 609 3016 653 3075; x_wconf 87' lang='grc' dir='ltr'><strong>τὸν</strong></span> <span class='ocrx_word' id='word_1_219' title='bbox 665 3016 732 3095; x_wconf 78' lang='grc' dir='ltr'>ὑπὲρ</span> <span class='ocrx_word' id='word_1_220' title='bbox 744 3020 790 3086; x_wconf 83' lang='grc' dir='ltr'><strong>τῆς</strong></span> <span class='ocrx_word' id='word_1_221' title='bbox 799 3018 939 3095; x_wconf 84' lang='grc' dir='ltr'>ἡγεμονίας</span> <span class='ocrx_word' id='word_1_222' title='bbox 950 3020 1054 3097; x_wconf 77' lang='grc' dir='ltr'>ἀγῶνα·</span> 
     </span>
    </p>

    <p class='ocr_par' dir='ltr' id='par_1_26' title="bbox 221 3104 1055 3271">
     <span class='ocr_line' id='line_1_31' title="bbox 221 3104 1055 3186; baseline 0.002 -22"><span class='ocrx_word' id='word_1_223' title='bbox 221 3126 247 3164; x_wconf 83' lang='lat' dir='ltr'><strong>tu</strong></span> <span class='ocrx_word' id='word_1_224' title='bbox 277 3105 322 3162; x_wconf 88' lang='grc' dir='ltr'><strong>καὶ</strong></span> <span class='ocrx_word' id='word_1_225' title='bbox 339 3106 572 3186; x_wconf 86' lang='grc' dir='ltr'>προκαλεσάμενος</span> <span class='ocrx_word' id='word_1_226' title='bbox 583 3106 619 3172; x_wconf 81' lang='grc' dir='ltr'><strong>εἰς</strong></span> <span class='ocrx_word' id='word_1_227' title='bbox 633 3104 724 3182; x_wconf 85' lang='grc' dir='ltr'>λόγους</span> <span class='ocrx_word' id='word_1_228' title='bbox 736 3104 780 3163; x_wconf 82' lang='grc' dir='ltr'><strong>τὸν</strong></span> <span class='ocrx_word' id='word_1_229' title='bbox 797 3107 908 3183; x_wconf 86' lang='grc' dir='ltr'>βασιλέα</span> <span class='ocrx_word' id='word_1_230' title='bbox 921 3109 971 3164; x_wconf 82' lang='grc' dir='ltr'><strong>τῶν</strong></span> <span class='ocrx_word' id='word_1_231' title='bbox 986 3106 1055 3166; x_wconf 86' lang='grc' dir='ltr'><strong>Ῥω·</strong></span> 
     </span>
     <span class='ocr_line' id='line_1_32' title="bbox 276 3193 631 3271; baseline 0.006 -22"><span class='ocrx_word' id='word_1_232' title='bbox 276 3193 362 3268; x_wconf 87' lang='grc' dir='ltr'>μαίων</span> <span class='ocrx_word' id='word_1_233' title='bbox 375 3193 446 3271; x_wconf 84' lang='grc' dir='ltr'>λέγει</span> <span class='ocrx_word' id='word_1_234' title='bbox 460 3194 523 3271; x_wconf 80' lang='grc' dir='ltr'>πρὸς</span> <span class='ocrx_word' id='word_1_235' title='bbox 538 3194 631 3252; x_wconf 78' lang='grc' dir='ltr'>αὐτόν·</span> 
     </span>
    </p>

    <p class='ocr_par' dir='ltr' id='par_1_27' title="bbox 316 3271 1054 3360">
     <span class='ocr_line' id='line_1_33' title="bbox 316 3271 1054 3360; baseline 0.004 -19"><span class='ocrx_word' id='word_1_236' title='bbox 316 3281 394 3341; x_wconf 80' lang='lat' dir='ltr'><strong>xlv.</strong></span> <span class='ocrx_word' id='word_1_237' title='bbox 413 3307 424 3333; x_wconf 83' lang='grc' dir='ltr'><strong>ιι</strong></span> <span class='ocrx_word' id='word_1_238' title='bbox 443 3280 510 3346; x_wconf 84' lang='grc' dir='ltr'>Θεός</span> <span class='ocrx_word' id='word_1_239' title='bbox 532 3304 570 3347; x_wconf 90' lang='grc' dir='ltr'><strong>τις</strong></span> <span class='ocrx_word' id='word_1_240' title='bbox 584 3271 721 3352; x_wconf 49' lang='lat' dir='ltr'><strong>lossensi</strong></span> <span class='ocrx_word' id='word_1_241' title='bbox 744 3282 844 3353; x_wconf 83' lang='grc' dir='ltr'>Τύλλε,</span> <span class='ocrx_word' id='word_1_242' title='bbox 866 3283 1054 3360; x_wconf 88' lang='grc' dir='ltr'>προνοούμενος</span> 
     </span>
    </p>

    <p class='ocr_par' dir='ltr' id='par_1_28' title="bbox 275 3368 1055 3449">
     <span class='ocr_line' id='line_1_34' title="bbox 275 3368 1055 3449; baseline 0.008 -24"><span class='ocrx_word' id='word_1_243' title='bbox 275 3395 287 3419; x_wconf 85' lang='grc' dir='ltr'><strong>ιι</strong></span> <span class='ocrx_word' id='word_1_244' title='bbox 309 3370 361 3425; x_wconf 83' lang='grc' dir='ltr'><strong>τῶν</strong></span> <span class='ocrx_word' id='word_1_245' title='bbox 381 3368 483 3428; x_wconf 89' lang='grc' dir='ltr'>πόλεων</span> <span class='ocrx_word' id='word_1_246' title='bbox 502 3370 642 3449; x_wconf 88' lang='grc' dir='ltr'>έκατέρας,</span> <span class='ocrx_word' id='word_1_247' title='bbox 663 3372 688 3427; x_wconf 80' lang='grc' dir='ltr'>ἐν</span> <span class='ocrx_word' id='word_1_248' title='bbox 715 3371 803 3437; x_wconf 82' lang='grc' dir='ltr'>ἄλλοις</span> <span class='ocrx_word' id='word_1_249' title='bbox 828 3393 857 3428; x_wconf 92' lang='grc' dir='ltr'><strong>τε</strong></span> <span class='ocrx_word' id='word_1_250' title='bbox 881 3372 986 3438; x_wconf 86' lang='grc' dir='ltr'>πολλοῖς</span> <span class='ocrx_word' id='word_1_251' title='bbox 1010 3374 1055 3431; x_wconf 85' lang='grc' dir='ltr'><strong>καὶ</strong></span> 
     </span>
    </p>

    <p class='ocr_par' dir='ltr' id='par_1_29' title="bbox 276 3454 1054 3539">
     <span class='ocr_line' id='line_1_35' title="bbox 276 3454 1054 3539; baseline 0.001 -24"><span class='ocrx_word' id='word_1_252' title='bbox 276 3483 288 3509; x_wconf 83' lang='grc' dir='ltr'>ι</span> <span class='ocrx_word' id='word_1_253' title='bbox 310 3454 341 3526; x_wconf 75' lang='lat' dir='ltr'><strong>il,</strong></span> <span class='ocrx_word' id='word_1_254' title='bbox 355 3457 400 3516; x_wconf 78' lang='grc' dir='ltr'><strong>καὶ</strong></span> <span class='ocrx_word' id='word_1_255' title='bbox 415 3457 484 3518; x_wconf 82' lang='grc' dir='ltr'>κατίτ</span> <span class='ocrx_word' id='word_1_256' title='bbox 505 3458 577 3516; x_wconf 86' lang='grc' dir='ltr'>τόνδε</span> <span class='ocrx_word' id='word_1_257' title='bbox 592 3465 635 3517; x_wconf 83' lang='grc' dir='ltr'><strong>τὀν</strong></span> <span class='ocrx_word' id='word_1_258' title='bbox 653 3460 744 3535; x_wconf 77' lang='grc' dir='ltr'>ἀγῶνα</span> <span class='ocrx_word' id='word_1_259' title='bbox 759 3459 872 3539; x_wconf 73' lang='grc' dir='ltr'>φανερὰν</span> <span class='ocrx_word' id='word_1_260' title='bbox 887 3458 934 3530; x_wconf 67' lang='lat' dir='ltr'><strong>rin</strong></span> <span class='ocrx_word' id='word_1_261' title='bbox 953 3460 1054 3519; x_wconf 85' lang='grc' dir='ltr'>εὔνοιαν</span> 
     </span>
    </p>

    <p class='ocr_par' dir='ltr' id='par_1_30' title="bbox 220 3545 1053 3628">
     <span class='ocr_line' id='line_1_36' title="bbox 220 3545 1053 3628; baseline 0.006 -25"><span class='ocrx_word' id='word_1_262' title='bbox 220 3565 246 3604; x_wconf 80' lang='grc' dir='ltr'><strong>τι</strong></span> <span class='ocrx_word' id='word_1_263' title='bbox 275 3570 287 3597; x_wconf 83' lang='grc' dir='ltr'>ι</span> <span class='ocrx_word' id='word_1_264' title='bbox 310 3549 481 3617; x_wconf 77' lang='grc' dir='ltr'>πεποιῆσθαι.</span> <span class='ocrx_word' id='word_1_265' title='bbox 524 3545 564 3606; x_wconf 82' lang='grc' dir='ltr'><strong>Τὸ</strong></span> <span class='ocrx_word' id='word_1_266' title='bbox 583 3545 633 3624; x_wconf 79' lang='grc' dir='ltr'><strong>γὰρ</strong></span> <span class='ocrx_word' id='word_1_267' title='bbox 652 3550 787 3628; x_wconf 77' lang='grc' dir='ltr'>εὑρεθῆναι</span> <span class='ocrx_word' id='word_1_268' title='bbox 810 3550 868 3614; x_wconf 80' lang='grc' dir='ltr'>τοῦς</span> <span class='ocrx_word' id='word_1_269' title='bbox 891 3548 1053 3627; x_wconf 77' lang='grc' dir='ltr'>ἅγωνιουμέ·</span> 
     </span>
    </p>

    <p class='ocr_par' dir='ltr' id='par_1_31' title="bbox 276 3632 1054 3719">
     <span class='ocr_line' id='line_1_37' title="bbox 276 3632 1054 3719; baseline 0.018 -33"><span class='ocrx_word' id='word_1_270' title='bbox 276 3658 288 3685; x_wconf 80' lang='grc' dir='ltr'><strong>ε</strong></span> <span class='ocrx_word' id='word_1_271' title='bbox 309 3654 367 3700; x_wconf 89' lang='grc' dir='ltr'>νους</span> <span class='ocrx_word' id='word_1_272' title='bbox 393 3633 457 3714; x_wconf 80' lang='grc' dir='ltr'>θπδρ</span> <span class='ocrx_word' id='word_1_273' title='bbox 472 3632 580 3693; x_wconf 89' lang='grc' dir='ltr'>πάντων</span> <span class='ocrx_word' id='word_1_274' title='bbox 600 3634 670 3711; x_wconf 87' lang='grc' dir='ltr'>γένει</span> <span class='ocrx_word' id='word_1_275' title='bbox 694 3659 723 3696; x_wconf 90' lang='grc' dir='ltr'><strong>τι</strong></span> <span class='ocrx_word' id='word_1_276' title='bbox 740 3636 849 3712; x_wconf 82' lang='grc' dir='ltr'>μηδενὸς</span> <span class='ocrx_word' id='word_1_277' title='bbox 872 3637 992 3719; x_wconf 78' lang='grc' dir='ltr'>χείρονας</span> <span class='ocrx_word' id='word_1_278' title='bbox 1009 3639 1054 3699; x_wconf 81' lang='grc' dir='ltr'><strong>καλ</strong></span> 
     </span>
    </p>

    <p class='ocr_par' dir='ltr' id='par_1_32' title="bbox 275 3722 1054 3809">
     <span class='ocr_line' id='line_1_38' title="bbox 275 3722 1054 3809; baseline 0.012 -30"><span class='ocrx_word' id='word_1_279' title='bbox 275 3751 287 3774; x_wconf 89' lang='grc' dir='ltr'><strong>ιι</strong></span> <span class='ocrx_word' id='word_1_280' title='bbox 309 3723 341 3780; x_wconf 84' lang='grc' dir='ltr'><strong>τδι</strong></span> <span class='ocrx_word' id='word_1_281' title='bbox 362 3724 467 3800; x_wconf 84' lang='grc' dir='ltr'>πολέμι’</span> <span class='ocrx_word' id='word_1_282' title='bbox 490 3722 601 3802; x_wconf 81' lang='grc' dir='ltr'>ἀγαθοὺς</span> <span class='ocrx_word' id='word_1_283' title='bbox 625 3727 736 3807; x_wconf 74' lang='grc' dir='ltr'>ὀφθῆναί</span> <span class='ocrx_word' id='word_1_284' title='bbox 752 3749 780 3784; x_wconf 90' lang='grc' dir='ltr'><strong>τε</strong></span> <span class='ocrx_word' id='word_1_285' title='bbox 805 3726 977 3801; x_wconf 86' lang='grc' dir='ltr'>καλλίστους,</span> <span class='ocrx_word' id='word_1_286' title='bbox 991 3729 1054 3809; x_wconf 76' lang='grc' dir='ltr'>πρὸς</span> 
     </span>
    </p>

    <p class='ocr_par' dir='ltr' id='par_1_33' title="bbox 276 3812 1055 3897">
     <span class='ocr_line' id='line_1_39' title="bbox 276 3812 1055 3897; baseline 0.006 -25"><span class='ocrx_word' id='word_1_287' title='bbox 276 3843 286 3863; x_wconf 96' lang='grc' dir='ltr'>ι</span> <span class='ocrx_word' id='word_1_288' title='bbox 310 3813 336 3872; x_wconf 81' lang='grc' dir='ltr'><strong>δέ</strong></span> <span class='ocrx_word' id='word_1_289' title='bbox 364 3812 462 3882; x_wconf 87' lang='grc' dir='ltr'>τούτοις</span> <span class='ocrx_word' id='word_1_290' title='bbox 498 3813 524 3882; x_wconf 83' lang='grc' dir='ltr'><strong>ἐξ</strong></span> <span class='ocrx_word' id='word_1_291' title='bbox 548 3813 602 3883; x_wconf 74' lang='grc' dir='ltr'>ἑνδς</span> <span class='ocrx_word' id='word_1_292' title='bbox 627 3815 775 3897; x_wconf 89' lang='grc' dir='ltr'>πεφυκότας</span> <span class='ocrx_word' id='word_1_293' title='bbox 802 3816 902 3895; x_wconf 79' lang='grc' dir='ltr'>πατρὸς</span> <span class='ocrx_word' id='word_1_294' title='bbox 929 3818 975 3876; x_wconf 77' lang='grc' dir='ltr'><strong>καὶ</strong></span> <span class='ocrx_word' id='word_1_295' title='bbox 1003 3820 1055 3879; x_wconf 75' lang='grc' dir='ltr'><strong>ὑπὸ</strong></span> 
     </span>
    </p>

    <p class='ocr_par' dir='ltr' id='par_1_34' title="bbox 276 3901 1050 3981">
     <span class='ocr_line' id='line_1_40' title="bbox 276 3901 1050 3981; baseline 0.001 -21"><span class='ocrx_word' id='word_1_296' title='bbox 276 3931 286 3953; x_wconf 85' lang='grc' dir='ltr'>ι</span> <span class='ocrx_word' id='word_1_297' title='bbox 309 3911 370 3977; x_wconf 71' lang='grc' dir='ltr'>μιᾶς</span> <span class='ocrx_word' id='word_1_298' title='bbox 389 3902 590 3981; x_wconf 85' lang='grc' dir='ltr'>γεγεννημένους</span> <span class='ocrx_word' id='word_1_299' title='bbox 612 3902 710 3981; x_wconf 84' lang='grc' dir='ltr'>μητρὸς</span> <span class='ocrx_word' id='word_1_300' title='bbox 736 3901 799 3976; x_wconf 76' lang='grc' dir='ltr'>καί,</span> <span class='ocrx_word' id='word_1_301' title='bbox 815 3903 845 3960; x_wconf 79' lang='grc' dir='ltr'><strong>τὸ</strong></span> <span class='ocrx_word' id='word_1_302' title='bbox 866 3903 1050 3979; x_wconf 83' lang='grc' dir='ltr'>θαυμασιόιται</span> 
     </span>
    </p>

    <p class='ocr_par' dir='ltr' id='par_1_35' title="bbox 276 3990 1052 4071">
     <span class='ocr_line' id='line_1_41' title="bbox 276 3990 1052 4071; baseline 0.004 -25"><span class='ocrx_word' id='word_1_303' title='bbox 276 4018 287 4039; x_wconf 90' lang='grc' dir='ltr'>ι</span> <span class='ocrx_word' id='word_1_304' title='bbox 309 4012 371 4059; x_wconf 85' lang='grc' dir='ltr'>τον,</span> <span class='ocrx_word' id='word_1_305' title='bbox 399 3992 427 4049; x_wconf 83' lang='grc' dir='ltr'><strong>έν</strong></span> <span class='ocrx_word' id='word_1_306' title='bbox 457 4001 506 4068; x_wconf 75' lang='grc' dir='ltr'><strong>μιᾷ</strong></span> <span class='ocrx_word' id='word_1_307' title='bbox 525 3992 698 4070; x_wconf 87' lang='grc' dir='ltr'>προελθόντας</span> <span class='ocrx_word' id='word_1_308' title='bbox 722 3992 762 4067; x_wconf 76' lang='grc' dir='ltr'><strong>εἰςΙ</strong></span> <span class='ocrx_word' id='word_1_309' title='bbox 778 3993 831 4070; x_wconf 84' lang='grc' dir='ltr'><strong>φῶς</strong></span> <span class='ocrx_word' id='word_1_310' title='bbox 853 3990 967 4065; x_wconf 87' lang='grc' dir='ltr'>γενέσει,</span> <span class='ocrx_word' id='word_1_311' title='bbox 988 3994 1052 4071; x_wconf 90' lang='grc' dir='ltr'>παρ’</span> 
     </span>
    </p>

    <p class='ocr_par' dir='ltr' id='par_1_36' title="bbox 277 4077 1053 4159">
     <span class='ocr_line' id='line_1_42' title="bbox 277 4077 1053 4159; baseline 0.003 -25"><span class='ocrx_word' id='word_1_312' title='bbox 277 4104 288 4128; x_wconf 87' lang='grc' dir='ltr'>ι</span> <span class='ocrx_word' id='word_1_313' title='bbox 312 4080 372 4152; x_wconf 81' lang='grc' dir='ltr'>ύμῖν</span> <span class='ocrx_word' id='word_1_314' title='bbox 386 4077 432 4153; x_wconf 75' lang='grc' dir='ltr'><strong>μέν</strong></span> <span class='ocrx_word' id='word_1_315' title='bbox 445 4077 596 4159; x_wconf 85' lang='grc' dir='ltr'>Ὁρατίους,</span> <span class='ocrx_word' id='word_1_316' title='bbox 609 4081 671 4158; x_wconf 89' lang='grc' dir='ltr'>παρ’</span> <span class='ocrx_word' id='word_1_317' title='bbox 684 4083 748 4154; x_wconf 71' lang='grc' dir='ltr'>ἡμῖν</span> <span class='ocrx_word' id='word_1_318' title='bbox 763 4078 790 4135; x_wconf 85' lang='grc' dir='ltr'>δὲ</span> <span class='ocrx_word' id='word_1_319' title='bbox 804 4078 972 4157; x_wconf 88' lang='grc' dir='ltr'>Κοριατίους,</span> <span class='ocrx_word' id='word_1_320' title='bbox 987 4083 1053 4136; x_wconf 91' lang='grc' dir='ltr'>θαυ-</span> 
     </span>
    </p>

    <p class='ocr_par' dir='ltr' id='par_1_37' title="bbox 277 4165 1052 4249">
     <span class='ocr_line' id='line_1_43' title="bbox 277 4165 1052 4249; baseline 0.004 -27"><span class='ocrx_word' id='word_1_321' title='bbox 277 4190 288 4214; x_wconf 85' lang='grc' dir='ltr'><strong>ιι</strong></span> <span class='ocrx_word' id='word_1_322' title='bbox 312 4171 402 4242; x_wconf 79' lang='grc' dir='ltr'>μαστῇ</span> <span class='ocrx_word' id='word_1_323' title='bbox 422 4168 533 4225; x_wconf 75' lang='grc' dir='ltr'>τινικαὶ</span> <span class='ocrx_word' id='word_1_324' title='bbox 555 4167 610 4249; x_wconf 69' lang='grc' dir='ltr'>θείῳ</span> <span class='ocrx_word' id='word_1_325' title='bbox 626 4166 796 4225; x_wconf 87' lang='grc' dir='ltr'>παντάπασιν</span> <span class='ocrx_word' id='word_1_326' title='bbox 811 4165 893 4226; x_wconf 85' lang='grc' dir='ltr'>ἔοικεν</span> <span class='ocrx_word' id='word_1_327' title='bbox 907 4168 1052 4247; x_wconf 76' lang='grc' dir='ltr'>εὐεργεσία.</span> 
     </span>
    </p>

    <p class='ocr_par' dir='ltr' id='par_1_38' title="bbox 277 4244 1053 4335">
     <span class='ocr_line' id='line_1_44' title="bbox 277 4244 1053 4335; baseline 0.004 -24"><span class='ocrx_word' id='word_1_328' title='bbox 277 4279 290 4303; x_wconf 75' lang='grc' dir='ltr'>ι</span> <span class='ocrx_word' id='word_1_329' title='bbox 311 4251 347 4311; x_wconf 85' lang='grc' dir='ltr'>Τί</span> <span class='ocrx_word' id='word_1_330' title='bbox 370 4244 414 4310; x_wconf 84' lang='grc' dir='ltr'><strong>οῦν</strong></span> <span class='ocrx_word' id='word_1_331' title='bbox 434 4256 463 4313; x_wconf 86' lang='grc' dir='ltr'>οῦ</span> <span class='ocrx_word' id='word_1_332' title='bbox 483 4253 613 4335; x_wconf 80' lang='grc' dir='ltr'>δεχόμεθα</span> <span class='ocrx_word' id='word_1_333' title='bbox 634 4255 682 4325; x_wconf 75' lang='grc' dir='ltr'><strong>τὴν</strong></span> <span class='ocrx_word' id='word_1_334' title='bbox 707 4254 837 4328; x_wconf 88' lang='grc' dir='ltr'>τοσαύτην</span> <span class='ocrx_word' id='word_1_335' title='bbox 859 4260 904 4313; x_wconf 90' lang='grc' dir='ltr'><strong>τοῦ</strong></span> <span class='ocrx_word' id='word_1_336' title='bbox 921 4256 1053 4332; x_wconf 84' lang='grc' dir='ltr'>δαιμονίου</span> 
     </span>
    </p>

    <p class='ocr_par' dir='ltr' id='par_1_39' title="bbox 277 4341 1054 4424">
     <span class='ocr_line' id='line_1_45' title="bbox 277 4341 1054 4424; baseline 0.01 -30"><span class='ocrx_word' id='word_1_337' title='bbox 277 4368 288 4393; x_wconf 77' lang='lat' dir='ltr'><strong>a</strong></span> <span class='ocrx_word' id='word_1_338' title='bbox 311 4341 453 4422; x_wconf 89' lang='grc' dir='ltr'>πρόνοιαν,</span> <span class='ocrx_word' id='word_1_339' title='bbox 469 4341 514 4400; x_wconf 75' lang='grc' dir='ltr'><strong>καὶ</strong></span> <span class='ocrx_word' id='word_1_340' title='bbox 526 4344 732 4423; x_wconf 84' lang='grc' dir='ltr'>παρακαλοῦμεν</span> <span class='ocrx_word' id='word_1_341' title='bbox 748 4343 790 4401; x_wconf 77' lang='grc' dir='ltr'><strong>ἐπὶ</strong></span> <span class='ocrx_word' id='word_1_342' title='bbox 803 4342 847 4402; x_wconf 85' lang='grc' dir='ltr'><strong>τδν</strong></span> <span class='ocrx_word' id='word_1_343' title='bbox 859 4343 923 4424; x_wconf 77' lang='grc' dir='ltr'>ὑπὲρ</span> <span class='ocrx_word' id='word_1_344' title='bbox 936 4348 981 4416; x_wconf 79' lang='grc' dir='ltr'><strong>τῆς</strong></span> <span class='ocrx_word' id='word_1_345' title='bbox 993 4349 1054 4421; x_wconf 77' lang='grc' dir='ltr'>ἡγε-</span> 
     </span>
    </p>

    <p class='ocr_par' dir='ltr' id='par_1_40' title="bbox 277 4430 1052 4513">
     <span class='ocr_line' id='line_1_46' title="bbox 277 4430 1052 4513; baseline 0.009 -29"><span class='ocrx_word' id='word_1_346' title='bbox 277 4458 288 4484; x_wconf 76' lang='lat' dir='ltr'><strong>a</strong></span> <span class='ocrx_word' id='word_1_347' title='bbox 311 4431 402 4507; x_wconf 89' lang='grc' dir='ltr'>μονίας</span> <span class='ocrx_word' id='word_1_348' title='bbox 420 4433 509 4509; x_wconf 82' lang='grc' dir='ltr'>ἀγῶνα</span> <span class='ocrx_word' id='word_1_349' title='bbox 525 4430 584 4498; x_wconf 84' lang='grc' dir='ltr'>τοὺς</span> <span class='ocrx_word' id='word_1_350' title='bbox 606 4432 746 4511; x_wconf 86' lang='grc' dir='ltr'>τριδύμους</span> <span class='ocrx_word' id='word_1_351' title='bbox 770 4431 897 4513; x_wconf 81' lang='grc' dir='ltr'>άδελφοῦς</span> <span class='ocrx_word' id='word_1_352' title='bbox 915 4433 1052 4512; x_wconf 72' lang='grc' dir='ltr'>ἑκάτεροι,</span> 
     </span>
    </p>

    <p class='ocr_par' dir='ltr' id='par_1_41' title="bbox 277 4518 1054 4601">
     <span class='ocr_line' id='line_1_47' title="bbox 277 4518 1054 4601; baseline 0.008 -28"><span class='ocrx_word' id='word_1_353' title='bbox 277 4549 289 4573; x_wconf 73' lang='grc' dir='ltr'>ι</span> <span class='ocrx_word' id='word_1_354' title='bbox 312 4520 345 4579; x_wconf 88' lang='grc' dir='ltr'><strong>τοί</strong></span> <span class='ocrx_word' id='word_1_355' title='bbox 354 4544 381 4577; x_wconf 87' lang='grc' dir='ltr'><strong>τε</strong></span> <span class='ocrx_word' id='word_1_356' title='bbox 390 4519 441 4600; x_wconf 74' lang='grc' dir='ltr'><strong>γάρ</strong></span> <span class='ocrx_word' id='word_1_357' title='bbox 449 4518 517 4593; x_wconf 79' lang='grc' dir='ltr'>ἄλλ’,</span> <span class='ocrx_word' id='word_1_358' title='bbox 527 4518 566 4577; x_wconf 78' lang='grc' dir='ltr'><strong>ὅτ’</strong></span> <span class='ocrx_word' id='word_1_359' title='bbox 577 4522 603 4579; x_wconf 81' lang='grc' dir='ltr'>ἐν</span> <span class='ocrx_word' id='word_1_360' title='bbox 617 4523 668 4586; x_wconf 87' lang='grc' dir='ltr'>τοῖς</span> <span class='ocrx_word' id='word_1_361' title='bbox 681 4520 776 4600; x_wconf 89' lang='grc' dir='ltr'>άριστα</span> <span class='ocrx_word' id='word_1_362' title='bbox 786 4521 981 4600; x_wconf 72' lang='grc' dir='ltr'>μαχησομένοις</span> <span class='ocrx_word' id='word_1_363' title='bbox 994 4524 1054 4601; x_wconf 87' lang='grc' dir='ltr'>βου·</span> 
     </span>
    </p>

    <p class='ocr_par' dir='ltr' id='par_1_42' title="bbox 277 4597 1052 4687">
     <span class='ocr_line' id='line_1_48' title="bbox 277 4597 1052 4687; baseline 0.005 -24"><span class='ocrx_word' id='word_1_364' title='bbox 277 4637 289 4663; x_wconf 77' lang='grc' dir='ltr'><strong>ε</strong></span> <span class='ocrx_word' id='word_1_365' title='bbox 311 4610 415 4686; x_wconf 88' lang='grc' dir='ltr'>λοίμεθ’</span> <span class='ocrx_word' id='word_1_366' title='bbox 430 4608 461 4667; x_wconf 79' lang='grc' dir='ltr'><strong>δν</strong></span> <span class='ocrx_word' id='word_1_367' title='bbox 478 4597 560 4684; x_wconf 76' lang='grc' dir='ltr'>εἶναι,</span> <span class='ocrx_word' id='word_1_368' title='bbox 577 4611 627 4666; x_wconf 81' lang='grc' dir='ltr'>κάν</span> <span class='ocrx_word' id='word_1_369' title='bbox 643 4607 743 4676; x_wconf 89' lang='grc' dir='ltr'>τούτοις</span> <span class='ocrx_word' id='word_1_370' title='bbox 757 4610 841 4667; x_wconf 85' lang='grc' dir='ltr'>ένεστι</span> <span class='ocrx_word' id='word_1_371' title='bbox 855 4612 908 4676; x_wconf 87' lang='grc' dir='ltr'>τοῖς</span> <span class='ocrx_word' id='word_1_372' title='bbox 928 4608 1052 4687; x_wconf 79' lang='grc' dir='ltr'>ἀνδράσι,</span> 
     </span>
    </p>

    <p class='ocr_par' dir='ltr' id='par_1_43' title="bbox 277 4693 1054 4777">
     <span class='ocr_line' id='line_1_49' title="bbox 277 4693 1054 4777; baseline 0 -22"><span class='ocrx_word' id='word_1_373' title='bbox 277 4724 290 4750; x_wconf 88' lang='grc' dir='ltr'><strong>ιι</strong></span> <span class='ocrx_word' id='word_1_374' title='bbox 312 4697 357 4756; x_wconf 83' lang='grc' dir='ltr'><strong>καί</strong></span> <span class='ocrx_word' id='word_1_375' title='bbox 371 4698 400 4756; x_wconf 83' lang='grc' dir='ltr'><strong>τὸ</strong></span> <span class='ocrx_word' id='word_1_376' title='bbox 424 4696 461 4773; x_wconf 79' lang='grc' dir='ltr'>μὴ</span> <span class='ocrx_word' id='word_1_377' title='bbox 484 4698 621 4777; x_wconf 83' lang='grc' dir='ltr'>προλιπεῖν</span> <span class='ocrx_word' id='word_1_378' title='bbox 635 4693 695 4763; x_wconf 82' lang='grc' dir='ltr'>τοὺς</span> <span class='ocrx_word' id='word_1_379' title='bbox 709 4695 894 4776; x_wconf 70' lang='grc' dir='ltr'>παρασπιστὰς</span> <span class='ocrx_word' id='word_1_380' title='bbox 907 4697 1054 4773; x_wconf 87' lang='grc' dir='ltr'>κάμνοντας</span> 
     </span>
    </p>

    <p class='ocr_par' dir='ltr' id='par_1_44' title="bbox 278 4775 1055 4865">
     <span class='ocr_line' id='line_1_50' title="bbox 278 4775 1055 4865; baseline 0.006 -26"><span class='ocrx_word' id='word_1_381' title='bbox 278 4814 289 4839; x_wconf 73' lang='lat' dir='ltr'><strong>a</strong></span> <span class='ocrx_word' id='word_1_382' title='bbox 312 4786 410 4851; x_wconf 81' lang='grc' dir='ltr'>τούτοις</span> <span class='ocrx_word' id='word_1_383' title='bbox 430 4788 531 4862; x_wconf 76' lang='grc' dir='ltr'>μᾶλλον</span> <span class='ocrx_word' id='word_1_384' title='bbox 555 4784 682 4864; x_wconf 76' lang='grc' dir='ltr'>ὑπάρξει,</span> <span class='ocrx_word' id='word_1_385' title='bbox 704 4785 824 4862; x_wconf 78' lang='grc' dir='ltr'>ἀδελφοῖς</span> <span class='ocrx_word' id='word_1_386' title='bbox 839 4775 912 4861; x_wconf 73' lang='grc' dir='ltr'>οὖσι,</span> <span class='ocrx_word' id='word_1_387' title='bbox 933 4787 997 4865; x_wconf 90' lang='grc' dir='ltr'>παρ’</span> <span class='ocrx_word' id='word_1_388' title='bbox 1012 4785 1055 4854; x_wconf 76' lang='grc' dir='ltr'><strong>οὓς</strong></span> 
     </span>
    </p>

    <p class='ocr_par' dir='ltr' id='par_1_45' title="bbox 277 4872 1053 4954">
     <span class='ocr_line' id='line_1_51' title="bbox 277 4872 1053 4954; baseline -0.003 -21"><span class='ocrx_word' id='word_1_389' title='bbox 277 4904 289 4927; x_wconf 86' lang='grc' dir='ltr'>ι</span> <span class='ocrx_word' id='word_1_390' title='bbox 311 4900 383 4942; x_wconf 88' lang='grc' dir='ltr'>τινας</span> <span class='ocrx_word' id='word_1_391' title='bbox 398 4876 492 4942; x_wconf 83' lang='grc' dir='ltr'>ἄλλους</span> <span class='ocrx_word' id='word_1_392' title='bbox 508 4873 652 4949; x_wconf 85' lang='grc' dir='ltr'>Ῥωμαίων</span> <span class='ocrx_word' id='word_1_393' title='bbox 668 4898 696 4932; x_wconf 94' lang='grc' dir='ltr'><strong>τε</strong></span> <span class='ocrx_word' id='word_1_394' title='bbox 711 4874 758 4932; x_wconf 82' lang='grc' dir='ltr'><strong>καί</strong></span> <span class='ocrx_word' id='word_1_395' title='bbox 772 4872 919 4933; x_wconf 62' lang='lat' dir='ltr'><strong>ditarer·</strong></span> <span class='ocrx_word' id='word_1_396' title='bbox 935 4872 952 4945; x_wconf 78' lang='grc' dir='ltr'><strong>ἥ</strong></span> <span class='ocrx_word' id='word_1_397' title='bbox 967 4896 995 4931; x_wconf 92' lang='grc' dir='ltr'><strong>τι</strong></span> <span class='ocrx_word' id='word_1_398' title='bbox 1011 4897 1053 4954; x_wconf 82' lang='grc' dir='ltr'><strong>φι-</strong></span> 
     </span>
    </p>

    <p class='ocr_par' dir='ltr' id='par_1_46' title="bbox 278 4962 1054 5042">
     <span class='ocr_line' id='line_1_52' title="bbox 278 4962 1054 5042; baseline 0.001 -20"><span class='ocrx_word' id='word_1_399' title='bbox 278 4992 289 5015; x_wconf 90' lang='grc' dir='ltr'><strong>ιι</strong></span> <span class='ocrx_word' id='word_1_400' title='bbox 313 4965 421 5041; x_wconf 87' lang='grc' dir='ltr'>λοτιμία</span> <span class='ocrx_word' id='word_1_401' title='bbox 443 4968 495 5022; x_wconf 88' lang='grc' dir='ltr'><strong>τῶν</strong></span> <span class='ocrx_word' id='word_1_402' title='bbox 518 4965 605 5023; x_wconf 82' lang='grc' dir='ltr'>ἄλλων</span> <span class='ocrx_word' id='word_1_403' title='bbox 618 4964 684 5024; x_wconf 91' lang='grc' dir='ltr'>νέων</span> <span class='ocrx_word' id='word_1_404' title='bbox 699 4962 805 5042; x_wconf 76' lang='grc' dir='ltr'>χαλεπὴ</span> <span class='ocrx_word' id='word_1_405' title='bbox 820 4965 931 5033; x_wconf 81' lang='grc' dir='ltr'>λυθῆναι</span> <span class='ocrx_word' id='word_1_406' title='bbox 948 4964 981 5021; x_wconf 88' lang='grc' dir='ltr'><strong>δι’</strong></span> <span class='ocrx_word' id='word_1_407' title='bbox 998 4963 1054 5023; x_wconf 80' lang='grc' dir='ltr'>ἑτέ·</span> 
     </span>
    </p>

    <p class='ocr_par' dir='ltr' id='par_1_47' title="bbox 276 5044 1052 5133">
     <span class='ocr_line' id='line_1_53' title="bbox 276 5044 1052 5133; baseline -0.003 -21"><span class='ocrx_word' id='word_1_408' title='bbox 276 5080 288 5104; x_wconf 81' lang='grc' dir='ltr'><strong>ιι</strong></span> <span class='ocrx_word' id='word_1_409' title='bbox 312 5075 357 5132; x_wconf 92' lang='grc' dir='ltr'><strong>ρου</strong></span> <span class='ocrx_word' id='word_1_410' title='bbox 372 5053 439 5120; x_wconf 77' lang='grc' dir='ltr'>τινὀς</span> <span class='ocrx_word' id='word_1_411' title='bbox 456 5044 523 5114; x_wconf 79' lang='grc' dir='ltr'>οῦσα</span> <span class='ocrx_word' id='word_1_412' title='bbox 537 5053 636 5133; x_wconf 87' lang='grc' dir='ltr'>τρόπου</span> <span class='ocrx_word' id='word_1_413' title='bbox 656 5055 766 5131; x_wconf 72' lang='grc' dir='ltr'>ταχεῖαν</span> <span class='ocrx_word' id='word_1_414' title='bbox 779 5051 830 5120; x_wconf 74' lang='grc' dir='ltr'>ἕξει</span> <span class='ocrx_word' id='word_1_415' title='bbox 843 5053 939 5131; x_wconf 88' lang='grc' dir='ltr'>κρίσιν.</span> <span class='ocrx_word' id='word_1_416' title='bbox 982 5053 1052 5112; x_wconf 85' lang='grc' dir='ltr'>Τεκ·</span> 
     </span>
    </p>

    <p class='ocr_par' dir='ltr' id='par_1_48' title="bbox 278 5140 1056 5221">
     <span class='ocr_line' id='line_1_54' title="bbox 278 5140 1056 5221; baseline 0.001 -24"><span class='ocrx_word' id='word_1_417' title='bbox 278 5168 289 5192; x_wconf 85' lang='grc' dir='ltr'><strong>ιι</strong></span> <span class='ocrx_word' id='word_1_418' title='bbox 313 5141 444 5219; x_wconf 87' lang='grc' dir='ltr'>μαέρομαι</span> <span class='ocrx_word' id='word_1_419' title='bbox 466 5146 518 5221; x_wconf 88' lang='grc' dir='ltr'><strong>γάρ</strong></span> <span class='ocrx_word' id='word_1_420' title='bbox 534 5164 592 5199; x_wconf 90' lang='grc' dir='ltr'>τινα</span> <span class='ocrx_word' id='word_1_421' title='bbox 613 5140 658 5199; x_wconf 79' lang='grc' dir='ltr'><strong>καὶ</strong></span> <span class='ocrx_word' id='word_1_422' title='bbox 674 5143 738 5219; x_wconf 84' lang='grc' dir='ltr'>παρ’</span> <span class='ocrx_word' id='word_1_423' title='bbox 755 5145 816 5212; x_wconf 82' lang='grc' dir='ltr'>ὑμῖν</span> <span class='ocrx_word' id='word_1_424' title='bbox 837 5140 890 5220; x_wconf 74' lang='grc' dir='ltr'>ἔριν</span> <span class='ocrx_word' id='word_1_425' title='bbox 905 5144 932 5200; x_wconf 91' lang='grc' dir='ltr'>ἐν</span> <span class='ocrx_word' id='word_1_426' title='bbox 950 5141 1056 5206; x_wconf 88' lang='grc' dir='ltr'>πολλοῖς</span> 
     </span>
    </p>
   </div>
   <div class='ocr_carea' id='block_1_4' title="bbox 277 5217 1084 5307">
    <p class='ocr_par' dir='ltr' id='par_1_49' title="bbox 277 5217 1084 5307">
     <span class='ocr_line' id='line_1_55' title="bbox 277 5217 1084 5307; baseline 0.006 -27"><span class='ocrx_word' id='word_1_427' title='bbox 277 5256 289 5280; x_wconf 71' lang='grc' dir='ltr'>ι</span> <span class='ocrx_word' id='word_1_428' title='bbox 313 5217 447 5287; x_wconf 77' lang='grc' dir='ltr'>εἶναιτῶν</span> <span class='ocrx_word' id='word_1_429' title='bbox 466 5226 687 5306; x_wconf 81' lang='grc' dir='ltr'>ἀντιποιουμένων</span> <span class='ocrx_word' id='word_1_430' title='bbox 704 5229 814 5305; x_wconf 76' lang='grc' dir='ltr'>ἀρετῆς,</span> <span class='ocrx_word' id='word_1_431' title='bbox 829 5226 919 5307; x_wconf 80' lang='grc' dir='ltr'>ὥσπιρ</span> <span class='ocrx_word' id='word_1_432' title='bbox 933 5227 978 5285; x_wconf 79' lang='grc' dir='ltr'><strong>καὶ</strong></span> <span class='ocrx_word' id='word_1_433' title='bbox 992 5227 1055 5305; x_wconf 84' lang='grc' dir='ltr'>παρ’</span> <span class='ocrx_word' id='word_1_434' title='bbox 1081 5258 1084 5273; x_wconf 83' lang='grc' dir='ltr'>ι</span> 
     </span>
    </p>
   </div>
   <div class='ocr_carea' id='block_1_5' title="bbox 805 410 1373 473">
    <p class='ocr_par' dir='ltr' id='par_1_50' title="bbox 805 410 1373 473">
     <span class='ocr_line' id='line_1_56' title="bbox 805 410 1373 473; baseline 0.004 -3"><span class='ocrx_word' id='word_1_435' title='bbox 805 411 973 473; x_wconf 71' lang='lat' dir='ltr'><strong>nlenten</strong></span> <span class='ocrx_word' id='word_1_436' title='bbox 995 410 1373 473; x_wconf 72' lang='lat' dir='ltr'><strong>tinticnsllassssn&#39;sis</strong></span> 
     </span>
    </p>
   </div>
   <div class='ocr_carea' id='block_1_6' title="bbox 1108 549 1888 3196">
    <p class='ocr_par' dir='ltr' id='par_1_51' title="bbox 1108 549 1888 3196">
     <span class='ocr_line' id='line_1_57' title="bbox 1112 549 1886 616; baseline -0.005 -12"><span class='ocrx_word' id='word_1_437' title='bbox 1112 552 1240 616; x_wconf 81' lang='lat' dir='ltr'><strong>probasset</strong></span> <span class='ocrx_word' id='word_1_438' title='bbox 1251 556 1277 604; x_wconf 89' lang='lat' dir='ltr'><strong>et</strong></span> <span class='ocrx_word' id='word_1_439' title='bbox 1291 556 1358 603; x_wconf 80' lang='lat' dir='ltr'><strong>ratas</strong></span> <span class='ocrx_word' id='word_1_440' title='bbox 1371 553 1485 613; x_wconf 72' lang='lat' dir='ltr'><strong>incuset,</strong></span> <span class='ocrx_word' id='word_1_441' title='bbox 1500 552 1561 602; x_wconf 90' lang='lat' dir='ltr'><strong>mira</strong></span> <span class='ocrx_word' id='word_1_442' title='bbox 1575 551 1641 601; x_wconf 87' lang='lat' dir='ltr'><strong>illius</strong></span> <span class='ocrx_word' id='word_1_443' title='bbox 1651 550 1751 600; x_wconf 86' lang='lat' dir='ltr'><strong>honoris</strong></span> <span class='ocrx_word' id='word_1_444' title='bbox 1764 549 1886 613; x_wconf 75' lang='lat' dir='ltr'>cupiditas</span> 
     </span>
     <span class='ocr_line' id='line_1_58' title="bbox 1111 642 1887 707; baseline -0.005 -11"><span class='ocrx_word' id='word_1_445' title='bbox 1111 648 1137 696; x_wconf 90' lang='lat' dir='ltr'><strong>et</strong></span> <span class='ocrx_word' id='word_1_446' title='bbox 1152 644 1307 696; x_wconf 73' lang='lat' dir='ltr'><strong>centuriones</strong></span> <span class='ocrx_word' id='word_1_447' title='bbox 1320 648 1346 696; x_wconf 89' lang='lat' dir='ltr'><strong>et</strong></span> <span class='ocrx_word' id='word_1_448' title='bbox 1360 645 1452 696; x_wconf 85' lang='lat' dir='ltr'><strong>milites</strong></span> <span class='ocrx_word' id='word_1_449' title='bbox 1466 644 1569 706; x_wconf 79' lang='lat' dir='ltr'><strong>invasit,</strong></span> <span class='ocrx_word' id='word_1_450' title='bbox 1584 643 1714 707; x_wconf 88' lang='lat' dir='ltr'><strong>permultis</strong></span> <span class='ocrx_word' id='word_1_451' title='bbox 1732 642 1887 706; x_wconf 85' lang='lat' dir='ltr'><strong>cupientibus</strong></span> 
     </span>
     <span class='ocr_line' id='line_1_59' title="bbox 1111 734 1886 801; baseline -0.001 -17"><span class='ocrx_word' id='word_1_452' title='bbox 1111 735 1186 786; x_wconf 85' lang='lat' dir='ltr'><strong>huius</strong></span> <span class='ocrx_word' id='word_1_453' title='bbox 1207 749 1295 801; x_wconf 80' lang='lat' dir='ltr'><strong>pugne</strong></span> <span class='ocrx_word' id='word_1_454' title='bbox 1313 739 1419 801; x_wconf 89' lang='lat' dir='ltr'><strong>palmam</strong></span> <span class='ocrx_word' id='word_1_455' title='bbox 1433 737 1511 796; x_wconf 86' lang='lat' dir='ltr'><strong>terre,</strong></span> <span class='ocrx_word' id='word_1_456' title='bbox 1529 738 1554 786; x_wconf 90' lang='lat' dir='ltr'><strong>et</strong></span> <span class='ocrx_word' id='word_1_457' title='bbox 1570 749 1617 785; x_wconf 93' lang='lat' dir='ltr'><strong>non</strong></span> <span class='ocrx_word' id='word_1_458' title='bbox 1639 734 1722 785; x_wconf 85' lang='lat' dir='ltr'><strong>verbis</strong></span> <span class='ocrx_word' id='word_1_459' title='bbox 1741 737 1839 785; x_wconf 87' lang='lat' dir='ltr'><strong>tantum</strong></span> <span class='ocrx_word' id='word_1_460' title='bbox 1855 735 1886 787; x_wconf 85' lang='lat' dir='ltr'><strong>ad</strong></span> 
     </span>
     <span class='ocr_line' id='line_1_60' title="bbox 1111 825 1887 892; baseline 0 -15"><span class='ocrx_word' id='word_1_461' title='bbox 1111 826 1138 877; x_wconf 92' lang='lat' dir='ltr'><strong>ld</strong></span> <span class='ocrx_word' id='word_1_462' title='bbox 1159 826 1338 892; x_wconf 86' lang='lat' dir='ltr'><strong>aspirantibus,</strong></span> <span class='ocrx_word' id='word_1_463' title='bbox 1360 827 1403 878; x_wconf 91' lang='lat' dir='ltr'><strong>sed</strong></span> <span class='ocrx_word' id='word_1_464' title='bbox 1427 828 1502 878; x_wconf 89' lang='lat' dir='ltr'><strong>etiam</strong></span> <span class='ocrx_word' id='word_1_465' title='bbox 1525 827 1596 878; x_wconf 88' lang='lat' dir='ltr'><strong>laetis</strong></span> <span class='ocrx_word' id='word_1_466' title='bbox 1618 826 1701 892; x_wconf 84' lang='lat' dir='ltr'><strong>gloriae</strong></span> <span class='ocrx_word' id='word_1_467' title='bbox 1726 825 1887 890; x_wconf 70' lang='lat' dir='ltr'><strong>cupiditatem</strong></span> 
     </span>
     <span class='ocr_line' id='line_1_61' title="bbox 1111 917 1886 981; baseline 0.001 -13"><span class='ocrx_word' id='word_1_468' title='bbox 1111 917 1307 979; x_wconf 87' lang='lat' dir='ltr'><strong>ostentantibus;</strong></span> <span class='ocrx_word' id='word_1_469' title='bbox 1321 918 1357 969; x_wconf 89' lang='lat' dir='ltr'><strong>ita</strong></span> <span class='ocrx_word' id='word_1_470' title='bbox 1369 924 1399 969; x_wconf 89' lang='lat' dir='ltr'><strong>ut</strong></span> <span class='ocrx_word' id='word_1_471' title='bbox 1411 932 1498 969; x_wconf 82' lang='lat' dir='ltr'><strong>eorum</strong></span> <span class='ocrx_word' id='word_1_472' title='bbox 1512 919 1588 969; x_wconf 83' lang='lat' dir='ltr'><strong>duces</strong></span> <span class='ocrx_word' id='word_1_473' title='bbox 1599 932 1648 968; x_wconf 70' lang='lat' dir='ltr'><strong>nrm</strong></span> <span class='ocrx_word' id='word_1_474' title='bbox 1661 917 1714 968; x_wconf 90' lang='lat' dir='ltr'><strong>sine</strong></span> <span class='ocrx_word' id='word_1_475' title='bbox 1724 932 1811 981; x_wconf 88' lang='lat' dir='ltr'><strong>magua</strong></span> <span class='ocrx_word' id='word_1_476' title='bbox 1822 917 1886 969; x_wconf 85' lang='lat' dir='ltr'><strong>dilli-</strong></span> 
     </span>
     <span class='ocr_line' id='line_1_62' title="bbox 1111 1010 1887 1076; baseline 0 -18"><span class='ocrx_word' id='word_1_477' title='bbox 1111 1010 1202 1059; x_wconf 91' lang='lat' dir='ltr'><strong>cultate</strong></span> <span class='ocrx_word' id='word_1_478' title='bbox 1220 1013 1322 1073; x_wconf 76' lang='lat' dir='ltr'><strong>possent</strong></span> <span class='ocrx_word' id='word_1_479' title='bbox 1334 1010 1490 1075; x_wconf 79' lang='lat' dir='ltr'><strong>dignoscere,</strong></span> <span class='ocrx_word' id='word_1_480' title='bbox 1503 1011 1605 1076; x_wconf 89' lang='lat' dir='ltr'><strong>quinam</strong></span> <span class='ocrx_word' id='word_1_481' title='bbox 1623 1011 1706 1061; x_wconf 86' lang='lat' dir='ltr'><strong>esseut</strong></span> <span class='ocrx_word' id='word_1_482' title='bbox 1719 1010 1751 1060; x_wconf 86' lang='lat' dir='ltr'><strong>ad</strong></span> <span class='ocrx_word' id='word_1_483' title='bbox 1767 1023 1821 1058; x_wconf 87' lang='lat' dir='ltr'><strong>earn</strong></span> <span class='ocrx_word' id='word_1_484' title='bbox 1835 1024 1887 1059; x_wconf 88' lang='lat' dir='ltr'><strong>rem</strong></span> 
     </span>
     <span class='ocr_line' id='line_1_63' title="bbox 1110 1099 1887 1166; baseline -0.001 -16"><span class='ocrx_word' id='word_1_485' title='bbox 1110 1101 1219 1151; x_wconf 91' lang='lat' dir='ltr'><strong>omnium</strong></span> <span class='ocrx_word' id='word_1_486' title='bbox 1231 1101 1361 1165; x_wconf 75' lang='lat' dir='ltr'><strong>aptissimi.</strong></span> <span class='ocrx_word' id='word_1_487' title='bbox 1394 1101 1477 1166; x_wconf 88' lang='lat' dir='ltr'><strong>siquis</strong></span> <span class='ocrx_word' id='word_1_488' title='bbox 1490 1100 1554 1150; x_wconf 91' lang='lat' dir='ltr'><strong>enim</strong></span> <span class='ocrx_word' id='word_1_489' title='bbox 1574 1104 1627 1150; x_wconf 88' lang='lat' dir='ltr'><strong>erat</strong></span> <span class='ocrx_word' id='word_1_490' title='bbox 1642 1102 1686 1150; x_wconf 88' lang='lat' dir='ltr'><strong>aut</strong></span> <span class='ocrx_word' id='word_1_491' title='bbox 1702 1099 1824 1149; x_wconf 75' lang='lat' dir='ltr'><strong>matonam</strong></span> <span class='ocrx_word' id='word_1_492' title='bbox 1839 1113 1887 1149; x_wconf 91' lang='lat' dir='ltr'><strong>uo·</strong></span> 
     </span>
     <span class='ocr_line' id='line_1_64' title="bbox 1109 1190 1885 1257; baseline -0.001 -15"><span class='ocrx_word' id='word_1_493' title='bbox 1109 1190 1205 1242; x_wconf 77' lang='lat' dir='ltr'><strong>bilitme</strong></span> <span class='ocrx_word' id='word_1_494' title='bbox 1216 1192 1312 1254; x_wconf 88' lang='lat' dir='ltr'><strong>clarus,</strong></span> <span class='ocrx_word' id='word_1_495' title='bbox 1324 1193 1487 1257; x_wconf 85' lang='lat' dir='ltr'><strong>autcorperis</strong></span> <span class='ocrx_word' id='word_1_496' title='bbox 1503 1191 1591 1241; x_wconf 86' lang='lat' dir='ltr'><strong>robore</strong></span> <span class='ocrx_word' id='word_1_497' title='bbox 1605 1190 1740 1252; x_wconf 83' lang='lat' dir='ltr'><strong>exceliens,</strong></span> <span class='ocrx_word' id='word_1_498' title='bbox 1749 1193 1794 1241; x_wconf 90' lang='lat' dir='ltr'><strong>aut</strong></span> <span class='ocrx_word' id='word_1_499' title='bbox 1812 1204 1885 1242; x_wconf 91' lang='lat' dir='ltr'><strong>manu</strong></span> 
     </span>
     <span class='ocr_line' id='line_1_65' title="bbox 1110 1284 1885 1349; baseline -0.005 -12"><span class='ocrx_word' id='word_1_500' title='bbox 1110 1291 1240 1348; x_wconf 90' lang='lat' dir='ltr'><strong>strenuus,</strong></span> <span class='ocrx_word' id='word_1_501' title='bbox 1250 1294 1295 1337; x_wconf 85' lang='lat' dir='ltr'><strong>ant</strong></span> <span class='ocrx_word' id='word_1_502' title='bbox 1308 1286 1392 1349; x_wconf 84' lang='lat' dir='ltr'><strong>aliqua</strong></span> <span class='ocrx_word' id='word_1_503' title='bbox 1403 1286 1542 1336; x_wconf 83' lang='lat' dir='ltr'><strong>altercant</strong></span> <span class='ocrx_word' id='word_1_504' title='bbox 1558 1284 1666 1334; x_wconf 76' lang='lat' dir='ltr'><strong>inducre</strong></span> <span class='ocrx_word' id='word_1_505' title='bbox 1677 1285 1765 1334; x_wconf 88' lang='lat' dir='ltr'><strong>audaci</strong></span> <span class='ocrx_word' id='word_1_506' title='bbox 1776 1284 1885 1348; x_wconf 86' lang='lat' dir='ltr'><strong>insignis,</strong></span> 
     </span>
     <span class='ocr_line' id='line_1_66' title="bbox 1110 1376 1885 1444; baseline -0.004 -14"><span class='ocrx_word' id='word_1_507' title='bbox 1110 1394 1137 1430; x_wconf 91' lang='lat' dir='ltr'><strong>se</strong></span> <span class='ocrx_word' id='word_1_508' title='bbox 1150 1379 1256 1444; x_wconf 90' lang='lat' dir='ltr'><strong>primum</strong></span> <span class='ocrx_word' id='word_1_509' title='bbox 1278 1381 1304 1430; x_wconf 91' lang='lat' dir='ltr'><strong>in</strong></span> <span class='ocrx_word' id='word_1_510' title='bbox 1317 1380 1415 1430; x_wconf 89' lang='lat' dir='ltr'><strong>illorum</strong></span> <span class='ocrx_word' id='word_1_511' title='bbox 1431 1379 1506 1430; x_wconf 89' lang='lat' dir='ltr'><strong>trium</strong></span> <span class='ocrx_word' id='word_1_512' title='bbox 1525 1391 1656 1429; x_wconf 87' lang='lat' dir='ltr'><strong>numerum</strong></span> <span class='ocrx_word' id='word_1_513' title='bbox 1675 1376 1759 1428; x_wconf 79' lang='lat' dir='ltr'><strong>reterri</strong></span> <span class='ocrx_word' id='word_1_514' title='bbox 1777 1377 1885 1428; x_wconf 82' lang='lat' dir='ltr'><strong>volebat.</strong></span> 
     </span>
     <span class='ocr_line' id='line_1_67' title="bbox 1109 1470 1887 1530; baseline -0.004 -7"><span class='ocrx_word' id='word_1_515' title='bbox 1109 1470 1158 1523; x_wconf 85' lang='lat' dir='ltr'><strong>Sed</strong></span> <span class='ocrx_word' id='word_1_516' title='bbox 1179 1473 1330 1524; x_wconf 71' lang='lat' dir='ltr'><strong>Albanorum</strong></span> <span class='ocrx_word' id='word_1_517' title='bbox 1352 1471 1402 1522; x_wconf 78' lang='lat' dir='ltr'><strong>dux</strong></span> <span class='ocrx_word' id='word_1_518' title='bbox 1421 1473 1496 1523; x_wconf 90' lang='lat' dir='ltr'><strong>istam</strong></span> <span class='ocrx_word' id='word_1_519' title='bbox 1515 1471 1671 1523; x_wconf 84' lang='lat' dir='ltr'><strong>ambitiosam</strong></span> <span class='ocrx_word' id='word_1_520' title='bbox 1691 1471 1887 1530; x_wconf 88' lang='lat' dir='ltr'><strong>contentionem,</strong></span> 
     </span>
     <span class='ocr_line' id='line_1_68' title="bbox 1110 1560 1884 1632; baseline -0.009 -17"><span class='ocrx_word' id='word_1_521' title='bbox 1110 1579 1167 1629; x_wconf 75' lang='lat' dir='ltr'><strong>quas</strong></span> <span class='ocrx_word' id='word_1_522' title='bbox 1180 1567 1205 1614; x_wconf 91' lang='lat' dir='ltr'><strong>iu</strong></span> <span class='ocrx_word' id='word_1_523' title='bbox 1220 1569 1326 1632; x_wconf 80' lang='grc' dir='ltr'>υῑεοηιιε</span> <span class='ocrx_word' id='word_1_524' title='bbox 1338 1566 1449 1616; x_wconf 87' lang='lat' dir='ltr'><strong>exercitu</strong></span> <span class='ocrx_word' id='word_1_525' title='bbox 1465 1564 1560 1630; x_wconf 65' lang='lat' dir='ltr'><strong>longus</strong></span> <span class='ocrx_word' id='word_1_526' title='bbox 1571 1562 1701 1628; x_wconf 75' lang='lat' dir='ltr'><strong>serpebat,</strong></span> <span class='ocrx_word' id='word_1_527' title='bbox 1716 1560 1862 1625; x_wconf 77' lang='lat' dir='ltr'><strong>compressit</strong></span> <span class='ocrx_word' id='word_1_528' title='bbox 1878 1578 1884 1608; x_wconf 73' lang='grc' dir='ltr'>ι</span> 
     </span>
     <span class='ocr_line' id='line_1_69' title="bbox 1109 1655 1885 1721; baseline -0.001 -13"><span class='ocrx_word' id='word_1_529' title='bbox 1109 1658 1306 1710; x_wconf 81' lang='lat' dir='ltr'><strong>animadvertens</strong></span> <span class='ocrx_word' id='word_1_530' title='bbox 1323 1659 1431 1709; x_wconf 82' lang='lat' dir='ltr'><strong>diuinam</strong></span> <span class='ocrx_word' id='word_1_531' title='bbox 1450 1655 1628 1721; x_wconf 83' lang='lat' dir='ltr'><strong>providentiam</strong></span> <span class='ocrx_word' id='word_1_532' title='bbox 1645 1655 1723 1705; x_wconf 88' lang='lat' dir='ltr'><strong>multo</strong></span> <span class='ocrx_word' id='word_1_533' title='bbox 1740 1661 1797 1707; x_wconf 88' lang='lat' dir='ltr'><strong>ante</strong></span> <span class='ocrx_word' id='word_1_534' title='bbox 1821 1670 1885 1720; x_wconf 78' lang='lat' dir='ltr'><strong>pre·</strong></span> 
     </span>
     <span class='ocr_line' id='line_1_70' title="bbox 1110 1745 1886 1812; baseline -0.004 -13"><span class='ocrx_word' id='word_1_535' title='bbox 1110 1750 1186 1799; x_wconf 88' lang='lat' dir='ltr'><strong>sciam</strong></span> <span class='ocrx_word' id='word_1_536' title='bbox 1199 1747 1340 1799; x_wconf 70' lang='lat' dir='ltr'><strong>certaminis</strong></span> <span class='ocrx_word' id='word_1_537' title='bbox 1353 1746 1416 1797; x_wconf 92' lang='lat' dir='ltr'><strong>iuter</strong></span> <span class='ocrx_word' id='word_1_538' title='bbox 1430 1748 1475 1797; x_wconf 83' lang='lat' dir='ltr'><strong>tras</strong></span> <span class='ocrx_word' id='word_1_539' title='bbox 1486 1746 1548 1796; x_wconf 89' lang='lat' dir='ltr'><strong>duas</strong></span> <span class='ocrx_word' id='word_1_540' title='bbox 1568 1745 1682 1796; x_wconf 73' lang='lat' dir='ltr'><strong>deitates</strong></span> <span class='ocrx_word' id='word_1_541' title='bbox 1693 1746 1770 1797; x_wconf 75' lang='lat' dir='ltr'><strong>futuri</strong></span> <span class='ocrx_word' id='word_1_542' title='bbox 1783 1761 1826 1798; x_wconf 90' lang='lat' dir='ltr'><strong>eos</strong></span> <span class='ocrx_word' id='word_1_543' title='bbox 1842 1747 1886 1812; x_wconf 87' lang='lat' dir='ltr'><strong>qui</strong></span> 
     </span>
     <span class='ocr_line' id='line_1_71' title="bbox 1110 1837 1887 1905; baseline -0.004 -14"><span class='ocrx_word' id='word_1_544' title='bbox 1110 1855 1155 1905; x_wconf 92' lang='lat' dir='ltr'><strong>pro</strong></span> <span class='ocrx_word' id='word_1_545' title='bbox 1167 1840 1227 1904; x_wconf 89' lang='lat' dir='ltr'><strong>ipsis</strong></span> <span class='ocrx_word' id='word_1_546' title='bbox 1240 1841 1322 1889; x_wconf 77' lang='lat' dir='ltr'><strong>essem</strong></span> <span class='ocrx_word' id='word_1_547' title='bbox 1334 1837 1495 1902; x_wconf 80' lang='lat' dir='ltr'><strong>periclitaturi</strong></span> <span class='ocrx_word' id='word_1_548' title='bbox 1513 1850 1612 1901; x_wconf 83' lang='lat' dir='ltr'><strong>parasse</strong></span> <span class='ocrx_word' id='word_1_549' title='bbox 1626 1850 1659 1887; x_wconf 79' lang='lat' dir='ltr'><strong>ex</strong></span> <span class='ocrx_word' id='word_1_550' title='bbox 1679 1837 1777 1887; x_wconf 75' lang='lat' dir='ltr'><strong>familiis</strong></span> <span class='ocrx_word' id='word_1_551' title='bbox 1786 1837 1887 1888; x_wconf 87' lang='lat' dir='ltr'><strong>minime</strong></span> 
     </span>
     <span class='ocr_line' id='line_1_72' title="bbox 1109 1929 1887 1995; baseline -0.006 -10"><span class='ocrx_word' id='word_1_552' title='bbox 1109 1935 1235 1995; x_wconf 84' lang='lat' dir='ltr'><strong>obscuris,</strong></span> <span class='ocrx_word' id='word_1_553' title='bbox 1244 1933 1310 1983; x_wconf 82' lang='lat' dir='ltr'><strong>viros</strong></span> <span class='ocrx_word' id='word_1_554' title='bbox 1322 1931 1417 1982; x_wconf 78' lang='lat' dir='ltr'><strong>bellicis</strong></span> <span class='ocrx_word' id='word_1_555' title='bbox 1431 1929 1505 1981; x_wconf 88' lang='lat' dir='ltr'><strong>rebus</strong></span> <span class='ocrx_word' id='word_1_556' title='bbox 1526 1933 1686 1995; x_wconf 69' lang='lat' dir='ltr'><strong>praestantes,</strong></span> <span class='ocrx_word' id='word_1_557' title='bbox 1701 1934 1728 1981; x_wconf 87' lang='lat' dir='ltr'><strong>et</strong></span> <span class='ocrx_word' id='word_1_558' title='bbox 1744 1931 1822 1980; x_wconf 89' lang='lat' dir='ltr'><strong>lorrua</strong></span> <span class='ocrx_word' id='word_1_559' title='bbox 1835 1931 1887 1980; x_wconf 82' lang='lat' dir='ltr'><strong>exi-</strong></span> 
     </span>
     <span class='ocr_line' id='line_1_73' title="bbox 1109 2022 1887 2092; baseline -0.008 -14"><span class='ocrx_word' id='word_1_560' title='bbox 1109 2029 1159 2078; x_wconf 87' lang='lat' dir='ltr'><strong>mia</strong></span> <span class='ocrx_word' id='word_1_561' title='bbox 1179 2027 1313 2092; x_wconf 76' lang='lat' dir='ltr'><strong>prades,</strong></span> <span class='ocrx_word' id='word_1_562' title='bbox 1332 2028 1357 2077; x_wconf 89' lang='lat' dir='ltr'><strong>et</strong></span> <span class='ocrx_word' id='word_1_563' title='bbox 1375 2023 1497 2074; x_wconf 84' lang='lat' dir='ltr'><strong>natalibus</strong></span> <span class='ocrx_word' id='word_1_564' title='bbox 1517 2037 1568 2073; x_wconf 90' lang='lat' dir='ltr'><strong>non</strong></span> <span class='ocrx_word' id='word_1_565' title='bbox 1587 2022 1747 2085; x_wconf 76' lang='lat' dir='ltr'><strong>vulgaribus,</strong></span> <span class='ocrx_word' id='word_1_566' title='bbox 1764 2023 1808 2073; x_wconf 91' lang='lat' dir='ltr'><strong>sed</strong></span> <span class='ocrx_word' id='word_1_567' title='bbox 1824 2023 1887 2073; x_wconf 83' lang='lat' dir='ltr'><strong>raris</strong></span> 
     </span>
     <span class='ocr_line' id='line_1_74' title="bbox 1110 2115 1886 2170; baseline -0.006 0"><span class='ocrx_word' id='word_1_568' title='bbox 1110 2122 1136 2170; x_wconf 89' lang='lat' dir='ltr'><strong>et</strong></span> <span class='ocrx_word' id='word_1_569' title='bbox 1147 2117 1299 2169; x_wconf 76' lang='lat' dir='ltr'><strong>admirandis</strong></span> <span class='ocrx_word' id='word_1_570' title='bbox 1313 2118 1345 2169; x_wconf 89' lang='lat' dir='ltr'><strong>ob</strong></span> <span class='ocrx_word' id='word_1_571' title='bbox 1360 2116 1395 2167; x_wconf 91' lang='lat' dir='ltr'><strong>rei</strong></span> <span class='ocrx_word' id='word_1_572' title='bbox 1405 2117 1549 2168; x_wconf 85' lang='lat' dir='ltr'><strong>novitatem.</strong></span> <span class='ocrx_word' id='word_1_573' title='bbox 1582 2116 1686 2167; x_wconf 79' lang='lat' dir='ltr'><strong>Sicinius</strong></span> <span class='ocrx_word' id='word_1_574' title='bbox 1696 2117 1761 2167; x_wconf 91' lang='lat' dir='ltr'><strong>enim</strong></span> <span class='ocrx_word' id='word_1_575' title='bbox 1776 2115 1886 2166; x_wconf 73' lang='lat' dir='ltr'><strong>albentes</strong></span> 
     </span>
     <span class='ocr_line' id='line_1_75' title="bbox 1108 2210 1884 2279; baseline -0.006 -13"><span class='ocrx_word' id='word_1_576' title='bbox 1108 2216 1227 2279; x_wconf 88' lang='lat' dir='ltr'><strong>gemellas</strong></span> <span class='ocrx_word' id='word_1_577' title='bbox 1241 2214 1318 2276; x_wconf 85' lang='lat' dir='ltr'><strong>litias,</strong></span> <span class='ocrx_word' id='word_1_578' title='bbox 1338 2214 1441 2263; x_wconf 86' lang='lat' dir='ltr'><strong>alterum</strong></span> <span class='ocrx_word' id='word_1_579' title='bbox 1457 2213 1559 2265; x_wconf 80' lang='lat' dir='ltr'><strong>ilomtlo</strong></span> <span class='ocrx_word' id='word_1_580' title='bbox 1571 2212 1668 2262; x_wconf 87' lang='lat' dir='ltr'><strong>cuidam</strong></span> <span class='ocrx_word' id='word_1_581' title='bbox 1687 2214 1807 2271; x_wconf 83' lang='lat' dir='ltr'><strong>Romano,</strong></span> <span class='ocrx_word' id='word_1_582' title='bbox 1820 2210 1884 2261; x_wconf 88' lang='lat' dir='ltr'><strong>alte·</strong></span> 
     </span>
     <span class='ocr_line' id='line_1_76' title="bbox 1109 2304 1887 2370; baseline -0.014 -10"><span class='ocrx_word' id='word_1_583' title='bbox 1109 2322 1161 2360; x_wconf 84' lang='lat' dir='ltr'><strong>ram</strong></span> <span class='ocrx_word' id='word_1_584' title='bbox 1175 2306 1293 2366; x_wconf 70' lang='lat' dir='ltr'><strong>curabo,</strong></span> <span class='ocrx_word' id='word_1_585' title='bbox 1309 2306 1421 2370; x_wconf 87' lang='lat' dir='ltr'><strong>quierat</strong></span> <span class='ocrx_word' id='word_1_586' title='bbox 1438 2318 1526 2368; x_wconf 88' lang='lat' dir='ltr'><strong>genera</strong></span> <span class='ocrx_word' id='word_1_587' title='bbox 1543 2304 1666 2365; x_wconf 69' lang='grc' dir='ltr'>Αἰθιπυε,</span> <span class='ocrx_word' id='word_1_588' title='bbox 1680 2304 1765 2355; x_wconf 87' lang='lat' dir='ltr'><strong>eodem</strong></span> <span class='ocrx_word' id='word_1_589' title='bbox 1775 2307 1887 2365; x_wconf 86' lang='lat' dir='ltr'><strong>ternpore</strong></span> 
     </span>
     <span class='ocr_line' id='line_1_77' title="bbox 1108 2394 1887 2465; baseline -0.01 -14"><span class='ocrx_word' id='word_1_590' title='bbox 1108 2399 1278 2465; x_wconf 86' lang='lat' dir='ltr'><strong>desponderat.</strong></span> <span class='ocrx_word' id='word_1_591' title='bbox 1311 2400 1406 2448; x_wconf 84' lang='lat' dir='ltr'><strong>Horum</strong></span> <span class='ocrx_word' id='word_1_592' title='bbox 1426 2397 1556 2449; x_wconf 88' lang='lat' dir='ltr'><strong>amborum</strong></span> <span class='ocrx_word' id='word_1_593' title='bbox 1579 2411 1671 2449; x_wconf 84' lang='lat' dir='ltr'><strong>uxores</strong></span> <span class='ocrx_word' id='word_1_594' title='bbox 1688 2396 1798 2459; x_wconf 76' lang='lat' dir='ltr'><strong>gravidas</strong></span> <span class='ocrx_word' id='word_1_595' title='bbox 1813 2394 1887 2444; x_wconf 89' lang='lat' dir='ltr'><strong>simul</strong></span> 
     </span>
     <span class='ocr_line' id='line_1_78' title="bbox 1109 2488 1887 2555; baseline -0.005 -15"><span class='ocrx_word' id='word_1_596' title='bbox 1109 2490 1277 2555; x_wconf 82' lang='lat' dir='ltr'><strong>lucteprimo</strong></span> <span class='ocrx_word' id='word_1_597' title='bbox 1288 2494 1360 2554; x_wconf 89' lang='lat' dir='ltr'><strong>partu</strong></span> <span class='ocrx_word' id='word_1_598' title='bbox 1372 2488 1466 2553; x_wconf 90' lang='lat' dir='ltr'><strong>prolem</strong></span> <span class='ocrx_word' id='word_1_599' title='bbox 1482 2489 1616 2540; x_wconf 85' lang='lat' dir='ltr'><strong>masculam</strong></span> <span class='ocrx_word' id='word_1_600' title='bbox 1627 2488 1770 2549; x_wconf 87' lang='lat' dir='ltr'><strong>ediderunt,</strong></span> <span class='ocrx_word' id='word_1_601' title='bbox 1783 2500 1887 2551; x_wconf 79' lang='lat' dir='ltr'><strong>emaque</strong></span> 
     </span>
     <span class='ocr_line' id='line_1_79' title="bbox 1108 2582 1888 2651; baseline -0.001 -16"><span class='ocrx_word' id='word_1_602' title='bbox 1108 2587 1279 2651; x_wconf 87' lang='lat' dir='ltr'><strong>trigeminam,</strong></span> <span class='ocrx_word' id='word_1_603' title='bbox 1300 2599 1374 2648; x_wconf 86' lang='lat' dir='ltr'><strong>qnam</strong></span> <span class='ocrx_word' id='word_1_604' title='bbox 1385 2584 1433 2649; x_wconf 89' lang='lat' dir='ltr'><strong>ipsl</strong></span> <span class='ocrx_word' id='word_1_605' title='bbox 1446 2585 1575 2649; x_wconf 74' lang='lat' dir='ltr'><strong>parmtss,</strong></span> <span class='ocrx_word' id='word_1_606' title='bbox 1590 2586 1620 2634; x_wconf 89' lang='lat' dir='ltr'><strong>ut</strong></span> <span class='ocrx_word' id='word_1_607' title='bbox 1637 2582 1767 2647; x_wconf 88' lang='lat' dir='ltr'><strong>angurium</strong></span> <span class='ocrx_word' id='word_1_608' title='bbox 1785 2582 1843 2632; x_wconf 84' lang='lat' dir='ltr'><strong>felix</strong></span> <span class='ocrx_word' id='word_1_609' title='bbox 1860 2588 1888 2634; x_wconf 91' lang='lat' dir='ltr'><strong>et</strong></span> 
     </span>
     <span class='ocr_line' id='line_1_80' title="bbox 1109 2674 1886 2741; baseline -0.006 -14"><span class='ocrx_word' id='word_1_610' title='bbox 1109 2677 1194 2741; x_wconf 80' lang='lat' dir='ltr'><strong>patrio</strong></span> <span class='ocrx_word' id='word_1_611' title='bbox 1218 2681 1244 2727; x_wconf 90' lang='lat' dir='ltr'><strong>ct</strong></span> <span class='ocrx_word' id='word_1_612' title='bbox 1262 2676 1360 2726; x_wconf 74' lang='lat' dir='ltr'><strong>laodite</strong></span> <span class='ocrx_word' id='word_1_613' title='bbox 1381 2686 1433 2726; x_wconf 77' lang='lat' dir='ltr'><strong>sae</strong></span> <span class='ocrx_word' id='word_1_614' title='bbox 1457 2675 1582 2737; x_wconf 86' lang='lat' dir='ltr'><strong>oblatum,</strong></span> <span class='ocrx_word' id='word_1_615' title='bbox 1604 2678 1682 2725; x_wconf 88' lang='lat' dir='ltr'><strong>totam</strong></span> <span class='ocrx_word' id='word_1_616' title='bbox 1704 2674 1886 2735; x_wconf 83' lang='lat' dir='ltr'><strong>educavemnt,</strong></span> 
     </span>
     <span class='ocr_line' id='line_1_81' title="bbox 1108 2762 1887 2831; baseline -0.006 -14"><span class='ocrx_word' id='word_1_617' title='bbox 1108 2768 1187 2820; x_wconf 87' lang='lat' dir='ltr'><strong>donec</strong></span> <span class='ocrx_word' id='word_1_618' title='bbox 1209 2769 1367 2820; x_wconf 84' lang='lat' dir='ltr'><strong>adolesceret.</strong></span> <span class='ocrx_word' id='word_1_619' title='bbox 1400 2770 1469 2818; x_wconf 86' lang='lat' dir='ltr'><strong>Dens</strong></span> <span class='ocrx_word' id='word_1_620' title='bbox 1490 2781 1549 2818; x_wconf 84' lang='lat' dir='ltr'><strong>reru</strong></span> <span class='ocrx_word' id='word_1_621' title='bbox 1572 2767 1620 2831; x_wconf 89' lang='lat' dir='ltr'><strong>(ut</strong></span> <span class='ocrx_word' id='word_1_622' title='bbox 1640 2765 1712 2815; x_wconf 89' lang='lat' dir='ltr'><strong>initio</strong></span> <span class='ocrx_word' id='word_1_623' title='bbox 1730 2764 1800 2827; x_wconf 78' lang='lat' dir='ltr'><strong>dixit</strong></span> <span class='ocrx_word' id='word_1_624' title='bbox 1816 2762 1887 2813; x_wconf 87' lang='lat' dir='ltr'><strong>dedit</strong></span> 
     </span>
     <span class='ocr_line' id='line_1_82' title="bbox 1109 2855 1885 2923; baseline -0.008 -13"><span class='ocrx_word' id='word_1_625' title='bbox 1109 2861 1156 2911; x_wconf 87' lang='lat' dir='ltr'><strong>iliis</strong></span> <span class='ocrx_word' id='word_1_626' title='bbox 1170 2863 1196 2913; x_wconf 91' lang='lat' dir='ltr'><strong>ct</strong></span> <span class='ocrx_word' id='word_1_627' title='bbox 1207 2862 1310 2911; x_wconf 83' lang='lat' dir='ltr'><strong>sormam</strong></span> <span class='ocrx_word' id='word_1_628' title='bbox 1325 2865 1350 2910; x_wconf 90' lang='lat' dir='ltr'><strong>et</strong></span> <span class='ocrx_word' id='word_1_629' title='bbox 1367 2860 1449 2921; x_wconf 73' lang='lat' dir='ltr'><strong>robur,</strong></span> <span class='ocrx_word' id='word_1_630' title='bbox 1461 2858 1593 2923; x_wconf 73' lang='lat' dir='ltr'><strong>quiumiam</strong></span> <span class='ocrx_word' id='word_1_631' title='bbox 1605 2857 1679 2907; x_wconf 80' lang='lat' dir='ltr'><strong>anbni</strong></span> <span class='ocrx_word' id='word_1_632' title='bbox 1688 2855 1885 2921; x_wconf 80' lang='lat' dir='ltr'><strong>generositatem,</strong></span> 
     </span>
     <span class='ocr_line' id='line_1_83' title="bbox 1109 2947 1885 3019; baseline -0.01 -16"><span class='ocrx_word' id='word_1_633' title='bbox 1109 2953 1142 3004; x_wconf 87' lang='lat' dir='ltr'><strong>itn</strong></span> <span class='ocrx_word' id='word_1_634' title='bbox 1159 2957 1187 3004; x_wconf 90' lang='lat' dir='ltr'><strong>ot</strong></span> <span class='ocrx_word' id='word_1_635' title='bbox 1201 2954 1274 3006; x_wconf 90' lang='lat' dir='ltr'><strong>nullis</strong></span> <span class='ocrx_word' id='word_1_636' title='bbox 1283 2955 1384 3019; x_wconf 81' lang='lat' dir='ltr'><strong>optimae</strong></span> <span class='ocrx_word' id='word_1_637' title='bbox 1398 2952 1489 3003; x_wconf 90' lang='lat' dir='ltr'><strong>indolis</strong></span> <span class='ocrx_word' id='word_1_638' title='bbox 1503 2950 1645 3002; x_wconf 80' lang='lat' dir='ltr'><strong>iuuenibus</strong></span> <span class='ocrx_word' id='word_1_639' title='bbox 1658 2947 1885 2999; x_wconf 80' lang='lat' dir='ltr'><strong>essentialeriores</strong></span> 
     </span>
     <span class='ocr_line' id='line_1_84' title="bbox 1109 3033 1886 3102; baseline -0.014 -10"><span class='ocrx_word' id='word_1_640' title='bbox 1109 3046 1190 3102; x_wconf 87' lang='lat' dir='ltr'><strong>Quare</strong></span> <span class='ocrx_word' id='word_1_641' title='bbox 1210 3042 1330 3093; x_wconf 88' lang='lat' dir='ltr'><strong>Fulletius</strong></span> <span class='ocrx_word' id='word_1_642' title='bbox 1351 3042 1390 3090; x_wconf 79' lang='lat' dir='ltr'><strong>iris</strong></span> <span class='ocrx_word' id='word_1_643' title='bbox 1408 3040 1466 3091; x_wconf 86' lang='lat' dir='ltr'><strong>viris</strong></span> <span class='ocrx_word' id='word_1_644' title='bbox 1481 3043 1606 3090; x_wconf 88' lang='lat' dir='ltr'><strong>certamen</strong></span> <span class='ocrx_word' id='word_1_645' title='bbox 1624 3051 1669 3101; x_wconf 93' lang='lat' dir='ltr'><strong>pro</strong></span> <span class='ocrx_word' id='word_1_646' title='bbox 1686 3037 1772 3100; x_wconf 79' lang='lat' dir='ltr'><strong>patrie</strong></span> <span class='ocrx_word' id='word_1_647' title='bbox 1795 3033 1886 3097; x_wconf 77' lang='lat' dir='ltr'><strong>priuci-</strong></span> 
     </span>
     <span class='ocr_line' id='line_1_85' title="bbox 1108 3125 1886 3196; baseline -0.015 -13"><span class='ocrx_word' id='word_1_648' title='bbox 1108 3135 1167 3196; x_wconf 89' lang='lat' dir='ltr'><strong>patu</strong></span> <span class='ocrx_word' id='word_1_649' title='bbox 1181 3132 1336 3182; x_wconf 86' lang='lat' dir='ltr'><strong>committere</strong></span> <span class='ocrx_word' id='word_1_650' title='bbox 1347 3130 1449 3191; x_wconf 77' lang='lat' dir='ltr'><strong>statuit,</strong></span> <span class='ocrx_word' id='word_1_651' title='bbox 1465 3133 1491 3180; x_wconf 84' lang='lat' dir='ltr'><strong>et</strong></span> <span class='ocrx_word' id='word_1_652' title='bbox 1504 3131 1618 3179; x_wconf 82' lang='lat' dir='ltr'><strong>vocaturn</strong></span> <span class='ocrx_word' id='word_1_653' title='bbox 1631 3127 1661 3176; x_wconf 89' lang='lat' dir='ltr'><strong>ud</strong></span> <span class='ocrx_word' id='word_1_654' title='bbox 1678 3125 1828 3187; x_wconf 87' lang='lat' dir='ltr'><strong>colloquium</strong></span> <span class='ocrx_word' id='word_1_655' title='bbox 1837 3125 1886 3171; x_wconf 81' lang='lat' dir='ltr'><strong>lto</strong></span> 
     </span>
    </p>
   </div>
   <div class='ocr_carea' id='block_1_7' title="bbox 1108 3221 1888 5298">
    <p class='ocr_par' dir='ltr' id='par_1_52' title="bbox 1108 3221 1580 3285">
     <span class='ocr_line' id='line_1_86' title="bbox 1108 3221 1580 3285; baseline -0.006 -13"><span class='ocrx_word' id='word_1_656' title='bbox 1108 3236 1235 3272; x_wconf 83' lang='lat' dir='ltr'><strong>nrauorum</strong></span> <span class='ocrx_word' id='word_1_657' title='bbox 1250 3235 1332 3285; x_wconf 88' lang='lat' dir='ltr'><strong>regem</strong></span> <span class='ocrx_word' id='word_1_658' title='bbox 1341 3222 1375 3271; x_wconf 89' lang='lat' dir='ltr'><strong>ita</strong></span> <span class='ocrx_word' id='word_1_659' title='bbox 1391 3221 1580 3271; x_wconf 86' lang='lat' dir='ltr'><strong>allocutusest:</strong></span> 
     </span>
    </p>

    <p class='ocr_par' dir='ltr' id='par_1_53' title="bbox 1109 3303 1888 5298">
     <span class='ocr_line' id='line_1_87' title="bbox 1140 3303 1886 3372; baseline -0.016 -10"><span class='ocrx_word' id='word_1_660' title='bbox 1140 3313 1204 3363; x_wconf 82' lang='lat' dir='ltr'><strong>xlv.</strong></span> <span class='ocrx_word' id='word_1_661' title='bbox 1231 3332 1243 3355; x_wconf 87' lang='grc' dir='ltr'><strong>ιι</strong></span> <span class='ocrx_word' id='word_1_662' title='bbox 1266 3314 1333 3360; x_wconf 87' lang='lat' dir='ltr'><strong>Deus</strong></span> <span class='ocrx_word' id='word_1_663' title='bbox 1356 3309 1454 3372; x_wconf 86' lang='lat' dir='ltr'><strong>aliquis,</strong></span> <span class='ocrx_word' id='word_1_664' title='bbox 1473 3308 1552 3369; x_wconf 83' lang='lat' dir='ltr'><strong>Tulle,</strong></span> <span class='ocrx_word' id='word_1_665' title='bbox 1572 3306 1700 3368; x_wconf 88' lang='lat' dir='ltr'><strong>utriusque</strong></span> <span class='ocrx_word' id='word_1_666' title='bbox 1713 3303 1821 3353; x_wconf 81' lang='lat' dir='ltr'><strong>ciuitatis</strong></span> <span class='ocrx_word' id='word_1_667' title='bbox 1840 3314 1886 3351; x_wconf 91' lang='lat' dir='ltr'><strong>cu·</strong></span> 
     </span>
     <span class='ocr_line' id='line_1_88' title="bbox 1110 3389 1886 3462; baseline -0.015 -13"><span class='ocrx_word' id='word_1_668' title='bbox 1110 3419 1122 3442; x_wconf 91' lang='grc' dir='ltr'>ι</span> <span class='ocrx_word' id='word_1_669' title='bbox 1139 3411 1192 3449; x_wconf 86' lang='lat' dir='ltr'><strong>ram</strong></span> <span class='ocrx_word' id='word_1_670' title='bbox 1215 3410 1318 3462; x_wconf 89' lang='lat' dir='ltr'><strong>gerens,</strong></span> <span class='ocrx_word' id='word_1_671' title='bbox 1341 3411 1397 3447; x_wconf 86' lang='lat' dir='ltr'><strong>curu</strong></span> <span class='ocrx_word' id='word_1_672' title='bbox 1415 3397 1440 3446; x_wconf 94' lang='lat' dir='ltr'><strong>in</strong></span> <span class='ocrx_word' id='word_1_673' title='bbox 1458 3395 1543 3445; x_wconf 89' lang='lat' dir='ltr'><strong>multis</strong></span> <span class='ocrx_word' id='word_1_674' title='bbox 1566 3394 1620 3443; x_wconf 88' lang='lat' dir='ltr'><strong>aliis</strong></span> <span class='ocrx_word' id='word_1_675' title='bbox 1639 3391 1713 3443; x_wconf 88' lang='lat' dir='ltr'><strong>rebus</strong></span> <span class='ocrx_word' id='word_1_676' title='bbox 1738 3394 1791 3439; x_wconf 88' lang='lat' dir='ltr'><strong>tum</strong></span> <span class='ocrx_word' id='word_1_677' title='bbox 1811 3389 1886 3439; x_wconf 89' lang='lat' dir='ltr'><strong>etiam</strong></span> 
     </span>
     <span class='ocr_line' id='line_1_89' title="bbox 1109 3475 1885 3548; baseline -0.014 -14"><span class='ocrx_word' id='word_1_678' title='bbox 1109 3505 1122 3529; x_wconf 87' lang='grc' dir='ltr'><strong>ιι</strong></span> <span class='ocrx_word' id='word_1_679' title='bbox 1139 3485 1164 3534; x_wconf 93' lang='lat' dir='ltr'><strong>in</strong></span> <span class='ocrx_word' id='word_1_680' title='bbox 1189 3484 1236 3534; x_wconf 88' lang='lat' dir='ltr'><strong>hoc</strong></span> <span class='ocrx_word' id='word_1_681' title='bbox 1260 3484 1314 3548; x_wconf 90' lang='lat' dir='ltr'><strong>ipso</strong></span> <span class='ocrx_word' id='word_1_682' title='bbox 1335 3483 1469 3532; x_wconf 77' lang='lat' dir='ltr'><strong>mutamine</strong></span> <span class='ocrx_word' id='word_1_683' title='bbox 1486 3495 1557 3531; x_wconf 89' lang='lat' dir='ltr'><strong>suam</strong></span> <span class='ocrx_word' id='word_1_684' title='bbox 1575 3481 1599 3530; x_wconf 91' lang='lat' dir='ltr'><strong>in</strong></span> <span class='ocrx_word' id='word_1_685' title='bbox 1626 3493 1672 3530; x_wconf 92' lang='lat' dir='ltr'><strong>nos</strong></span> <span class='ocrx_word' id='word_1_686' title='bbox 1692 3475 1885 3528; x_wconf 83' lang='lat' dir='ltr'><strong>benevolentiam</strong></span> 
     </span>
     <span class='ocr_line' id='line_1_90' title="bbox 1110 3554 1886 3636; baseline -0.015 -14"><span class='ocrx_word' id='word_1_687' title='bbox 1110 3593 1122 3616; x_wconf 91' lang='grc' dir='ltr'>ι</span> <span class='ocrx_word' id='word_1_688' title='bbox 1139 3554 1405 3636; x_wconf 81' lang='lat' dir='ltr'><strong>patefecisse&#39;videtur.</strong></span> <span class='ocrx_word' id='word_1_689' title='bbox 1437 3571 1500 3619; x_wconf 88' lang='lat' dir='ltr'><strong>Nam</strong></span> <span class='ocrx_word' id='word_1_690' title='bbox 1511 3567 1578 3630; x_wconf 83' lang='lat' dir='ltr'><strong>qrtod</strong></span> <span class='ocrx_word' id='word_1_691' title='bbox 1589 3566 1680 3617; x_wconf 81' lang='lat' dir='ltr'><strong>inuenti</strong></span> <span class='ocrx_word' id='word_1_692' title='bbox 1697 3568 1767 3624; x_wconf 90' lang='lat' dir='ltr'><strong>suut,</strong></span> <span class='ocrx_word' id='word_1_693' title='bbox 1786 3562 1828 3626; x_wconf 83' lang='lat' dir='ltr'><strong>qui</strong></span> <span class='ocrx_word' id='word_1_694' title='bbox 1841 3575 1886 3625; x_wconf 89' lang='lat' dir='ltr'><strong>pro</strong></span> 
     </span>
     <span class='ocr_line' id='line_1_91' title="bbox 1110 3648 1885 3717; baseline -0.014 -10"><span class='ocrx_word' id='word_1_695' title='bbox 1110 3677 1122 3703; x_wconf 84' lang='grc' dir='ltr'><strong>ιι</strong></span> <span class='ocrx_word' id='word_1_696' title='bbox 1139 3671 1223 3710; x_wconf 87' lang='lat' dir='ltr'><strong>rerum</strong></span> <span class='ocrx_word' id='word_1_697' title='bbox 1239 3668 1336 3707; x_wconf 87' lang='lat' dir='ltr'><strong>summa</strong></span> <span class='ocrx_word' id='word_1_698' title='bbox 1350 3652 1496 3716; x_wconf 83' lang='lat' dir='ltr'><strong>decernant,</strong></span> <span class='ocrx_word' id='word_1_699' title='bbox 1510 3654 1559 3704; x_wconf 83' lang='lat' dir='ltr'><strong>virt</strong></span> <span class='ocrx_word' id='word_1_700' title='bbox 1572 3666 1660 3717; x_wconf 86' lang='lat' dir='ltr'><strong>genere</strong></span> <span class='ocrx_word' id='word_1_701' title='bbox 1676 3651 1769 3702; x_wconf 90' lang='lat' dir='ltr'><strong>nemini</strong></span> <span class='ocrx_word' id='word_1_702' title='bbox 1786 3648 1885 3700; x_wconf 86' lang='lat' dir='ltr'><strong>seerrndl</strong></span> 
     </span>
     <span class='ocr_line' id='line_1_92' title="bbox 1109 3738 1884 3811; baseline -0.015 -12"><span class='ocrx_word' id='word_1_703' title='bbox 1109 3766 1122 3792; x_wconf 87' lang='grc' dir='ltr'><strong>ιι</strong></span> <span class='ocrx_word' id='word_1_704' title='bbox 1139 3749 1166 3798; x_wconf 89' lang='lat' dir='ltr'><strong>st</strong></span> <span class='ocrx_word' id='word_1_705' title='bbox 1184 3746 1248 3797; x_wconf 90' lang='lat' dir='ltr'><strong>bello</strong></span> <span class='ocrx_word' id='word_1_706' title='bbox 1274 3745 1363 3811; x_wconf 91' lang='lat' dir='ltr'><strong>egregii</strong></span> <span class='ocrx_word' id='word_1_707' title='bbox 1393 3748 1419 3795; x_wconf 91' lang='lat' dir='ltr'><strong>et</strong></span> <span class='ocrx_word' id='word_1_708' title='bbox 1439 3745 1516 3796; x_wconf 86' lang='lat' dir='ltr'><strong>torma</strong></span> <span class='ocrx_word' id='word_1_709' title='bbox 1543 3742 1746 3808; x_wconf 75' lang='lat' dir='ltr'><strong>praestantissima</strong></span> <span class='ocrx_word' id='word_1_710' title='bbox 1771 3738 1884 3806; x_wconf 83' lang='lat' dir='ltr'><strong>prrsditi,</strong></span> 
     </span>
     <span class='ocr_line' id='line_1_93' title="bbox 1109 3825 1886 3898; baseline -0.01 -14"><span class='ocrx_word' id='word_1_711' title='bbox 1109 3854 1122 3878; x_wconf 78' lang='grc' dir='ltr'>ι</span> <span class='ocrx_word' id='word_1_712' title='bbox 1140 3837 1260 3898; x_wconf 79' lang='lat' dir='ltr'><strong>preterea</strong></span> <span class='ocrx_word' id='word_1_713' title='bbox 1280 3833 1366 3883; x_wconf 89' lang='lat' dir='ltr'><strong>eodem</strong></span> <span class='ocrx_word' id='word_1_714' title='bbox 1391 3835 1461 3896; x_wconf 89' lang='lat' dir='ltr'><strong>patre</strong></span> <span class='ocrx_word' id='word_1_715' title='bbox 1488 3831 1624 3896; x_wconf 87' lang='lat' dir='ltr'><strong>eademque</strong></span> <span class='ocrx_word' id='word_1_716' title='bbox 1646 3833 1726 3880; x_wconf 81' lang='lat' dir='ltr'><strong>matre</strong></span> <span class='ocrx_word' id='word_1_717' title='bbox 1750 3825 1838 3892; x_wconf 89' lang='lat' dir='ltr'><strong>geniti,</strong></span> <span class='ocrx_word' id='word_1_718' title='bbox 1860 3828 1886 3876; x_wconf 86' lang='lat' dir='ltr'><strong>et</strong></span> 
     </span>
     <span class='ocr_line' id='line_1_94' title="bbox 1109 3911 1885 3984; baseline -0.013 -14"><span class='ocrx_word' id='word_1_719' title='bbox 1109 3940 1122 3964; x_wconf 86' lang='grc' dir='ltr'><strong>ιι</strong></span> <span class='ocrx_word' id='word_1_720' title='bbox 1139 3918 1230 3984; x_wconf 84' lang='lat' dir='ltr'><strong>(quod</strong></span> <span class='ocrx_word' id='word_1_721' title='bbox 1249 3919 1356 3970; x_wconf 80' lang='lat' dir='ltr'><strong>maxime</strong></span> <span class='ocrx_word' id='word_1_722' title='bbox 1385 3922 1424 3970; x_wconf 90' lang='lat' dir='ltr'><strong>est</strong></span> <span class='ocrx_word' id='word_1_723' title='bbox 1449 3916 1640 3979; x_wconf 86' lang='lat' dir='ltr'><strong>admirandum)</strong></span> <span class='ocrx_word' id='word_1_724' title='bbox 1660 3915 1747 3965; x_wconf 89' lang='lat' dir='ltr'><strong>eodem</strong></span> <span class='ocrx_word' id='word_1_725' title='bbox 1767 3914 1838 3976; x_wconf 78' lang='lat' dir='ltr'><strong>partu</strong></span> <span class='ocrx_word' id='word_1_726' title='bbox 1859 3911 1885 3960; x_wconf 91' lang='lat' dir='ltr'><strong>in</strong></span> 
     </span>
     <span class='ocr_line' id='line_1_95' title="bbox 1110 3996 1888 4070; baseline -0.009 -18"><span class='ocrx_word' id='word_1_727' title='bbox 1110 4027 1122 4052; x_wconf 74' lang='lat' dir='ltr'><strong>a</strong></span> <span class='ocrx_word' id='word_1_728' title='bbox 1138 4006 1218 4057; x_wconf 88' lang='lat' dir='ltr'><strong>lucem</strong></span> <span class='ocrx_word' id='word_1_729' title='bbox 1241 4005 1302 4057; x_wconf 90' lang='lat' dir='ltr'><strong>edltl</strong></span> <span class='ocrx_word' id='word_1_730' title='bbox 1315 4033 1348 4043; x_wconf 94' lang='lat'><em>-</em></span> <span class='ocrx_word' id='word_1_731' title='bbox 1369 4005 1435 4070; x_wconf 87' lang='lat' dir='ltr'><strong>apud</strong></span> <span class='ocrx_word' id='word_1_732' title='bbox 1458 4017 1502 4056; x_wconf 83' lang='lat' dir='ltr'><strong>vos</strong></span> <span class='ocrx_word' id='word_1_733' title='bbox 1516 4003 1625 4063; x_wconf 78' lang='lat' dir='ltr'><strong>Horatii,</strong></span> <span class='ocrx_word' id='word_1_734' title='bbox 1649 3999 1713 4066; x_wconf 90' lang='lat' dir='ltr'><strong>apud</strong></span> <span class='ocrx_word' id='word_1_735' title='bbox 1736 4011 1781 4049; x_wconf 89' lang='lat' dir='ltr'><strong>uos</strong></span> <span class='ocrx_word' id='word_1_736' title='bbox 1794 3996 1888 4046; x_wconf 78' lang='lat' dir='ltr'><strong>cuda·</strong></span> 
     </span>
     <span class='ocr_line' id='line_1_96' title="bbox 1109 4084 1886 4151; baseline -0.017 -7"><span class='ocrx_word' id='word_1_737' title='bbox 1109 4114 1122 4138; x_wconf 86' lang='grc' dir='ltr'><strong>ιι</strong></span> <span class='ocrx_word' id='word_1_738' title='bbox 1140 4094 1169 4145; x_wconf 90' lang='lat' dir='ltr'><strong>tii</strong></span> <span class='ocrx_word' id='word_1_739' title='bbox 1187 4119 1218 4132; x_wconf 89' lang='lat'>-</span> <span class='ocrx_word' id='word_1_740' title='bbox 1231 4094 1278 4143; x_wconf 89' lang='lat' dir='ltr'><strong>lroe</strong></span> <span class='ocrx_word' id='word_1_741' title='bbox 1298 4097 1365 4142; x_wconf 85' lang='lat' dir='ltr'><strong>certe</strong></span> <span class='ocrx_word' id='word_1_742' title='bbox 1388 4091 1558 4142; x_wconf 88' lang='lat' dir='ltr'><strong>admirandum</strong></span> <span class='ocrx_word' id='word_1_743' title='bbox 1583 4087 1706 4151; x_wconf 83' lang='lat' dir='ltr'><strong>quoddam</strong></span> <span class='ocrx_word' id='word_1_744' title='bbox 1726 4088 1752 4136; x_wconf 89' lang='lat' dir='ltr'><strong>et</strong></span> <span class='ocrx_word' id='word_1_745' title='bbox 1773 4084 1886 4133; x_wconf 79' lang='lat' dir='ltr'><strong>divinum</strong></span> 
     </span>
     <span class='ocr_line' id='line_1_97' title="bbox 1110 4171 1885 4239; baseline -0.018 -5"><span class='ocrx_word' id='word_1_746' title='bbox 1110 4204 1122 4228; x_wconf 93' lang='grc' dir='ltr'>ι</span> <span class='ocrx_word' id='word_1_747' title='bbox 1139 4183 1283 4233; x_wconf 78' lang='lat' dir='ltr'><strong>beneficium</strong></span> <span class='ocrx_word' id='word_1_748' title='bbox 1304 4181 1404 4230; x_wconf 87' lang='lat' dir='ltr'><strong>omnino</strong></span> <span class='ocrx_word' id='word_1_749' title='bbox 1421 4179 1527 4229; x_wconf 73' lang='lat' dir='ltr'><strong>villelm.</strong></span> <span class='ocrx_word' id='word_1_750' title='bbox 1561 4175 1626 4235; x_wconf 87' lang='lat' dir='ltr'><strong>Quin</strong></span> <span class='ocrx_word' id='word_1_751' title='bbox 1647 4175 1722 4239; x_wconf 88' lang='lat' dir='ltr'><strong>igitur</strong></span> <span class='ocrx_word' id='word_1_752' title='bbox 1742 4171 1885 4236; x_wconf 87' lang='lat' dir='ltr'><strong>complecti·</strong></span> 
     </span>
     <span class='ocr_line' id='line_1_98' title="bbox 1110 4262 1885 4328; baseline -0.014 -7"><span class='ocrx_word' id='word_1_753' title='bbox 1110 4285 1198 4322; x_wconf 75' lang='lat' dir='ltr'><strong>amur</strong></span> <span class='ocrx_word' id='word_1_754' title='bbox 1219 4271 1281 4321; x_wconf 81' lang='lat' dir='ltr'><strong>lianc</strong></span> <span class='ocrx_word' id='word_1_755' title='bbox 1302 4272 1395 4319; x_wconf 90' lang='lat' dir='ltr'><strong>tautum</strong></span> <span class='ocrx_word' id='word_1_756' title='bbox 1423 4267 1501 4317; x_wconf 86' lang='lat' dir='ltr'><strong>divini</strong></span> <span class='ocrx_word' id='word_1_757' title='bbox 1519 4265 1627 4316; x_wconf 87' lang='lat' dir='ltr'><strong>nurnlnls</strong></span> <span class='ocrx_word' id='word_1_758' title='bbox 1647 4262 1842 4328; x_wconf 86' lang='lat' dir='ltr'><strong>providentiam,</strong></span> <span class='ocrx_word' id='word_1_759' title='bbox 1860 4266 1885 4310; x_wconf 88' lang='lat' dir='ltr'><strong>et</strong></span> 
     </span>
     <span class='ocr_line' id='line_1_99' title="bbox 1110 4349 1886 4422; baseline -0.015 -13"><span class='ocrx_word' id='word_1_760' title='bbox 1110 4378 1122 4401; x_wconf 89' lang='grc' dir='ltr'>ι</span> <span class='ocrx_word' id='word_1_761' title='bbox 1139 4358 1238 4422; x_wconf 85' lang='lat' dir='ltr'><strong>utrique</strong></span> <span class='ocrx_word' id='word_1_762' title='bbox 1253 4356 1395 4420; x_wconf 81' lang='lat' dir='ltr'><strong>trigeminos</strong></span> <span class='ocrx_word' id='word_1_763' title='bbox 1408 4356 1497 4405; x_wconf 69' lang='lat' dir='ltr'><strong>trabes</strong></span> <span class='ocrx_word' id='word_1_764' title='bbox 1508 4352 1540 4403; x_wconf 92' lang='lat' dir='ltr'><strong>ad</strong></span> <span class='ocrx_word' id='word_1_765' title='bbox 1559 4356 1684 4403; x_wconf 74' lang='lat' dir='ltr'><strong>conamen</strong></span> <span class='ocrx_word' id='word_1_766' title='bbox 1699 4351 1731 4400; x_wconf 89' lang='lat' dir='ltr'><strong>ds</strong></span> <span class='ocrx_word' id='word_1_767' title='bbox 1748 4349 1886 4414; x_wconf 89' lang='lat' dir='ltr'><strong>principatu</strong></span> 
     </span>
     <span class='ocr_line' id='line_1_100' title="bbox 1111 4436 1887 4505; baseline -0.012 -9"><span class='ocrx_word' id='word_1_768' title='bbox 1111 4466 1123 4490; x_wconf 90' lang='grc' dir='ltr'>ι</span> <span class='ocrx_word' id='word_1_769' title='bbox 1141 4445 1297 4496; x_wconf 87' lang='lat' dir='ltr'><strong>subeundum</strong></span> <span class='ocrx_word' id='word_1_770' title='bbox 1306 4444 1651 4505; x_wconf 76' lang='lat' dir='ltr'><strong>adhortamuriqnoecnnque</strong></span> <span class='ocrx_word' id='word_1_771' title='bbox 1664 4439 1730 4491; x_wconf 80' lang='lat' dir='ltr'><strong>eninr</strong></span> <span class='ocrx_word' id='word_1_772' title='bbox 1743 4437 1790 4488; x_wconf 88' lang='lat' dir='ltr'><strong>alis</strong></span> <span class='ocrx_word' id='word_1_773' title='bbox 1803 4437 1828 4486; x_wconf 91' lang='lat' dir='ltr'><strong>in</strong></span> <span class='ocrx_word' id='word_1_774' title='bbox 1843 4436 1887 4487; x_wconf 87' lang='lat' dir='ltr'><strong>iro·</strong></span> 
     </span>
     <span class='ocr_line' id='line_1_101' title="bbox 1111 4525 1886 4587; baseline -0.005 -9"><span class='ocrx_word' id='word_1_775' title='bbox 1111 4553 1123 4578; x_wconf 77' lang='lat' dir='ltr'><strong>a</strong></span> <span class='ocrx_word' id='word_1_776' title='bbox 1140 4532 1248 4582; x_wconf 90' lang='lat' dir='ltr'><strong>minibus</strong></span> <span class='ocrx_word' id='word_1_777' title='bbox 1274 4531 1406 4581; x_wconf 82' lang='lat' dir='ltr'><strong>fortissime</strong></span> <span class='ocrx_word' id='word_1_778' title='bbox 1429 4530 1584 4580; x_wconf 86' lang='lat' dir='ltr'><strong>dimicaturis</strong></span> <span class='ocrx_word' id='word_1_779' title='bbox 1597 4540 1653 4580; x_wconf 86' lang='lat' dir='ltr'><strong>esso</strong></span> <span class='ocrx_word' id='word_1_780' title='bbox 1672 4527 1800 4587; x_wconf 79' lang='lat' dir='ltr'><strong>volumus,</strong></span> <span class='ocrx_word' id='word_1_781' title='bbox 1815 4538 1846 4575; x_wconf 86' lang='lat' dir='ltr'><strong>ea</strong></span> <span class='ocrx_word' id='word_1_782' title='bbox 1860 4525 1886 4574; x_wconf 88' lang='lat' dir='ltr'><strong>in</strong></span> 
     </span>
     <span class='ocr_line' id='line_1_102' title="bbox 1111 4613 1886 4684; baseline -0.005 -19"><span class='ocrx_word' id='word_1_783' title='bbox 1111 4642 1123 4665; x_wconf 69' lang='lat' dir='ltr'><strong>a</strong></span> <span class='ocrx_word' id='word_1_784' title='bbox 1142 4620 1181 4670; x_wconf 84' lang='lat' dir='ltr'><strong>luis</strong></span> <span class='ocrx_word' id='word_1_785' title='bbox 1198 4632 1295 4684; x_wconf 84' lang='lat' dir='ltr'><strong>quoque</strong></span> <span class='ocrx_word' id='word_1_786' title='bbox 1305 4619 1367 4669; x_wconf 85' lang='lat' dir='ltr'><strong>viris</strong></span> <span class='ocrx_word' id='word_1_787' title='bbox 1384 4619 1480 4678; x_wconf 87' lang='lat' dir='ltr'><strong>insunt;</strong></span> <span class='ocrx_word' id='word_1_788' title='bbox 1498 4621 1524 4668; x_wconf 92' lang='lat' dir='ltr'><strong>et</strong></span> <span class='ocrx_word' id='word_1_789' title='bbox 1538 4616 1586 4666; x_wconf 91' lang='lat' dir='ltr'><strong>hoc</strong></span> <span class='ocrx_word' id='word_1_790' title='bbox 1596 4613 1755 4669; x_wconf 91' lang='lat' dir='ltr'><strong>commodum</strong></span> <span class='ocrx_word' id='word_1_791' title='bbox 1766 4614 1886 4677; x_wconf 75' lang='lat' dir='ltr'><strong>preterea</strong></span> 
     </span>
     <span class='ocr_line' id='line_1_103' title="bbox 1111 4699 1885 4774; baseline -0.017 -14"><span class='ocrx_word' id='word_1_792' title='bbox 1111 4731 1122 4753; x_wconf 90' lang='grc' dir='ltr'>ι</span> <span class='ocrx_word' id='word_1_793' title='bbox 1139 4709 1250 4771; x_wconf 87' lang='lat' dir='ltr'><strong>accedit,</strong></span> <span class='ocrx_word' id='word_1_794' title='bbox 1261 4708 1328 4774; x_wconf 87' lang='lat' dir='ltr'><strong>quod</strong></span> <span class='ocrx_word' id='word_1_795' title='bbox 1337 4709 1362 4758; x_wconf 87' lang='lat' dir='ltr'><strong>bl</strong></span> <span class='ocrx_word' id='word_1_796' title='bbox 1377 4721 1433 4759; x_wconf 87' lang='lat' dir='ltr'><strong>cum</strong></span> <span class='ocrx_word' id='word_1_797' title='bbox 1444 4707 1530 4757; x_wconf 84' lang='lat' dir='ltr'><strong>iratres</strong></span> <span class='ocrx_word' id='word_1_798' title='bbox 1542 4706 1605 4766; x_wconf 88' lang='lat' dir='ltr'><strong>siut,</strong></span> <span class='ocrx_word' id='word_1_799' title='bbox 1621 4704 1702 4754; x_wconf 87' lang='lat' dir='ltr'><strong>minus</strong></span> <span class='ocrx_word' id='word_1_800' title='bbox 1712 4701 1783 4753; x_wconf 88' lang='lat' dir='ltr'><strong>lacile</strong></span> <span class='ocrx_word' id='word_1_801' title='bbox 1796 4699 1885 4763; x_wconf 74' lang='lat' dir='ltr'><strong>inipso</strong></span> 
     </span>
     <span class='ocr_line' id='line_1_104' title="bbox 1111 4791 1885 4849; baseline -0.017 -2"><span class='ocrx_word' id='word_1_802' title='bbox 1111 4818 1123 4842; x_wconf 90' lang='grc' dir='ltr'>ι</span> <span class='ocrx_word' id='word_1_803' title='bbox 1140 4796 1297 4847; x_wconf 85' lang='lat' dir='ltr'><strong>dimicatione</strong></span> <span class='ocrx_word' id='word_1_804' title='bbox 1317 4796 1457 4846; x_wconf 88' lang='lat' dir='ltr'><strong>laborantes</strong></span> <span class='ocrx_word' id='word_1_805' title='bbox 1474 4793 1654 4844; x_wconf 89' lang='lat' dir='ltr'><strong>commilitones</strong></span> <span class='ocrx_word' id='word_1_806' title='bbox 1668 4791 1794 4849; x_wconf 86' lang='lat' dir='ltr'><strong>deserent,</strong></span> <span class='ocrx_word' id='word_1_807' title='bbox 1809 4800 1885 4849; x_wconf 80' lang='lat' dir='ltr'><strong>quam</strong></span> 
     </span>
     <span class='ocr_line' id='line_1_105' title="bbox 1110 4874 1886 4942; baseline -0.018 -7"><span class='ocrx_word' id='word_1_808' title='bbox 1110 4906 1122 4928; x_wconf 87' lang='grc' dir='ltr'><strong>ιι</strong></span> <span class='ocrx_word' id='word_1_809' title='bbox 1140 4884 1181 4934; x_wconf 89' lang='lat' dir='ltr'><strong>alii</strong></span> <span class='ocrx_word' id='word_1_810' title='bbox 1195 4882 1454 4942; x_wconf 74' lang='lat' dir='ltr'><strong>Romanireltlbani3</strong></span> <span class='ocrx_word' id='word_1_811' title='bbox 1465 4884 1491 4931; x_wconf 89' lang='lat' dir='ltr'><strong>et</strong></span> <span class='ocrx_word' id='word_1_812' title='bbox 1499 4878 1673 4931; x_wconf 79' lang='lat' dir='ltr'><strong>emulatioilta</strong></span> <span class='ocrx_word' id='word_1_813' title='bbox 1685 4877 1836 4937; x_wconf 82' lang='lat' dir='ltr'><strong>reliquorum</strong></span> <span class='ocrx_word' id='word_1_814' title='bbox 1847 4874 1886 4923; x_wconf 85' lang='lat' dir='ltr'><strong>iu·</strong></span> 
     </span>
     <span class='ocr_line' id='line_1_106' title="bbox 1111 4961 1884 5034; baseline -0.018 -11"><span class='ocrx_word' id='word_1_815' title='bbox 1111 4993 1123 5015; x_wconf 91' lang='grc' dir='ltr'><strong>ιι</strong></span> <span class='ocrx_word' id='word_1_816' title='bbox 1140 4986 1245 5031; x_wconf 81' lang='lat' dir='ltr'><strong>renum,</strong></span> <span class='ocrx_word' id='word_1_817' title='bbox 1257 4984 1331 5034; x_wconf 79' lang='lat' dir='ltr'><strong>qnam</strong></span> <span class='ocrx_word' id='word_1_818' title='bbox 1342 4970 1493 5021; x_wconf 88' lang='lat' dir='ltr'><strong>aliaratione</strong></span> <span class='ocrx_word' id='word_1_819' title='bbox 1501 4968 1588 5018; x_wconf 84' lang='lat' dir='ltr'><strong>sedare</strong></span> <span class='ocrx_word' id='word_1_820' title='bbox 1600 4969 1638 5016; x_wconf 91' lang='lat' dir='ltr'><strong>est</strong></span> <span class='ocrx_word' id='word_1_821' title='bbox 1648 4964 1756 5023; x_wconf 72' lang='lat' dir='ltr'><strong>efficite,</strong></span> <span class='ocrx_word' id='word_1_822' title='bbox 1768 4963 1804 5011; x_wconf 92' lang='lat' dir='ltr'><strong>sic</strong></span> <span class='ocrx_word' id='word_1_823' title='bbox 1813 4961 1884 5011; x_wconf 88' lang='lat' dir='ltr'><strong>ocius</strong></span> 
     </span>
     <span class='ocr_line' id='line_1_107' title="bbox 1111 5047 1886 5119; baseline -0.021 -7"><span class='ocrx_word' id='word_1_824' title='bbox 1111 5080 1123 5103; x_wconf 80' lang='grc' dir='ltr'>ι</span> <span class='ocrx_word' id='word_1_825' title='bbox 1141 5059 1276 5111; x_wconf 87' lang='lat' dir='ltr'><strong>sedabitur.</strong></span> <span class='ocrx_word' id='word_1_826' title='bbox 1310 5058 1410 5107; x_wconf 81' lang='lat' dir='ltr'><strong>Conlcio</strong></span> <span class='ocrx_word' id='word_1_827' title='bbox 1425 5056 1489 5106; x_wconf 89' lang='lat' dir='ltr'><strong>eninr</strong></span> <span class='ocrx_word' id='word_1_828' title='bbox 1502 5054 1570 5119; x_wconf 86' lang='lat' dir='ltr'><strong>apud</strong></span> <span class='ocrx_word' id='word_1_829' title='bbox 1585 5066 1629 5102; x_wconf 82' lang='lat' dir='ltr'><strong>vos</strong></span> <span class='ocrx_word' id='word_1_830' title='bbox 1645 5051 1720 5102; x_wconf 88' lang='lat' dir='ltr'><strong>etiam</strong></span> <span class='ocrx_word' id='word_1_831' title='bbox 1733 5047 1817 5099; x_wconf 86' lang='lat' dir='ltr'><strong>multis</strong></span> <span class='ocrx_word' id='word_1_832' title='bbox 1830 5058 1886 5097; x_wconf 86' lang='lat' dir='ltr'><strong>esse</strong></span> 
     </span>
     <span class='ocr_line' id='line_1_108' title="bbox 1111 5135 1884 5210; baseline -0.017 -13"><span class='ocrx_word' id='word_1_833' title='bbox 1111 5167 1123 5189; x_wconf 91' lang='grc' dir='ltr'><strong>ιι</strong></span> <span class='ocrx_word' id='word_1_834' title='bbox 1140 5147 1219 5207; x_wconf 82' lang='lat' dir='ltr'><strong>rixas,</strong></span> <span class='ocrx_word' id='word_1_835' title='bbox 1230 5147 1272 5210; x_wconf 88' lang='lat' dir='ltr'><strong>qul</strong></span> <span class='ocrx_word' id='word_1_836' title='bbox 1286 5145 1317 5196; x_wconf 90' lang='lat' dir='ltr'><strong>de</strong></span> <span class='ocrx_word' id='word_1_837' title='bbox 1331 5145 1423 5195; x_wconf 86' lang='lat' dir='ltr'><strong>virtuts</strong></span> <span class='ocrx_word' id='word_1_838' title='bbox 1434 5142 1582 5207; x_wconf 84' lang='lat' dir='ltr'><strong>disceptent,</strong></span> <span class='ocrx_word' id='word_1_839' title='bbox 1597 5143 1625 5190; x_wconf 90' lang='lat' dir='ltr'><strong>ut</strong></span> <span class='ocrx_word' id='word_1_840' title='bbox 1638 5142 1663 5191; x_wconf 86' lang='lat' dir='ltr'><strong>et</strong></span> <span class='ocrx_word' id='word_1_841' title='bbox 1677 5136 1743 5202; x_wconf 88' lang='lat' dir='ltr'><strong>apud</strong></span> <span class='ocrx_word' id='word_1_842' title='bbox 1756 5135 1884 5187; x_wconf 77' lang='lat' dir='ltr'><strong>Albanos:</strong></span> 
     </span>
     <span class='ocr_line' id='line_1_109' title="bbox 1112 5221 1887 5298; baseline -0.013 -17"><span class='ocrx_word' id='word_1_843' title='bbox 1112 5255 1124 5281; x_wconf 76' lang='lat' dir='ltr'><strong>a</strong></span> <span class='ocrx_word' id='word_1_844' title='bbox 1141 5234 1237 5298; x_wconf 88' lang='lat' dir='ltr'><strong>quossi</strong></span> <span class='ocrx_word' id='word_1_845' title='bbox 1252 5232 1419 5295; x_wconf 84' lang='lat' dir='ltr'><strong>docuerimus,</strong></span> <span class='ocrx_word' id='word_1_846' title='bbox 1430 5229 1553 5295; x_wconf 88' lang='lat' dir='ltr'><strong>quomodo</strong></span> <span class='ocrx_word' id='word_1_847' title='bbox 1569 5228 1651 5278; x_wconf 82' lang='lat' dir='ltr'><strong>diuina</strong></span> <span class='ocrx_word' id='word_1_848' title='bbox 1661 5225 1774 5290; x_wconf 75' lang='lat' dir='ltr'><strong>quedam</strong></span> <span class='ocrx_word' id='word_1_849' title='bbox 1786 5221 1887 5275; x_wconf 70' lang='lat' dir='ltr'><strong>inmune</strong></span> 
     </span>
    </p>
   </div>
   <div class='ocr_carea' id='block_1_8' title="bbox 0 0 2038 5924">
    <p class='ocr_par' dir='ltr' id='par_1_54' title="bbox 0 0 2038 5924">
     <span class='ocr_line' id='line_1_110' title="bbox 0 0 2038 5924; baseline 0 0"><span class='ocrx_word' id='word_1_850' title='bbox 0 0 2038 5924; x_wconf 95' lang='lat' dir='ltr'><strong> </strong></span> 
     </span>
    </p>
   </div>
  </div>
 </body>
</html>
