4070 5926
640 450 932 521 ANTIOUITATUM
956 451 1190 521 bonallam.
1214 459 1294 520 VIII.

157 584 240 667 ἔργα,
259 585 295 651 ὡς
312 583 356 642 έπ’
372 580 456 642 ούδενί
478 583 588 662 χρηστῷ
614 582 760 661 γενόμενα,
787 583 938 663 διεξῄεσαν·

158 696 172 724 n
186 665 252 732 ‘Ota
275 666 399 736 Λατίνοις
422 667 470 746 μέν
485 671 608 748 πρῶτον,
633 660 670 737 οἶς
684 669 791 752 ἀπέχρη
806 672 939 739 πολιτείας

158 785 172 813 o
186 761 274 831 κοινῆς
286 756 428 830 ἀξιωθῆναι
442 756 512 836 μέγα
525 757 665 837 εὐτύχημα
681 757 843 839 ἡγουμένοις,
860 759 939 819 elaad

159 872 172 900 a
186 844 284 921 ταύτης
304 844 423 926 τύχοιεν,
442 847 472 903 οὗ
488 843 566 923 μόνον
578 846 610 917 ἣν
622 844 702 926 ᾔτουν
720 847 855 908 πολιτείαν
870 847 938 907 ύπα-

118 955 131 992 ε
159 961 172 988 ι
185 958 230 1003 τος
239 934 276 995 ὢν
290 932 447 1016 ἐχαρίσατο,
460 933 520 991 ἀλλ’
541 931 580 991 ἔτι
591 936 637 992 καί
650 936 703 992 τῶν
718 935 748 993 έκ
759 938 805 994 τοῦ
820 934 937 1011 πολέμου

160 1052 172 1077 ιι
187 1024 329 1106 λαφύρων,
347 1023 393 1082 tto
414 1020 489 1093 κοινὴ
506 1020 616 1100 γένηται
633 1022 772 1105 στρατεία,
786 1022 835 1098 τήν
847 1023 937 1104 τρίτην

160 1141 173 1167 ιι
186 1117 331 1196 ἐψηφίσατο
354 1112 487 1171 δίδοσθαι·
503 1108 595 1171 έπειτα
606 1108 750 1192 Ἕρνικας,
767 1110 811 1179 οδς
829 1113 938 1195 πολέμῳ

160 1228 173 1254 «ι
190 1207 360 1286 χειρωθέντας
380 1211 486 1286 ἀγαπθν
502 1209 597 1288 έχρῆν,
622 1209 645 1267 εί
668 1205 706 1286 μὴ
732 1208 778 1268 καὶ
791 1210 838 1278 τῆς
851 1207 936 1264 αὐτῶν

120 1341 126 1352 .
160 1292 275 1371 «χώρας
289 1295 425 1377 ἀφαιρέσει
446 1295 497 1354 τινί
514 1299 684 1371 ζημιωθεῖεν,
706 1295 795 1378 φίλους
812 1293 859 1373 μέν
880 1295 936 1354 ἀντί

160 1402 172 1428 ιι
188 1382 309 1453 ὑπηκόων
321 1383 442 1457 ε’ποίησε,
454 1383 563 1449 πολίτας
578 1384 601 1442 δ’
616 1385 676 1446 ἀντί
686 1387 830 1458 ὑποτελῶν,
846 1388 895 1464 γῆς
908 1404 937 1442 τε

160 1494 172 1519 ιι
187 1469 259 1538 λείας
271 1472 304 1545 ἣν
319 1472 351 1532 δν
366 1474 505 1541 ἐκπαντὸς
523 1471 675 1546 κτήσωνται
693 1472 741 1545 τήν
757 1473 847 1555 ίτέραν
862 1472 937 1542 ίταξε

160 1586 173 1609 ιι
188 1562 334 1638 λκμόάιειν
357 1561 541 1645 τριτημερίδοι.
589 1559 675 1622 Ὥστε
700 1561 877 1641 μεριζομένων
900 1564 936 1627 είς

159 1674 172 1702 ιι
186 1651 255 1731 τρεῖς
275 1653 386 1731 κλήρους
412 1656 464 1710 τῶν
487 1650 634 1731 λαφύρων,
655 1648 714 1718 τοὺς
732 1647 780 1727 μέν
802 1648 933 1722 ὑπηκόους

159 1764 173 1791 ιι
187 1762 216 1798 τε
237 1739 283 1799 καὶ
305 1740 438 1812 ἐπήλυδας
450 1738 579 1820 διμοιρίας
593 1737 757 1817 λαμόάνειν,
773 1736 832 1804 τοὺς
846 1737 873 1796 δέ
888 1740 936 1797 αύ-

159 1855 172 1880 ιι
188 1834 294 1906 θιγενεῐς
317 1828 447 1910 ἡγεμόνας
469 1826 560 1907 τρίτην
579 1826 682 1909 μερίδα.
724 1827 776 1888 Ἐκ
795 1827 823 1886 δέ
844 1825 936 1886 τούτου

158 1941 172 1969 ιι
186 1918 256 1977 δυεῖν
271 1920 323 1977 τῶν
338 1916 516 1977 ἀτοπωτάτων
530 1914 638 1997 θάτερον
654 1914 839 1975 ἐπεδείκνυσαν
850 1915 937 1981 αὐτοῖς

159 2032 173 2059 ιι
187 2005 407 2083 συμύηοόμενον,
431 2003 476 2064 sto
499 2028 573 2073 τινας
587 2003 689 2084 ἐτέρους
707 2001 751 2063 διὰ
772 2005 870 2071 πολλάς
890 2002 937 2062 καί

158 2121 171 2146 ιι
186 2094 303 2173 μεγάλας
327 2092 475 2174 εὐεργεσίας
501 2092 666 2174 προέλωνται
688 2095 747 2160 ταῖς
778 2093 870 2161 αὐταῖς
892 2114 935 2150 τι-

159 2207 172 2233 ιι
187 2184 272 2258 μήσαι
289 2181 415 2262 δωρεαῖς,
435 2172 477 2249 αἶς
487 2181 617 2249 Λατίνους
636 2182 660 2238 τ’
676 2177 805 2256 ἐτίμησαν
816 2176 863 2238 καί
877 2175 935 2245 τοίνς

159 2296 172 2323 ιι
185 2271 251 2349 μηδὲ
262 2273 348 2331 δτιοῒιν
363 2269 460 2350 ἀγαθὸν
477 2269 698 2348 ἀποδειξαμένους
710 2267 848 2348 Ἕρνικας.
862 2269 936 2334 Made

159 2384 172 2409 ιι
186 2356 237 2438 γδρ
259 2359 487 2436 καταλειπομένης
512 2361 600 2426 αὐτοῖς
629 2354 862 2437 τριτημορίδος,λ
886 2358 937 2435 οὐχ

160 2472 172 2498 ιι
187 2446 251 2516 έξειν
276 2454 294 2511 ό
305 2469 330 2508 τι
348 2449 476 2509 δώσουσιν
503 2447 612 2513 ἐκείνοις
636 2445 732 2528 μέρος,
757 2442 775 2518 ἢ
798 2445 832 2505 τδι
856 2441 936 2522 όμοια

160 2537 384 2617 «ψηφισαμένους
402 2537 485 2615 μηδὲν
499 2540 601 2606 ἑαυτοῖς
612 2536 792 2618 καταλείψειν.
809 2560 824 2587 υ

200 2624 362 2689 LXXVIII.
387 2627 459 2708 Πρὸς
484 2626 512 2686 tl
532 2626 634 2695 τούτοις
650 2625 801 2704 διεξῄεσαν,
825 2623 866 2682 ότι
889 2625 935 2697 δη·

97 2730 125 2769 aa
157 2716 255 2790 μεῦσαι
268 2713 303 2774 τδι
317 2715 392 2777 κοινά
408 2719 456 2789 τῆς
476 2716 577 2785 πόλεως
599 2714 804 2793 ίπιόαλλόμενος
817 2711 877 2772 οὔτε
889 2717 936 2785 τῆς

157 2806 255 2883 βουλῆς
272 2805 474 2887 ψηφισαμένης,
493 2803 554 2865 οὔτε
567 2809 606 2887 τῷ
620 2803 761 2883 συνυπάτῳ
782 2803 874 2862 δοκοῦν
890 2801 936 2882 βίᾳ

157 2899 252 2974 κυροῦν
264 2893 395 2971 έμέλλησε
405 2894 449 2954 τδν
460 2894 555 2971 νόμον,
569 2893 596 2961 ύς
610 2896 640 2954 οὗ
649 2894 710 2952 καθ’
724 2890 752 2951 ἓν
766 2896 843 2949 τοῦτο
857 2891 936 2968 μόνον

158 2973 192 3055 ἦν
207 2981 357 3065 ἀσύμφορός
370 3007 400 3044 τε
419 2984 466 3044 καί
480 2984 583 3058 ἄδικος,
600 2982 642 3042 ότι
663 2980 858 3062 προόουλεῢσαι
878 2978 935 3039 δίον

158 3072 189 3131 ab
204 3071 336 3152 συνίδρυον
357 3072 403 3132 καί
428 3074 452 3132 εἰ
472 3070 568 3141 δόξειεν
591 3070 684 3152 ἐκείνῳ
701 3068 791 3141 κοινὴν
810 3068 934 3128 ἁπάντων

909 3158 916 3179 l

100 3181 129 3223 ao
158 3148 226 3219 εἶναι
242 3164 294 3219 τῶν
315 3163 342 3220 έν
365 3162 434 3222 τέλει
458 3158 507 3233 τήν
531 3158 744 3239 φιλανθρωπίαν,
768 3156 823 3225 ένδς
844 3159 935 3237 ἀνδρος

157 3249 241 3308 ίποίει
254 3248 303 3321 τήν
317 3249 414 3330 χάριν·
435 3248 504 3308 diii
528 3249 573 3307 καί
593 3251 653 3306 κατ’
668 3248 752 3306 έκεῖνο
775 3245 807 3305 τδ
829 3245 933 3307 πάντων

158 3337 371 3417 σχετλιώτατον,
396 3336 437 3396 ότι
452 3335 523 3418 λόγῳ
539 3336 587 3413 μέν
608 3336 679 3403 δόσις
692 3326 724 3408 {Iu
738 3343 792 3400 τοῖς
814 3334 934 3405 πολίταις

157 3428 204 3494 τῆς
218 3423 346 3500 δημοσίας
366 3421 471 3505 χώρας,
494 3422 563 3505 έργερ
577 3421 605 3481 δί
621 3424 774 3504 ἀφαίρεσις,
790 3424 933 3504 Ῥωμαίων

158 3509 207 3587 μέν
222 3515 273 3571 τῶν
287 3511 461 3589 κτησαμένων
480 3510 562 3583 αὐτὴν
578 3508 642 3588 μίαν
660 3520 753 3592 μοῖραν
767 3514 934 3596 ληψομένων,

98 3616 126 3657 ετ
157 3598 288 3680 ιίδρνίιιων
302 3603 330 3660 δὲ
351 3602 396 3661 καί
411 3599 533 3663 Λατίνων
547 3590 585 3667 οἷς
598 3598 672 3659 οὐδέν
689 3601 772 3674 αὐτῆς
791 3608 874 3679 μετῆν
886 3604 934 3673 τδις

158 3687 217 3748 δύο·
241 3692 285 3750 καί
299 3695 334 3760 ὡς
357 3690 415 3751 otii
434 3700 488 3762 τοῖς
514 3689 661 3773 δημάρχοις
683 3694 861 3753 ἐναντιωθεῖσι
884 3694 930 3755 καί

156 3781 305 3861 παραλύειν
320 3784 350 3841 ίκ
371 3785 416 3841 τοῦ
438 3780 520 3857 νόμου
540 3780 648 3864 θάτερον
670 3781 770 3852 ἀξιοῦσι
793 3781 887 3863 μέρος,
900 3781 931 3843 τδ

158 3868 229 3928 κατὰ
242 3870 291 3940 τήν
306 3870 451 3950 ἰσομοιρίαν
469 3873 521 3928 τῶν
543 3872 694 3946 ἐπηλύδων,
714 3870 841 3945 έπείσθη,
865 3871 934 3932 ἀλλὰ

158 3959 204 4017 καί
215 3960 361 4041 δημάρχοις
373 3960 419 4019 καί
430 3960 572 4041 συνυπάτῳ
585 3959 631 4019 καὶ
644 3965 726 4041 βουλῇ
741 3963 786 4019 καί
801 3971 867 4023 πᾶσι
881 3969 935 4029 τοῖς

98 4058 127 4097 ιιι
159 4050 225 4127 ὑπέρ
237 4054 284 4108 τοῦ
295 4055 383 4109 κοινοῦ
401 4051 436 4111 τδι
451 4051 579 4133 κράτιστα
597 4053 794 4132 βουλευομένοις
807 4054 934 4112 τάναντία

158 4136 283 4215 πράττων
294 4139 435 4199 διετέλεσε.
479 4139 656 4209 Διεξελθόντος
671 4140 797 4203 δὲταῦτα
809 4143 855 4202 καί
871 4141 938 4222 μάρ-

158 4246 239 4304 τυρας
250 4228 337 4284 αὐτῶν
352 4225 471 4297 ἅπαντας
483 4230 541 4296 τοὺς
554 4230 662 4300 πολίτας
671 4233 856 4310 ποιησόμενοι,
870 4230 938 4309 μετδι

158 4318 243 4373 ταῦτα
256 4315 308 4388 ήδη
320 4315 366 4375 καὶ
375 4317 422 4384 τδς
436 4319 601 4401 ἀπορρήτους
613 4324 659 4392 τῆς
673 4320 823 4403 τυραννίδος
838 4320 934 4402 παρεί·

157 4425 238 4484 χοντο
260 4406 377 4479 πίστεις,
397 4411 432 4474 ὡς
456 4410 585 4488 χρήματά
608 4433 637 4471 τε
664 4409 846 4490 συνενέγκαιεν
866 4411 937 4490 αύτῷ

98 4504 127 4543 ⁴⁵
158 4498 269 4556 Λατῖνοι
282 4496 330 4555 καί
339 4493 473 4576 Ἕρνικες,
483 4498 529 4557 καί
544 4498 615 4560 όπλα
629 4501 879 4580 παρασκευάσαιντο
892 4499 938 4559 καί

161 4585 368 4665 συμπορεύοιντο
390 4588 426 4654 dac
449 4587 527 4647 αύτδν
548 4591 572 4649 oi
588 4590 747 4671 θρασύτατοι
765 4594 817 4651 τῶν
833 4593 860 4649 έν
880 4592 938 4658 ταῖς

161 4673 254 4732 πόλεσι
265 4672 331 4733 νέων
345 4676 484 4755 ἀπόρρητά
497 4699 526 4737 τε
538 4677 690 4756 ποιούμενοι
703 4680 878 4757 βουλευτήρια
892 4677 939 4736 καί

158 4761 246 4820 πολλὰ
263 4766 328 4843 πρδς
347 4764 448 4834 τούτοις
469 4765 547 4846 ίτερα
563 4769 767 4847 ὑπηρετοῦντες,
781 4768 829 4827 καί
845 4766 939 4848 παρεί-

157 4870 241 4928 χοντο
260 4850 320 4921 τούς
334 4853 433 4913 τούτων
451 4855 605 4936 μάρτυρας,
628 4854 740 4922 πολλοδς
757 4856 806 4931 μέν
827 4855 937 4930 ἀστούς,

95 4962 127 5001 ιιι)
157 4937 308 5008 πολλοδςδ
331 4943 360 5003 Ite
378 4946 431 5003 τῶν
454 4943 542 5003 ἄλλων
561 4944 737 5025 συμμαχίδων
759 4945 861 5004 πόλεων
878 4943 939 5006 οὔτε

157 5028 273 5110 φαύλους
297 5029 353 5090 οὔτ’
373 5035 492 5112 ἀφανεῖς.
515 5023 564 5100 oi<
585 5031 737 5093 ίπίστευσεν
757 5037 771 5092 ό
791 5034 874 5109 δῆμος
892 5036 939 5096 καί

155 5117 219 5179 ούτε
239 5120 325 5188 λόγοις
338 5121 378 5181 ίτι
392 5121 533 5203 ὑπαχθεὶς,
546 5120 590 5188 οθς
607 5125 621 5182 ό
635 5120 702 5200 ἀνήρ
717 5124 748 5181 ἐκ
762 5122 863 5194 πολλῆς
882 5146 937 5181 πα-

157 5212 287 5289 ρασκευῆς
310 5211 495 5288 συγκειμένους
527 5209 638 5284 διέθετο,
661 5208 714 5271 οὔτ’
744 5210 825 5292 οίκτῳ
850 5211 939 5281 ἐνδούς

154 5302 236 5378 τριῶν
255 5297 303 5375 μίν
330 5298 401 5378 αύτῷ
430 5296 533 5357 παίδων
557 5300 677 5378 μεγάλην
701 5300 873 5381 παρεχόντων
901 5302 938 5369 τίς

1713 473 1775 535 507

993 594 1066 657 bant,
1077 598 1102 648 ln
1118 612 1163 651 suo
1173 601 1304 652 consulatu
1315 600 1418 666 largitus
1430 605 1512 665 esset,
1528 604 1572 655 sed
1584 606 1660 658 eliam
1674 611 1774 665 teritum

994 696 1086 761 praedm
1095 701 1206 763 partem,
1220 699 1242 751 si
1255 699 1394 751 communis
1412 703 1479 752 esset
1501 702 1606 767 militia,
1620 705 1673 756 dori
1688 709 1775 764 deere-

994 800 1071 852 visset
1083 814 1090 846 ι
1103 801 1209 865 deinde,
1227 801 1295 866 quod
1313 803 1434 854 Hernicos
1451 803 1557 869 (quibus
1577 805 1643 859 bello
1663 812 1775 867 subactis

994 901 1055 953 satis
1068 915 1124 953 esse
1139 901 1259 964 debebat,
1279 902 1302 953 si
1317 901 1407 967 stagni
1428 902 1468 952 sui
1479 906 1551 968 parte
1564 906 1647 971 abque
1661 912 1776 964 mulctati
1808 956 1810 959 .

994 1017 1044 1055 uon
1054 1003 1171 1065 tuissent)
1186 1004 1278 1055 amieos
1291 1017 1338 1069 pro
1350 1003 1474 1066 subditis,
1494 1009 1520 1056 et
1538 1006 1606 1059 ciues
1621 1024 1666 1076 pro
1683 1013 1775 1078 stipen-

993 1105 1080 1156 diariis
1093 1104 1206 1166 fecisset,
1219 1107 1245 1155 et
1255 1104 1308 1168 agli
1321 1118 1351 1155 ae
1370 1104 1477 1170 predae,
1491 1121 1647 1175 quaecunque
1660 1116 1736 1176 parta·
1747 1118 1776 1166 tn

993 1209 1128 1271 posterum
1140 1210 1222 1268 emet,
1244 1208 1348 1257 alteram
1371 1208 1470 1260 undam
1483 1213 1579 1281 partem
1595 1216 1706 1280 accipere
1723 1222 1774 1270 sta·

993 1310 1097 1372 tubset,
1111 1308 1147 1358 ita
1163 1309 1204 1367 ut,
1223 1307 1309 1372 praeda
1332 1308 1453 1360 trifariam
1469 1310 1561 1374 divisa,
1584 1315 1679 1367 subditi
1690 1320 1717 1368 et
1727 1320 1775 1370 ad-

993 1424 1064 1462 vene
1077 1409 1140 1459 duas
1153 1411 1237 1473 partes
1248 1408 1398 1474 acciperent,
1415 1409 1463 1474 Ipsi
1481 1425 1541 1463 vero
1557 1414 1677 1479 indigenas
1690 1420 1716 1469 et
1727 1419 1774 1469 du·

993 1529 1035 1566 ees
1050 1513 1157 1565 tertiam.
1191 1513 1255 1564 ilinc
1271 1516 1356 1564 autem
1373 1526 1388 1564 e
1406 1513 1503 1565 duabus
1522 1515 1681 1580 Ineptissimis
1701 1522 1776 1572 rebus

993 1617 1140 1669 alterutrum
1154 1614 1199 1665 sibi
1212 1618 1361 1666 euenturum
1373 1615 1592 1681 demonstrabant,
1605 1619 1627 1670 si
1640 1635 1703 1685 quos
1715 1623 1776 1676 alios

992 1721 1026 1771 ob
1039 1719 1116 1771 multa
1129 1721 1156 1770 et
1167 1731 1255 1781 magna
1269 1718 1294 1767 in
1307 1730 1334 1769 se
1348 1718 1436 1769 merita
1451 1718 1547 1775 eisdam
1563 1718 1636 1772 donis
1655 1723 1775 1776 bonorare

993 1818 1322 1886 uellent,quibusbat1nos
1341 1823 1368 1870 οι
1387 1818 1507 1870 Hernicos
1528 1820 1692 1883 honoratam,
1709 1840 1776 1889 quo-

994 1938 1051 1975 rum
1064 1936 1097 1975 ne
1107 1923 1146 1973 vel
1158 1922 1260 1972 minima
1277 1921 1378 1986 quidem
1394 1921 1418 1971 in
1436 1922 1555 1987 populum
1571 1926 1709 1980 Romanum
1720 1941 1775 1980 me-

994 2027 1043 2078 rita
1054 2028 1187 2079 exstarent.
1222 2028 1306 2083 Quum
1318 2023 1384 2075 euim
1397 2023 1457 2087 ipsis
1468 2037 1517 2074 una
1528 2029 1626 2078 tantum
1637 2031 1710 2081 tertia
1720 2045 1777 2095 pars

995 2128 1062 2178 esset
1075 2125 1186 2188 reliqua,
1198 2126 1243 2174 aut
1256 2137 1305 2174 uon
1314 2121 1458 2186 habituros,
1475 2136 1551 2187 quam
1560 2126 1608 2177 illis
1619 2130 1715 2192 partem
1729 2130 1776 2181 da-

994 2232 1062 2288 rent,
1077 2229 1136 2283 aut.
1159 2223 1280 2275 sieadem
1302 2222 1350 2274 illis
1371 2223 1546 2289 desumerent,
1569 2227 1631 2279 nihil
1653 2229 1776 2297 sibiipsis

993 2325 1134 2377 relicturos.
1631 2326 1635 2331 '

1026 2628 1160 2678 bllltvlll.
1176 2627 1301 2677 Praeterea
1317 2626 1433 2678 dixerunt
1444 2640 1516 2687 eum,
1528 2639 1607 2692 ηυυω
1629 2628 1676 2679 sibi
1688 2642 1777 2696 propo-

993 2717 1085 2769 suisset
1095 2715 1160 2766 bona
1171 2714 1282 2765 civitatis
1292 2714 1436 2779 pubIIeare,
1452 2728 1499 2766 nee
1507 2728 1539 2765 ex
1551 2718 1774 2781 senatusconsulto,

993 2819 1039 2858 nce
1052 2818 1084 2855 ex
1095 2803 1195 2868 collegae
1205 2815 1336 2864 consensu,
1350 2802 1396 2853 sed
1409 2803 1435 2854 ni
1449 2802 1529 2867 legem
1539 2804 1649 2868 perterre
1659 2809 1775 2856 conatum

992 2894 1070 2946 δαίετο
1084 2912 1090 2942 :
1102 2906 1159 2958 que
1171 2904 1222 2943 non
1233 2892 1282 2943 isto
1297 2894 1399 2944 tuntum
1416 2892 1516 2943 nomine
1536 2894 1673 2957 perrdotosu
1692 2898 1718 2945 et
1737 2896 1793 2947 in·.

991 2985 1058 3037 iusta
1083 2985 1153 3043 erat,
1168 2981 1252 3047 quod,
1275 2995 1354 3046 quum
1377 2981 1506 3034 debuisset
1529 2985 1776 3037 senatusconsultum

993 3071 1149 3140 precedere,
1163 3074 1204 3132 et,
1221 3070 1241 3121 si
1258 3069 1370 3134 patribus
1381 3071 1530 3137 placuisset,
1544 3072 1579 3123 ita
1593 3071 1694 3123 demum
1707 3074 1775 3126 istud

993 3160 1143 3214 beuelldum
1156 3158 1267 3209 omnium
1281 3158 1423 3224 priucipum
1438 3159 1548 3211 civitatis
1557 3174 1689 3212 commune
1705 3175 1774 3226 esse,

992 3250 1047 3316 ipse
1056 3253 1139 3300 mansu
1151 3246 1218 3298 illius
1232 3247 1337 3309 gratiam
1353 3247 1386 3298 ad
1403 3262 1479 3300 unum
1495 3249 1619 3300 homiuem
1632 3250 1773 3302 transtulis-

993 3347 1048 3395 set:
1072 3340 1207 3393 sedetiam
1221 3352 1266 3400 eo,
1296 3339 1365 3404 quod
1375 3340 1487 3391 omnium
1508 3344 1563 3392 erat
1583 3342 1774 3407 grauissimum,

992 3432 1061 3498 quod
1079 3430 1162 3483 verbis
1177 3428 1280 3495 quidem
1300 3441 1359 3493 ager
1380 3427 1495 3492 publicus
1515 3429 1592 3493 gratis
1616 3430 1776 3482 dividebatur

994 3521 1101 3582 civibus,
1118 3519 1201 3570 sedne
1215 3518 1268 3581 ipsa
1281 3517 1411 3579 Romanis,
1427 3519 1471 3582 qul
1486 3531 1544 3568 eum
1562 3524 1773 3585 comparaverant,

994 3607 1155 3660 auferebatur
1169 3625 1176 3655 ε
1205 3604 1273 3668 quod
1287 3618 1362 3654 uuam
1373 3608 1471 3656 tantum
1482 3609 1579 3671 partem
1598 3608 1723 3672 accepturi
1734 3622 1776 3659 es-

993 3702 1061 3760 sent,
1077 3695 1177 3747 Hernici
1194 3707 1254 3745 vero
1263 3697 1289 3744 ct
1304 3692 1401 3754 latini,
1414 3694 1446 3744 ad
1459 3708 1522 3757 quos
1535 3695 1557 3745 is
1574 3708 1632 3759 ager
1645 3696 1707 3746 nibil
1719 3709 1774 3760 per·

994 3785 1104 3847 tinebat,
1121 3783 1201 3844 duas;
1219 3783 1245 3833 et
1262 3780 1371 3845 quodue
1386 3781 1496 3833 tribunis
1512 3782 1614 3845 quidem
1625 3783 1775 3834 interceden-

993 3877 1076 3938 tibus,
1090 3876 1117 3927 et
1133 3873 1240 3924 alterum
1261 3871 1320 3936 legis
1341 3873 1432 3935 caput,
1453 3872 1480 3921 in
1493 3884 1544 3935 quo
1557 3871 1590 3923 de
1609 3885 1682 3935 aequa
1705 3878 1775 3937 parte

993 3966 1096 4019 adveuIs
1112 3960 1269 4016 concedenda
1283 3959 1403 4023 agebatur
1412 3961 1464 4011 tolli
1474 3960 1666 4025 postulantibus,
1680 3963 1775 4025 paruis

994 4061 1049 4117 set,
1071 4053 1117 4107 sed
1136 4055 1161 4105 et
1175 4051 1281 4104 tribunis
1301 4052 1327 4100 et
1342 4050 1443 4111 collega
1455 4051 1480 4100 et
1497 4049 1594 4100 senaim
1609 4034 1777 4116 omnibusque

993 4147 1086 4213 optime
1101 4144 1243 4209 reipublice
1261 4139 1448 4192 consulentibus
1458 4138 1616 4204 pertinaciter
1629 4139 1775 4193 adversatus

994 4239 1068 4289 esset.
1101 4234 1147 4285 llis
1162 4235 1246 4283 autem
1261 4230 1396 4289 enarratis,
1408 4231 1484 4293 atque
1494 4227 1606 4281 orantum
1621 4229 1714 4281 cisium
1726 4235 1773 4281 tes·

993 4326 1097 4379 timonio
1108 4322 1274 4383 confirmatis,
1288 4323 1375 4385 postea
1388 4332 1479 4369 areana
1490 4318 1567 4369 etiam
1583 4319 1723 4381 tyrannidis
1734 4333 1774 4368 ar-

993 4415 1110 4481 gumenta
1128 4409 1302 4477 postularunt,
1320 4407 1420 4459 Latinos
1437 4410 1463 4457 et
1480 4406 1601 4458 Hernicos
1618 4406 1774 4471 eipecuniae

994 4505 1060 4554 tacta
1072 4499 1202 4552 collatione
1216 4496 1328 4558 dedisse,
1350 4499 1377 4548 et
1390 4508 1460 4545 arma
1473 4508 1645 4558 comparasse,
1658 4496 1684 4544 et
1694 4492 1772 4543 auda·

993 4591 1105 4644 eissimos
1119 4600 1231 4655 quosque
1248 4587 1347 4636 illorum
1360 4584 1510 4650 populorum
1525 4583 1631 4634 iuuenes
1644 4594 1702 4632 eum
1718 4592 1772 4630 see-

992 4683 1057 4744 tari,
1071 4682 1097 4732 et
1117 4676 1219 4729 sensilia
1239 4674 1340 4726 occalu
1363 4672 1442 4735 inire,
1463 4671 1652 4734 multarumque
1669 4669 1773 4724 aliarum

992 4784 1076 4822 rerum
1090 4764 1258 4834 praetermitti
1275 4763 1402 4813 ministros
1416 4774 1480 4813 esse.
1513 4763 1608 4812 ilerum
1620 4772 1720 4823 quoque
1732 4771 1772 4810 re·

991 4874 1047 4911 rum
1059 4861 1136 4910 testes
1151 4853 1321 4921 producebant
1341 4850 1435 4902 multos
1456 4850 1539 4911 eires,
1555 4847 1699 4911 multosque
1712 4847 1771 4897 alia-

992 4964 1047 5001 rum
1061 4948 1237 4999 taederatarum
1257 4942 1388 4993 civitatum
1407 4942 1488 5005 viros,
1505 4955 1553 4993 nee
1564 4938 1771 5001 contemnendos,

991 5051 1037 5089 nec
1048 5035 1177 5100 ignobiles.
1220 5031 1318 5093 Quibus
1331 5030 1439 5095 populus
1451 5030 1526 5082 tidem
1539 5029 1643 5089 babuit,
1659 5041 1705 5079 neo
1716 5041 1770 5078 om·

990 5128 1057 5193 plius
1065 5140 1094 5177 ea
1104 5125 1215 5177 oratione
1229 5124 1325 5182 motos,
1339 5134 1416 5184 ηυεπτ
1429 5119 1471 5171 ille
1480 5133 1512 5171 ex
1525 5120 1598 5182 longa
1611 5116 1770 5168 meditatione

990 5215 1164 5281 composuerat
1174 5225 1221 5263 neo
1230 5208 1403 5263 misericordia
1415 5209 1509 5270 lienus,
1522 5208 1638 5273 quamvis
1651 5205 1702 5258 tres
1713 5220 1770 5258 eum

988 5304 1060 5358 liberi
1076 5315 1224 5368 magnopere
1239 5300 1389 5352 adiacerent
1399 5299 1432 5351 ad
1447 5295 1641 5351 misericordiam
1653 5295 1676 5348 ei
1692 5295 1769 5345 conci·
