4070 5926
661 400 951 477 nN'liQtllTn‘ruM
973 402 1121 465 ROMAN.
1143 403 1215 464 lla.
1240 403 1319 465 Vlll.

163 534 294 616 αἰσχύνης
308 534 376 614 ἔχων
391 533 435 593 ἐπὶ
450 543 597 616 συμφοραῖς
606 537 653 595 οὐκ
666 534 831 616 εὐσχήμοσιν
844 539 881 605 είς
895 536 943 609 aba

163 623 241 684 πόλιν
252 624 393 699 εἰσελθεῖν,
408 621 440 682 τδ
455 622 596 704 κράτιστον
611 623 788 692 ἀπολωλεκώς
801 628 848 696 τῆς
862 647 944 705 στρα·

162 723 231 781 atila.
275 711 311 772 Ὁ
335 710 363 771 δέ
378 711 525 780 συνύπατος
541 714 621 772 αὐτοῦ
636 712 698 781 τοὺς
719 713 762 795 ὑφ’
779 714 872 772 ἑαυτὸν
897 713 944 794 σίρ-

163 824 260 881 χοντας
277 800 321 861 ἐπὶ
336 800 518 880 στρατοπέδω
536 801 693 862 καταλιπὼν
710 804 746 871 είς
768 802 816 874 τὴν
831 801 942 880 Ῥώμην

122 917 137 957 ε
163 890 265 970 ᾤχετο·
279 889 326 949 καὶ
345 890 509 968 συγκαλέσας
523 890 567 950 τδν
586 888 665 972 όχλον
682 890 727 950 ἐπὶ
749 889 798 960 sl<
814 893 943 972 ἀρχαιρε-

164 978 241 1055 σίας,
255 969 293 1047 οἷς
305 977 352 1057 μὲν
369 981 383 1036 ὑ
397 980 479 1053 δῆμος
492 977 615 1039 ἐὺούλετο
629 981 738 1052 δοθῆναι
750 978 798 1052 τὴν
816 981 943 1040 ὑπατείαν

165 1065 288 1146 ἀνδράσιν
300 1069 331 1126 ἐκ
343 1069 395 1125 τῶν
410 1064 595 1125 ὑπατευκότων
607 1067 636 1127 ού
647 1065 781 1148 προύθηκε
792 1067 840 1140 τὴν
854 1071 941 1149 ψηρο·

164 1155 274 1236 φορίαν,
290 1153 380 1226 ἐπειδὴ
399 1153 452 1214 οὐδ’
467 1155 549 1215 αὑτοὶ
557 1154 689 1235 μετῄεσαν
704 1158 753 1227 τὴν
767 1155 853 1237 ἀρχὴν
866 1157 941 1216 ίκόν·

163 1266 223 1319 τες,
236 1243 302 1324 ὑπέρ
318 1245 346 1304 δί
364 1248 417 1305 τῶν
437 1245 579 1320 μετιόντων
594 1244 654 1311 τούς
669 1268 697 1303 τε
719 1243 815 1324 λόχους
832 1245 941 1306 ἀκιθεσε

110 1350 136 1389 ιο
163 1331 270 1401 καὶτδς
288 1332 392 1415 ψηρους
424 1333 564 1392 ἀνέδωκεν.
608 1325 691 1394 Οὑτοι
713 1335 737 1391 δ’
757 1325 826 1407 ἦσαν
852 1333 896 1401 οὑς
923 1340 940 1406 ἡ

164 1419 245 1498 βουλὴ
266 1422 419 1502 προείλετο,
434 1420 481 1481 καλ
506 1412 544 1488 οἶς
566 1421 761 1503 παραγγέλλειν
783 1422 832 1494 τὴν
855 1421 941 1504 ἀρχὴν

162 1509 313 1582 ίκίλευσεν,
327 1512 356 1569 οὐ
370 1509 471 1591 σφόδρα
488 1510 614 1592 τῷδήμῳ
631 1509 841 1590 κεχαρισμένοις.
887 1510 941 1572 Καί

163 1598 357 1678 ἀπεδείχθησαν
377 1600 413 1666 είς
429 1600 473 1659 τδν
494 1598 601 1659 ἐπιόντα
622 1600 739 1659 ἐνιαυτὸν
761 1600 856 1661 ὑπατοι
875 1601 891 1660 ό
910 1624 940 1663 τε

162 1686 287 1764 νεώτερος
299 1692 345 1748 τοῦ
356 1686 495 1768 προθίντος
506 1685 552 1755 al<
564 1689 736 1769 ἀρχαιρεσίας
748 1691 848 1749 ὑπάτου
864 1689 940 1769 Μαίρ-

104 1785 133 1825 ¹⁶
161 1797 207 1843 νιος
228 1774 334 1843 Φοίόιος
354 1775 491 1844 Καίσωνος
511 1771 580 1848 υίδς,
598 1776 645 1835 καλ
663 1778 773 1845 Λεύκιος
795 1779 939 1859 Οὐαλέριος

162 1864 276 1945 Μάρκου
291 1868 360 1940 υίὸς,
372 1867 387 1923 δ
400 1863 444 1924 τδν
456 1865 510 1945 τρίς
521 1864 708 1925 ὑπατεύσαντα
720 1867 839 1927 Κάσσιον
849 1867 939 1947 κρίνας

160 1952 205 2010 ἀπὶ
220 1955 253 2031 τῇ
267 1952 399 2033 τυραννίδι
410 1951 453 2011 καλ
471 1953 637 2022 ἀποκτείνας.
692 1947 775 2016 Οὑτοι
789 1955 838 2028 τὴν
852 1953 938 2036 ἀρχῆν

159 2039 360 2117 παραλαόόντες
370 2038 437 2119 ὑπέρ
451 2045 503 2102 τῶν
515 2041 697 2103 ἀποθανόντων
713 2047 739 2103 ἐν
754 2047 792 2124 τῷ
806 2042 870 2123 πρδς
882 2043 938 2103 Ἀν-

160 2126 370 2209 τιάταςπσλίμιρ
385 2133 553 2209 στρατιωτῶν
566 2129 653 2203 ἠξίουν
673 2130 777 2211 ίτίροος
800 2130 937 2211 καταγρά-

100 2234 133 2274 ao
160 2237 233 2296 ιρειν,
245 2214 290 2275 iro
304 2216 335 2277 εδ
350 2215 455 2284 ἐλλιπὲς
472 2220 651 2299 ἀναπληρωθῇ
667 2223 719 2278 τῶν
732 2219 829 2300 λόχων.
882 2219 937 2281 Καὶ

161 2304 247 2383 δόγμα
262 2303 443 2382 ποιησαμίνης
456 2308 504 2377 τῆς
522 2310 620 2387 βουλῆς
634 2308 807 2389 προύγραψαν
820 2309 935 2390 ἡμέραν,

160 2392 187 2450 ἐν
211 2384 230 2474 ᾖ
253 2396 376 2474 παρεῖναι
396 2397 456 2463 τοὺς
479 2394 589 2474 ἔχοντας
611 2395 720 2467 ἡλικίαν
745 2397 936 2477 στρατεύσιμον

160 2479 222 2543 ἔδει.
264 2485 340 2544 Μετδι
356 2487 435 2543 τοῦτο
450 2482 559 2564 θόρυὺας
574 2476 606 2557 ἦν
622 2483 702 2552 πολὺς
717 2485 786 2545 κατδι
799 2484 847 2558 τὴν
859 2486 935 2546 πόλιν

159 2565 223 2641 όλην
248 2569 294 2628 καὶ
324 2571 397 2650 λόγοι
421 2574 473 2630 τῶν
501 2572 665 2632 πενεστάτων
695 2575 863 2649 στασιώδεις,
888 2578 937 2635 σύιι

101 2670 133 2708 ⁴²⁶
161 2655 298 2725 ἀξιούντων
312 2658 370 2718 ούτε
386 2663 481 2738 βουλῆς
492 2661 620 2740 δόγμασιν
634 2664 780 2744 ὑπηρετεῖν,
798 2664 856 2724 οὔτε
867 2665 936 2724 ὑπά·

159 2767 212 2802 των
237 2745 339 2829 ἐξουσία
361 2752 524 2830 πειθαρχεῖν,
540 2748 581 2809 ότι
596 2748 642 2817 τδις
663 2749 723 2831 περί
744 2755 792 2822 τῆς
816 2755 936 2831 κληρου-

159 2832 221 2912 χίας
237 2838 394 2917 ὑποσχίσεις
407 2838 552 2919 ἐψεύσαντο
566 2838 631 2920 πρὸς
646 2841 752 2908 αὐτούς·
764 2841 893 2909 συνιόντες
908 2865 936 2902 τε

158 2924 228 2984 κατὰ
243 2927 342 2998 πλῆθος
357 2926 401 2986 ἐπὶ
420 2926 480 2995 τοὺς
505 2927 668 3009 δημάρχους,
695 2929 826 2998 ὠνείδιζον
849 2932 936 3001 αὑτοῖς

158 3014 322 3094 προδοσίαν,
337 3015 383 3075 καί
397 3015 533 3076 κατεόόων
548 3018 749 3094 ἐπικαλούμενοι
765 3019 813 3089 τὴν
829 3016 855 3087 ἐξ
867 3019 937 3079 ἐκεί-

103 3124 133 3165 eo
159 3123 209 3162 νων
231 3104 402 3187 συμμαχίαν.
445 3106 508 3185 Τοῖς
534 3106 581 3183 μίν
597 3096 641 3165 οὑν
663 3107 752 3174 ἀλλοις
778 3110 826 3167 οὐκ
852 3108 937 3168 ἐδόκει

159 3191 248 3273 καιρδς
258 3194 397 3276 ἁρμόττων
411 3185 478 3254 ε’ίναι
487 3194 605 3272 πολέμου
615 3201 777 3263 συνεστῶτος
789 3196 937 3275 ὑπερορίου,

159 3279 205 3349 τδις
220 3283 359 3351 παλιτικδις
380 3282 476 3365 ἐχθρας
491 3285 685 3365 ἀναζωπυρεῖν·
705 3275 741 3352 εἷς
752 3284 779 3344 δί
793 3310 833 3354 τις
845 3285 872 3355 ἐξ
886 3287 935 3345 αύ-

158 3373 211 3429 τῶν
226 3372 306 3440 Γάϊος
323 3372 435 3438 Μαίνιος
449 3372 496 3431 οὑκ
514 3370 563 3453 ἔρη
586 3371 736 3452 προδώσειν
753 3373 812 3443 τοὺς
827 3376 938 3451 δημοτι-

159 3458 220 3526 κοὺς
234 3461 287 3519 οὐδ’
304 3461 453 3543 ἐπιτρίψειν
470 3465 523 3527 τοῖς
534 3459 642 3527 ὑπάτοις
655 3461 780 3540 στρατιάν
801 3463 939 3541 καταγρά-

104 3564 135 3605 aa
160 3570 235 3626 ρειν,
250 3547 294 3606 ἐδιν
311 3548 348 3626 μὴ
363 3548 488 3629 πρότερον
511 3548 668 3618 ἀποδείξωσι
691 3548 751 3616 τοὺς
774 3552 878 3630 όριστὺς
892 3555 939 3622 τῆς

162 3635 290 3711 δημοσίας
308 3641 374 3716 γῆς,
389 3637 434 3696 καί
453 3637 484 3698 τὸ
499 3635 561 3716 περὶ
575 3639 624 3707 τῆς
638 3635 799 3716 κληρουχίας
814 3636 939 3717 ψήφισμα

160 3722 310 3804 γράψαντες
325 3726 360 3791 είς
372 3724 417 3784 τὸν
434 3727 518 3801 δῆμον
533 3723 712 3805 ἐξενέγκωσιν.
740 3724 939 3806 Ἀντιλεγόντων

163 3813 191 3872 δὲ
206 3812 272 3891 πρὸς
285 3817 368 3872 ταῦτα
383 3816 435 3873 τῶν
454 3813 561 3871 ὑπάτων
576 3814 623 3872 καὶ
632 3811 765 3895 πρόρασιν
778 3813 940 3890 ποιουμίνων

164 3910 210 3964 τοῦ
234 3903 316 3981 μηδὲν
330 3905 401 3985 αύτῷ
422 3907 567 3984 συγχωρεῖν
586 3894 623 3963 ι’ὑν
648 3902 719 3976 ἠξίου
733 3903 777 3962 εδν
801 3905 827 3963 ἐν
849 3906 940 3988 χερσὶν

108 3997 141 4039 ⁴⁰
166 3989 229 4050 όντα
254 3990 387 4068 πολεμον,
401 3994 449 4052 οὑκ
473 3992 523 4074 ἔρη
546 3991 682 4074 προσάξειν
706 3994 794 4060 αὑτοῖς
807 3994 851 4052 τδν
867 4001 940 4070 νοῦν,

166 4079 235 4139 ἀλλά
249 4080 376 4142 κωλύσειν
387 4082 478 4161 ἀπάσῃ
493 4081 603 4160 δυνάμει
620 4082 669 4153 τὴν
687 4083 869 4163 καταγραφήν.
888 4085 942 4145 Καί

165 4168 260 4229 ίποίει,
275 4175 376 4229 ταῦτα·
388 4171 418 4228 ού
429 4171 481 4244 μὴν
495 4168 590 4250 ίσχυσί
599 4194 629 4249 γε
640 4168 719 4252 μίχρι
731 4169 830 4237 τέλους.
843 4173 879 4231 Ol
892 4172 942 4253 γάρ

166 4258 262 4319 ὑπατοι
275 4257 443 4338 προελθόντες
466 4257 515 4328 ἐξω
529 4263 576 4331 τῆς
591 4259 691 4328 πόλεως
714 4261 741 4317 ἐν
759 4262 799 4343 τῷ
812 4283 942 4341 παρακει·

165 4346 236 4427 μόνῳ
243 4345 328 4427 πεδίῳ
338 4344 397 4414 τοὺς
404 4346 593 4425 στρατηγικοὺς
600 4346 704 4426 δίφρους
710 4345 806 4419 ἐθηκαν
815 4370 822 4385 ·
833 4349 944 4409 ἐνταῦθα

106 4458 137 4498 ιε
165 4437 212 4496 καί
229 4437 273 4495 τὀν
294 4435 481 4511 στρατιωτικὸν
496 4436 630 4495 ἐποιοῦντο
650 4436 807 4513 κατάλογον,
822 4438 869 4498 καί
885 4438 945 4508 τοὺς

166 4528 216 4606 οὐχ
231 4525 412 4596 ὑπακούοντας
435 4538 488 4598 τοῖς
511 4530 620 4609 νόμοις,
638 4532 729 4603 ἐπειδὴ
751 4533 845 4601 αὑτοὺς
871 4533 944 4613 ἀγειν

167 4615 217 4693 οιίχ
231 4605 279 4674 οἷοί
303 4614 329 4674 τ’
345 4607 429 4693 ἦσαν,
447 4620 483 4687 είς
506 4621 634 4700 χρήματα
650 4620 789 4699 ἐζημίουν·
812 4621 882 4690 όσοις
897 4622 945 4699 ptr

167 4703 254 4782 χωρία
272 4709 407 4788 ὑπῆρχεν,
433 4709 603 4777 ἐκκόπτοντες
625 4716 708 4773 ταῦτα
730 4709 776 4769 καί
795 4709 843 4778 τδς
864 4710 946 4780 αύλδς

167 4799 366 4876 καθαιροῧντες·
383 4796 450 4858 όσων
466 4799 493 4858 δὲ
509 4799 650 4879 γεωργικός
667 4807 681 4861 b
704 4797 759 4879 βίος
770 4790 802 4871 ἦν
821 4802 848 4858 ἐν
866 4801 945 4859 ἀλλο·

110 4912 142 4951 ω
167 4885 250 4966 τρίοις
261 4887 399 4963 κτήμασι,
419 4887 519 4947 τούτων
536 4888 641 4965 ἄγοντές
664 4911 693 4946 τε
716 4888 761 4946 καί
777 4888 896 4970 ρίροντες
912 4890 946 4949 τδι

167 4978 405 5056 παρεσκευασμένα
427 4977 492 5059 πρὸς
506 4975 553 5049 τὴν
576 4975 701 5057 ἐργασίαν
716 4976 796 5056 ζεύγη
817 5000 846 5037 τε
869 4980 947 5059 βοϊκὰ

168 5065 216 5125 καί
237 5066 398 5144 βοσκήματα
419 5068 466 5127 καί
487 5065 615 5144 ὑποζύγια
639 5062 775 5146 ἀχθορόρα
796 5065 842 5125 καί
866 5067 946 5140 σκεύη

168 5162 298 5233 παντοῖα,
314 5146 353 5223 οἷς
366 5161 401 5235 γῆ
415 5159 440 5217 τ’
456 5153 612 5236 ἐργάζεται,
632 5155 680 5213 καί
693 5155 792 5236 καρποί
812 5157 948 5235 συγκομί-

74 5251 78 5255 ’
168 5247 268 5314 ζονται.
313 5243 347 5307 Ὁ
370 5245 399 5307 δδ
420 5246 529 5305 κωλύων
545 5243 594 5317 τὴν
619 5244 794 5327 καταγραφὴν
810 5245 948 5330 δήμαρχος

1713 368 1777 485 'aaa

997 545 1159 598 miniosarum
1172 546 1198 597 in
1210 548 1298 598 urbem
1316 545 1396 597 redire
1409 547 1464 596 'non
1482 558 1575 608 εοεαε,
1586 546 1655 612 quod
1668 546 1777 599 lectissi-

998 647 1064 684 mam
1079 636 1204 686 exercitus
1214 639 1310 701 portem
1323 635 1456 687 amisisset.
1490 638 1522 687 at
1533 636 1588 690 eius
1602 635 1703 700 collega,
1721 651 1776 688 cas·

997 734 1092 782 tmrum
1106 746 1166 783 cura
1179 732 1285 784 tribunis
1302 732 1450 792 commissa,
1464 733 1569 783 Romam
1580 734 1620 782 est
1631 731 1757 796 pmtectus
1770 756 1777 784 ι

999 832 1182 893 convocatoque
1198 830 1231 880 ad
1248 830 1349 881 comitia
1367 829 1476 894 populo,
1500 827 1532 879 de
1551 828 1588 879 eis
1607 828 1779 881 consularibus

998 926 1074 987 viris,
1087 927 1177 991 quibus
1197 928 1354 979 consulatum
1368 927 1422 978 dart
1443 927 1514 991 plebs
1533 926 1667 992 cupiebat,
1686 927 1779 979 nullam

997 1021 1112 1088 suliraqti
1127 1023 1221 1076 terendi
1240 1025 1300 1076 tecit
1315 1025 1464 1077 mentionem
1474 1052 1487 1087 ‚-
1498 1024 1557 1088 quia
1578 1038 1609 1076 nc
1620 1024 1668 1090 ipsi
1678 1024 1779 1090 quidem

997 1125 1085 1187 sponte
1096 1136 1142 1174 sua
1156 1126 1329 1189 magistratum
1341 1138 1399 1175 eum
1411 1123 1529 1189 petebant
1541 1140 1548 1186 ;
1564 1123 1608 1174 sod
1620 1137 1665 1187 pro
1684 1123 1724 1185 iis,
1737 1123 1780 1187 qul

997 1219 1125 1284 petebant,
1137 1222 1265 1273 centurias
1279 1222 1398 1285 vocarit,
1411 1235 1504 1285 easque
1521 1221 1547 1272 io
1563 1221 1681 1287 sutfragia
1699 1222 1778 1275 misit.

997 1320 1072 1371 Erant
1081 1322 1166 1370 autem
1175 1319 1215 1378 bi,
1228 1333 1292 1383 quos
1305 1320 1405 1371 senatus
1416 1318 1557 1383 designarat
1569 1321 1595 1371 ct
1606 1320 1779 1385 magistratum

996 1418 1081 1481 petere
1093 1416 1214 1479 iusserat,
1226 1417 1293 1481 plebi
1305 1431 1355 1467 non
1366 1416 1502 1468 admodum
1514 1416 1586 1481 graii.
1601 1416 1779 1480 Designatique

997 1517 1057 1563 sunt
1064 1513 1179 1564 musuleo
1187 1514 1213 1564 in
1222 1518 1367 1578 sequentem
1378 1515 1474 1565 annum
1481 1514 1562 1565 iunior
1575 1513 1652 1565 trater
1660 1514 1777 1577 consulis,

996 1613 1040 1677 qui
1052 1619 1160 1679 praeerat
1172 1614 1293 1676 comitiis,
1312 1616 1347 1666 ll.
1363 1613 1471 1675 Fabius,
1485 1612 1596 1664 cessonis
1606 1615 1634 1663 F.
1648 1617 1674 1664 et
1683 1616 1711 1663 L.
1726 1615 1776 1662 l'a·

996 1710 1088 1771 larius,
1102 1714 1135 1763 ll.
1154 1714 1193 1773 F,
1208 1713 1254 1776 qui
1273 1712 1388 1764 cassium
1404 1711 1506 1764 tertium
1517 1711 1643 1762 consutam
1658 1711 1691 1761 ob
1703 1712 1779 1761 attec-

995 1813 1073 1861 tatam
1089 1811 1246 1876 tyrannidem
1257 1811 1386 1862 damnarit
1399 1814 1426 1863 et
1434 1811 1535 1876 capitali
1547 1811 1668 1876 supplicio
1682 1811 1776 1862 olfecit.

994 1911 1026 1962 lli
1040 1910 1185 1975 magistratu
1198 1910 1260 1960 inito
1274 1909 1412 1973 petierunt,
1423 1908 1487 1958 utin
1499 1921 1589 1959 eorum
1601 1907 1720 1968 rnilitum,
1734 1908 1779 1972 qui

994 2011 1020 2060 in
1032 2011 1097 2061 bollo
1116 2014 1202 2060 contra
1218 2008 1330 2059 Antiates
1339 2007 1489 2069 ceciderant,
1499 2007 1540 2058 alii
1551 2007 1775 2072 conscriberentur,

994 2109 1023 2158 ut
1034 2108 1102 2171 quod
1113 2108 1198 2159 deerat
1207 2108 1353 2158 cohortibus
1365 2107 1533 2172 suppleretur.
1567 2110 1693 2172 Factoque
1704 2123 1776 2159 sena·

993 2206 1158 2266 tusconsulto,
1173 2206 1240 2256 diem
1263 2204 1395 2265 dixerunt,
1413 2205 1446 2257 ad
1466 2219 1542 2271 quam
1565 2207 1679 2257 militaris
1695 2209 1777 2261 aetatis

993 2300 1104 2353 homines
1114 2310 1206 2367 praesto
1215 2303 1303 2354 adesse
1314 2306 1449 2368 oporteret.
1488 2304 1550 2355 inde
1558 2304 1644 2369 ingens
1653 2306 1777 2357 tumultus
1849 2278 1853 2287 ⁵

993 2397 1017 2448 in
1032 2400 1093 2450 urbe
1108 2403 1162 2451 tota
1175 2404 1215 2452 est
1226 2416 1241 2451 a
1252 2405 1338 2460 ortus,
1354 2405 1381 2452 et
1392 2401 1543 2466 pauperrimi
1556 2394 1649 2466 quique
1659 2403 1778 2453 seditiose

992 2494 1166 2560 loquebantur,
1181 2509 1228 2547 nec
1238 2498 1454 2548 senatusconsulto
1470 2510 1573 2561 parere,
1587 2511 1633 2547 nco
1645 2500 1776 2549 consulum

993 2592 1111 2657 potestati
1129 2592 1301 2658 obtemperare
1321 2594 1450 2653 volebant,
1472 2593 1540 2656 quod
1556 2594 1590 2644 illi
1605 2595 1727 2658 promissa
1745 2595 1776 2646 de

993 2691 1059 2755 agris
1075 2690 1215 2741 diddaudis
1234 2691 1401 2742 letellisseuta
1418 2696 1644 2757 concursantesque
1660 2696 1774 2743 caterva-

993 2790 1039 2839 tim
1063 2787 1094 2838 ad
1119 2787 1247 2850 tribunos,
1264 2787 1430 2854 proditionem
1453 2789 1513 2853 ipsis
1532 2788 1728 2854 exprobrabant,
1751 2793 1777 2840 et

997 2898 1093 2964 magnis
1111 2896 1259 2948 clamoribus
1280 2896 1376 2946 illorum
1393 2896 1566 2961 imptombant.
1601 2898 1661 2948 nbis
1675 2897 1776 2963 quidem

993 2993 1204 3044 nonridebautur
1226 2992 1401 3057 tempestivum
1423 3004 1492 3054 essa,
1517 2998 1620 3045 artemo
1642 2994 1777 3045 beltocon·

989 3098 1061 3158 flato,
1084 3097 1233 3148 domesticas
1255 3095 1397 3146 inimicitias
1419 3096 1540 3146 suscitare
1564 3114 1569 3147 :
1593 3096 1695 3160 quidam
1715 3111 1774 3148 vero

989 3206 1021 3242 ex
1041 3191 1104 3254 iltis,
1128 3191 1155 3241 c.
1177 3190 1287 3247 Meuius,
1310 3188 1422 3247 dicebat,
1443 3204 1470 3240 se
1491 3189 1594 3240 minime
1616 3189 1773 3255 proditurum

993 3286 1107 3353 plebem,
1119 3300 1167 3339 neo
1177 3287 1316 3339 exercitum
1329 3288 1484 3338 conscribere
1506 3288 1650 3340 consulibus
1671 3288 1774 3351 pennis·

994 3401 1101 3449 summ,
1123 3386 1170 3438 nlsi
1183 3386 1252 3451 prius
1273 3387 1326 3451 agri
1343 3386 1433 3451 publici
1455 3386 1565 3438 finitores
1585 3392 1725 3449 creassent,
1751 3393 1778 3465 et

996 3488 1239 3541 senatusconsultum
1260 3488 1293 3539 de
1311 3488 1377 3552 agris
1395 3486 1534 3539 dividendis
1555 3486 1650 3539 facturo
1667 3489 1778 3552 promul·

995 3595 1102 3656 gasseot.
1117 3590 1267 3641 Consulibus
1280 3603 1340 3640 vcra
1350 3597 1436 3640 contra
1450 3589 1502 3638 lraec
1516 3588 1664 3649 dicentibus,
1675 3592 1700 3638 et
1713 3602 1778 3650 prau-

996 3703 1054 3740 sens
1064 3688 1158 3739 bellurn
1177 3686 1368 3747 mussantibus,
1386 3700 1429 3750 per
1441 3684 1509 3749 quod
1521 3687 1613 3744 staret,
1628 3699 1679 3748 quo
1695 3686 1779 3734 miuus

998 3784 1053 3834 haec
1073 3782 1097 3833 ei
1119 3781 1295 3838 concederent,
1317 3781 1437 3844 negabat,
1465 3793 1492 3829 se
1512 3782 1667 3829 moraturum
1692 3794 1779 3831 eorum

997 3880 1090 3943 aerbo,
1111 3879 1157 3929 sod
1175 3878 1235 3929 totis
1246 3877 1343 3928 viribus
1356 3877 1481 3928 delectum
1493 3876 1675 3942 prohibiturum
1686 3915 1691 3937 ,
1703 3881 1779 3940 atquc

998 3982 1054 4031 haee
1072 3979 1152 4030 tacere
1164 3978 1314 4038 conabatur3
1334 3976 1394 4027 nibil
1408 3979 1491 4027 mmeu
1504 3974 1604 4026 allicere
1614 3975 1704 4038 potuit.
1717 3976 1779 4026 Con·

999 4074 1066 4125 sules
1074 4075 1141 4125 enim
1152 4077 1223 4125 extra
1234 4073 1320 4125 urbem
1331 4074 1355 4123 in
1367 4073 1508 4137 proximum
1520 4085 1634 4135 campum
1645 4074 1777 4136 progressi,

1000 4174 1034 4225 ibi
1048 4175 1123 4226 sellas
1133 4175 1304 4239 imperatorias
1318 4175 1468 4238 posuerunt,
1488 4175 1515 4223 et
1528 4171 1619 4223 milites
1636 4174 1777 4225 conscribe·

1001 4274 1072 4333 bant,
1085 4276 1112 4324 et
1124 4274 1167 4338 qui
1177 4274 1271 4338 legibus
1282 4286 1331 4323 noo
1351 4271 1488 4336 parebant,
1509 4270 1568 4334 quia
1580 4284 1623 4321 eos
1639 4271 1664 4322 in
1682 4273 1780 4322 vincula

1000 4370 1125 4434 conjicere
1145 4385 1193 4422 oon
1209 4373 1338 4436 poterant,
1352 4368 1466 4433 pecuniis
1482 4369 1637 4421 mulctabant
1658 4390 1664 4420 z
1683 4382 1779 4433 eorum,

1001 4470 1044 4534 qui
1066 4483 1137 4533 agros
1155 4469 1294 4531 habebant,
1318 4481 1390 4532 agros
1408 4465 1526 4517 candendo
1549 4467 1670 4530 villasque
1693 4465 1781 4516 demo·

1002 4567 1097 4627 lieudo;
1115 4566 1160 4631 qui
1184 4581 1244 4617 vero
1260 4566 1353 4617 alienos
1376 4566 1466 4616 landos
1487 4565 1624 4617 conductos
1649 4563 1780 4625 colebant,

1002 4668 1091 4718 bomm
1107 4664 1203 4729 agendo
1217 4668 1242 4716 et
1265 4665 1365 4715 terendo
1386 4666 1551 4716 iustrumenta
1570 4662 1663 4713 mstica
1679 4665 1705 4712 et
1724 4662 1782 4727 iuga

1002 4764 1078 4815 bourn
1090 4767 1116 4814 et
1134 4776 1211 4828 pecus
1227 4765 1253 4812 et
1268 4763 1377 4813 iumenta
1396 4761 1531 4812 sarcinaria
1549 4763 1575 4811 et
1586 4761 1667 4812 omnis
1686 4764 1782 4826 generis

1002 4860 1179 4920 instrumenta,
1195 4857 1285 4924 quibus
1299 4857 1338 4908 vel
1353 4862 1421 4909 terra
1435 4858 1527 4909 colitur
1542 4858 1582 4909 rel
1597 4856 1696 4909 tructus
1716 4872 1783 4909 com·

1001 4963 1140 5025 portantur.
1172 4958 1295 5011 Tribunus
1314 4973 1388 5021 roro,
1406 4960 1452 5024 qui
1476 4959 1584 5011 militum
1607 4959 1782 5024 conscriptioni

1002 5058 1170 5121 delectatque
1185 5057 1370 5121 intercedebat,
1383 5059 1444 5110 nibil
1461 5059 1567 5124 amplius
1576 5061 1662 5110 σοιιιεε
1676 5060 1730 5110 bec
1743 5060 1780 5109 ta·

1002 5170 1058 5207 cere
1072 5159 1176 5220 poterat.
1187 5158 1251 5206 itam
1262 5156 1357 5208 tribuni
1369 5157 1394 5208 in
1405 5172 1449 5221 ea,
1463 5172 1521 5223 qum
1532 5162 1591 5209 aaut
1602 5160 1672 5208 extra
1684 5158 1779 5211 urbam.

1002 5254 1093 5306 nulum
1103 5253 1196 5306 babent
1205 5257 1354 5320 potestatem
1367 5268 1374 5301 τ
1388 5255 1433 5309 sod
1442 5254 1783 5372 mrumpotmti313moenibus
