4048 5924
666 414 959 491 ANTIQUITATUM
980 415 1127 477 ROMAN.
1149 417 1220 481 LlB.
1245 418 1324 479 llll.

158 584 171 609 ν
189 556 221 618 δν
236 557 390 635 βουλώμεθα
405 556 455 625 τῆς
473 552 578 614 ἐκείνων
592 551 682 635 χώρας
708 550 899 629 καταδραμεῖν.
918 576 931 601 ν

196 650 264 709 Xll.
280 643 492 719 Ἀποδεξαμένων
502 643 531 703 δέ
540 642 586 703 καί
595 642 694 712 ταύτην
704 639 753 713 τὴν
763 640 872 717 γνώμην
882 641 935 696 τῶν

156 735 346 806 Οὐολούσκων,
359 734 468 811 ἐξῄεσαν
485 736 509 792 οῖ
521 730 667 814 στρατηγοὶ
683 728 727 789 διὰ
745 728 859 807 ταχέων,
874 726 936 805 πρίν

160 826 279 886 ἔκπυστα
291 823 411 902 γενέσθαι
422 819 567 897 Ῥωμαίοις
578 818 612 878 τδι
635 816 815 896 βουλεύματα,
835 815 936 886 πολλὴν

116 939 129 977 ο
157 914 314 995 ἐπαγόμενοι
325 909 451 991 στρατιὰν
466 907 594 969 ἑκούσιον·
607 898 639 979 ἧς
654 908 731 985 μέρος
744 904 791 981 μὲν
806 908 820 963 δ
834 902 937 970 Τύλλος

156 1003 227 1083 ἔχων
242 1004 278 1069 είς
293 1000 342 1073 τὴν
370 997 490 1060 Λατίνων
513 996 604 1077 χώραν
628 993 767 1067 ἐνέόαλεν,
790 990 834 1050 ίνα
857 1014 938 1071 περι-

157 1092 267 1151 σπάσειε
281 1094 333 1149 τῶν
350 1086 484 1165 πολεμίων
500 1086 546 1158 τὴν
567 1088 663 1145 ἐκεῖθεν
684 1081 845 1163 ἐπικουρίαν·
864 1080 895 1139 τὸ
908 1081 936 1141 δέ

156 1181 247 1240 λοιπὸν
264 1182 277 1237 ό
295 1179 415 1258 Μάρκιος
430 1174 501 1254 ἄγων
526 1172 570 1234 ἐπί
594 1172 641 1246 τὴν
657 1170 801 1249 Ῥωμαίων
826 1168 935 1241 ἤλασεν.

158 1259 212 1329 Οἷα
237 1269 260 1326 δ’
283 1263 481 1347 ἀπροσδοκήτου
509 1267 593 1322 κακοῦ
614 1261 667 1328 τοῖς
691 1258 760 1319 κατά
783 1258 830 1330 τὴν
847 1258 938 1338 χώραν

106 1379 130 1417 ιο
158 1354 334 1436 διατρίύουσιν
354 1351 537 1423 ἐπιπεσόντος,
552 1350 640 1410 πολλὰ
661 1349 708 1425 μὲν
730 1347 801 1407 ἑάλω
823 1345 937 1422 σώματα

158 1444 300 1523 Ῥωμαίων
320 1442 456 1520 ἐλεύθερα,
479 1438 566 1499 πολλὰ
590 1439 612 1496 δ’
628 1435 792 1516 ἀνδράποδα,
820 1437 888 1514 βοῶν
910 1457 952 1513 τεο

158 1536 204 1595 καὶ
222 1531 370 1612 ὑποζυγίων
386 1529 431 1589 καί
453 1532 505 1588 τῶν
528 1526 617 1586 ἄλλων
643 1524 820 1600 βοσκημάτων
843 1527 938 1605 χρῆμα

158 1627 206 1685 οὐκ
226 1623 329 1701 ὀλίγον,
352 1618 423 1687 σῖτός
440 1641 469 1678 τε
489 1615 548 1685 ὅσος
569 1616 752 1694 ἐγκατελήφθη
774 1613 819 1671 καλ
835 1613 939 1690 σίδηρος

158 1718 204 1776 καί
218 1717 288 1783 ὅσοις
302 1715 391 1781 ἄλλοις
402 1710 477 1791 χόνρα
492 1717 666 1790 γεωργεῖται,
682 1707 716 1766 τά
735 1706 782 1782 μὲν
798 1705 937 1784 ἡρπάσθη,

106 1819 129 1857 ¹⁵
157 1806 192 1865 τδι
206 1805 234 1864 δὲ
249 1801 384 1883 διεφθάρη.
428 1801 610 1866 Ἰἐλευτῶντες
631 1796 683 1876 γδιρ
703 1796 819 1874 καὶπῦρ
837 1795 873 1860 εἷς
891 1793 939 1860 τδς

158 1894 242 1961 αὐλάς
264 1892 384 1973 φέροντες
397 1887 537 1947 miiaiin
553 1887 733 1957 Οὐολοῦσκοι,
752 1881 823 1941 ὥστε
839 1882 937 1940 πολλοῦ

157 1981 254 2062 χρόνου
280 1980 343 2056 μηδ’
354 1975 497 2036 ἀναλαόεῖν
513 1975 595 2042 αθτδς
609 1972 736 2032 δύνασθαι
749 1969 810 2037 τοὺς
831 1968 938 2029 άποόα·

158 2073 260 2136 λόντας.
302 2068 430 2128 Μάλιστα
442 2064 469 2123 δὲ
481 2070 559 2125 τοῦτο
573 2064 690 2142 ἐπασχον
706 2063 798 2118 αἰτῶν
814 2061 936 2135 δημοτῶν

158 2160 281 2236 κτήσεις,
298 2161 326 2216 αἱ
342 2156 369 2216 δέ
388 2159 441 2216 τῶν
455 2153 602 2234 πατρικίων
624 2153 731 2230 ἔμειναν
746 2151 852 2215 άσινεῖς·
869 2149 893 2206 εί
909 2146 940 2206 δι’

105 2271 133 2308 τυ
158 2272 225 2316 τινες
239 2245 410 2320 ίόλάόησαν,
425 2246 461 2306 εἰς
480 2241 633 2323 ἀνδράποδα
646 2238 693 2299 καλ
710 2236 870 2315 βοσκήματα
880 2235 938 2296 ἐδο·

159 2337 204 2406 ξαν
222 2335 365 2418 βλαόῆναι.
409 2337 497 2393 Τοῦτο
515 2331 567 2412 γδιρ
587 2330 638 2390 ὑπὸ
656 2333 702 2389 τοῦ
720 2326 842 2406 Μαρκίου
865 2348 938 2406 παρ-

158 2426 381 2505 ηγγίλλττοίτοῖς
406 2417 601 2491 Οὐολούσκοις,
627 2418 672 2477 ἵνα
697 2418 729 2476 δι’
763 2413 878 2497 ῦποψίας
901 2414 940 2473 ἔτι

161 2516 261 2593 μᾶλλον
277 2515 301 2571 ot
319 2510 452 2592 πατρίκιοι
471 2509 599 2588 γίνωνται
622 2507 675 2574 τοῖς
695 2507 868 2583 δημοτικοῖς,
894 2502 941 2561 καλ

161 2602 199 2680 μὴ
216 2602 333 2680 ἐξαιρεθῇ
353 2598 384 2658 τδ
399 2597 540 2665 στασιάζον
555 2598 585 2655 ἐκ
608 2599 657 2669 τῆς
674 2597 785 2660 πόλεως.
829 2589 938 2673 Ὥσπερ

104 2716 132 2755 τε
161 2692 207 2751 καὶ
221 2690 327 2762 συνέθη.
368 2687 420 2755 Ὡς
434 2684 485 2770 γδρ
502 2684 619 2763 ἠγγέλθη
634 2687 687 2750 τοῖς
702 2681 848 2760 Ῥωμαίοις
860 2687 877 2754 ἡ
890 2706 937 2741 κα·

159 2778 279 2861 ταδρομὴ
295 2783 343 2851 τῆς
355 2776 459 2858 χεύρας,
480 2775 527 2836 καί
550 2774 668 2854 ἔγνωσαν
684 2775 732 2832 οὐκ
747 2770 773 2839 ἐξ
790 2771 848 2829 ίσου
861 2793 941 2849 γεγο·

159 2874 235 2929 νυῖαν
251 2868 335 2926 ἅπασι
348 2867 396 2939 τὴν
411 2862 564 2946 συμφοράν,
576 2860 709 2922 κατεόόων
729 2858 777 2939 μὲν
795 2862 847 2916 τῶν
857 2860 940 2917 πλου-

159 2957 224 3018 σίων
239 2958 264 3016 οἱ
283 2954 394 3025 πένητες
414 2955 450 3021 ὡς
473 2952 625 3030 ἐπαγόντων
651 2948 726 3029 optor
743 2947 787 3007 τθν
803 2946 938 3027 Μάρκιον·

160 3049 337 3124 ἀπελογοῦντο
360 3044 382 3103 δ’
397 3045 421 3104 οἱ
435 3039 570 3122 πατρίκιοι
584 3040 630 3099 καλ
644 3036 805 3121 κακουργίαν
824 3035 882 3098 τινδι
893 3042 940 3096 τοῦ

105 3177 134 3215 30
162 3138 311 3216 στρατηγοῦ
324 3131 424 3204 ταύτην
441 3129 595 3210 ἀπίραινον.
613 3127 723 3199 Βοηθεῒν
742 3124 769 3185 δέ
786 3133 839 3194 τοῖς
858 3126 941 3185 ἀπολ-

161 3221 309 3301 lunisoni
322 3218 453 3290 σόιζειντδι
462 3216 587 3297 περιόντα
599 3218 633 3275 δι’
647 3213 763 3296 ὑποψίαν
777 3213 802 3272 τ’
818 3212 940 3285 ἀλλήλων

161 3314 206 3374 καί
220 3312 277 3378 δέος
296 3306 437 3389 προδοσίας
457 3305 540 3375 οὐδεὶς
553 3304 643 3378 ἠξίου,
657 3301 726 3361 ὥστε
749 3300 820 3361 κατδ
841 3298 941 3374 πολλὴν

161 3404 251 3463 ἄδειαν
264 3402 279 3458 θ
299 3397 421 3476 Μάρκιος
434 3396 522 3471 ἀπῆγε
540 3393 589 3465 τὴν
604 3390 730 3471 στρατιδν
746 3387 793 3447 καί
813 3387 943 3461 κατάστη-

162 3516 207 3553 στν
220 3488 337 3552 ἅπαντας
351 3484 395 3546 ἐπὶ
408 3483 441 3544 τδι
455 3485 539 3543 οἰκεῖα
549 3479 679 3545 παθόντας
694 3475 741 3552 μίν
756 3475 829 3535 οὐδὲν
842 3474 940 3554 δεινόν,

105 3615 134 3655 25
165 3578 313 3661 δράσαντας
336 3578 358 3634 δ’
382 3573 432 3633 ὅσα
456 3571 544 3645 ἠξίουν
573 3570 620 3629 καὶ
645 3568 749 3626 πολλῶν
776 3564 941 3644 εύποριίσαν-

164 3692 213 3736 τας
223 3665 378 3748 χρημάτων.
390 3653 462 3726 ’Ἧκε
480 3662 508 3722 δί
522 3658 569 3721 καί
585 3663 600 3719 θ
620 3662 646 3720 Τ
647 3657 723 3721 ύλλος
734 3654 821 3732 ὀλίγον
832 3653 938 3733 ὕστερον

164 3760 196 3816 ίκ
219 3760 267 3829 τῆς
292 3753 413 3815 Λατίνων
439 3749 530 3831 χώρας
557 3747 658 3814 πολλδις
682 3743 842 3823 ἐπαγόμενος
868 3742 940 3822 ὠρε-

163 3846 246 3913 λείας·
271 3842 329 3903 ούδέ
343 3840 395 3924 γάρ
412 3844 506 3902 ἐκεῖνοι
521 3837 632 3914 δύναμιν
648 3833 726 3914 ἔσχον
749 3829 828 3911 θμόσε
848 3834 944 3912 χωρεῖν

163 3943 218 4004 τοῖς
252 3931 403 4010 πολεμίοις,
429 3923 610 4007 ἀπαράσκευοί
632 3948 661 3985 τε
688 3922 775 3992 ὄντες,
798 3921 843 3979 καῖ
869 3918 945 4001 παρδι

108 4058 138 4096 40
165 4022 259 4083 ἐλπίδα
274 4027 319 4081 τοῦ
334 4022 417 4080 δεινοῦ
430 4040 518 4099 σρισιν
534 4012 712 4078 ἐπιπεσόντος.
750 4009 801 4069 Ἐκ
814 4010 842 4069 δέ
852 4007 944 4069 τούτου

164 4122 239 4173 πᾶσα
253 4110 328 4177 πόλις
342 4111 442 4189 ἐπῆρτο
454 4109 510 4174 ταῖς
533 4102 639 4178 ἐλπίσι,
655 4101 700 4162 καλ
720 4104 813 4158 θᾶττον
826 4097 845 4170 ἢ
859 4101 894 4165 ὡς
913 4096 945 4159 ἄν

164 4228 205 4270 τις
218 4200 366 4269 lucinio,
381 4198 398 4270 ἥ
417 4222 446 4256 τε
460 4192 619 4272 καταγραφὴ
634 4194 686 4249 τῶν
702 4188 871 4265 στρατιωτῶν
892 4182 946 4263 ἐγί-

164 4314 237 4364 νετο,
263 4288 309 4347 καί
330 4286 406 4346 τᾶλλ’
434 4289 590 4363 ὑπηρετεῖτο
621 4276 691 4338 όσων
714 4278 768 4343 τοῖς
793 4279 948 4353 στρατηγοῖς

166 4380 231 4442 ἔδει.

111 4510 139 4549 4⁶
208 4471 290 4532 illl.
312 4465 423 4537 Ἐπειδὴ
443 4464 471 4524 δέ
494 4462 545 4535 ἤδη
567 4463 681 4530 συνῆκτο
699 4464 773 4516 πᾶσα
789 4459 806 4526 ἡ
820 4454 946 4529 δύναμις,

168 4556 322 4620 ἐύουλεύττο
347 4555 414 4632 μετὰ
429 4558 474 4613 τοῦ
498 4550 701 4631 συνάρχοντοςθ
723 4544 860 4623 Μάρκιος,
876 4541 949 4607 ὅπως

168 4647 300 4729 χρηστέον
314 4648 367 4711 τοῖς
386 4646 485 4709 λοιποῖς
501 4639 667 4721 πράγμασιν.
711 4634 787 4715 Ἔφη
799 4632 827 4690 δὲ
846 4620 889 4691 ούν
902 4629 948 4688 λέ-

168 4760 232 4817 γων·
248 4765 259 4786 ν
275 4734 356 4813 Ἐμοὶ
373 4734 460 4803 δοκεῖ,
476 4719 498 4790 ῶ
512 4731 617 4800 Τύλλε,
643 4723 783 4807 κράτιστον
797 4711 880 4791 εἶναι,
896 4718 948 4776 νεί-

172 4831 303 4903 «μασθαι
323 4822 371 4890 τδις
399 4820 521 4897 δυνάμεις
543 4822 615 4894 ἡμᾶς
638 4817 710 4893 διχῇ·
726 4811 818 4871 ἔπειτα
833 4806 878 4866 τθν
901 4805 948 4884 μίν

113 4944 142 4983 w
171 4941 186 4970 n
205 4912 292 4994 ίτερον
318 4915 395 4989 ἡμῶν
423 4909 522 4988 ἄγοντα
536 4904 595 4971 τοὺς
610 4900 807 4979 ἀκμαιοτάτους
820 4896 867 4956 καλ
881 4919 950 4976 προ-

172 5030 187 5057 ι
205 5004 369 5076 θυμοτοίτους
396 4998 477 5074 ὁμόσε
507 5001 603 5075 χωρεῖν
632 4998 686 5058 τοῖς
718 4984 869 5062 πολεμίοις·
902 4985 948 5044 καί

173 5118 187 5145 u
206 5091 229 5150 εί
252 5088 299 5166 μίν
329 5092 503 5165 ὑπομενοῦσιν
526 5085 562 5148 είς
585 5090 677 5160 χεῖρας
706 5082 768 5153 ἡμῖν
799 5074 882 5150 ἰέναι,
901 5081 951 5154 μιᾷ

174 5208 188 5234 n
207 5176 295 5259 κρῖναι
323 5177 369 5235 τον
395 5176 484 5255 άγῶνα
515 5170 607 5250 μάχη,
638 5169 660 5225 εἰ
689 5166 712 5224 δ’
743 5161 949 5233 ἀποκνήσουσιν,

1712 414 1771 474 455

1027 560 1082 609 illl.
1095 561 1149 609 Hac
1163 573 1261 624 quoque
1276 559 1398 611 sententia
1410 573 1425 608 a
1436 555 1533 607 Volscis
1551 555 1671 620 probata,
1685 554 1772 615 duces,

995 666 1128 728 antequam
1139 666 1248 730 ipsomm
1262 667 1364 717 consilia
1380 663 1497 716 Romanis
1507 662 1698 723 innotescerent,
1717 677 1774 714 cum

995 767 1086 833 ingenti
1107 771 1300 822 voluntariorum
1315 760 1398 822 ‘manu
1412 769 1482 819 ocius
1503 768 1596 832 egressi
1611 771 1668 818 sunt
1689 789 1695 818 ε
1717 782 1774 818 cum

995 889 1101 939 quorum
1124 881 1194 942 parte
1216 878 1302 930 Tullus
1320 880 1345 928 in
1359 877 1500 928 Latinorum
1522 889 1609 947 agrum
1633 875 1732 940 irrupit,
1746 879 1775 925 ut

996 981 1173 1048 impediret,ne
1183 1000 1234 1049 qua
1249 986 1306 1036 iude
1319 987 1411 1038 auxilia
1427 987 1537 1037 bostium
1555 985 1673 1037 Romanis
1690 985 1774 1058 subsi-

997 1089 1040 1141 dlo
1049 1092 1166 1144 'venirent
1179 1117 1185 1142 ι
1197 1078 1308 1156 reliquas
1321 1095 1404 1159 copias
1418 1094 1525 1146 Marcius
1536 1095 1563 1145 in
1582 1107 1668 1159 agrum
1684 1096 1772 1145 Roma·

996 1208 1056 1246 num
1069 1195 1146 1247 durii.
1180 1200 1243 1248 curn
1257 1202 1342 1249 autem
1361 1198 1488 1249 idmalum
1512 1201 1598 1263 utpote
1620 1197 1775 1263 inopinatum

997 1303 1107 1363 agrestes
1124 1301 1263 1363 invasisset,
1275 1302 1347 1352 multi
1358 1301 1426 1353 cives
1446 1302 1548 1352 Romani
1570 1301 1690 1367 ingenui,
1706 1300 1776 1353 multi

998 1405 1072 1465 serni,
1085 1404 1198 1457 boumet
1208 1407 1375 1457 iumentorum
1385 1409 1411 1457 et
1421 1406 1497 1457 ceteri
1517 1408 1613 1470 pecoris
1632 1421 1722 1473 magua
1735 1406 1775 1457 ris

997 1516 1119 1575 eaptazet
1129 1514 1288 1575 trumentum,
1298 1516 1402 1579 quodin
1417 1518 1489 1579 agris
1499 1515 1611 1566 relictum
1620 1521 1683 1579 emt,
1693 1518 1776 1569 etser·

998 1623 1118 1682 ramenta,
1132 1623 1228 1686 elinque
1247 1624 1410 1675 instrumenta
1424 1625 1534 1683 rustica,
1562 1624 1652 1688 partim
1666 1624 1775 1691 direpto,

998 1729 1087 1794 partim
1096 1735 1212 1796 corrupta
1221 1735 1287 1781 sunt.
1298 1732 1438 1790 Quinetiam
1447 1734 1574 1796 postremo
1582 1732 1696 1783 Volsciin
1705 1732 1776 1785 villus

997 1834 1078 1899 iguem
1091 1835 1226 1887 iniecerunt
1237 1828 1246 1887 ι’
1255 1839 1283 1886 ut
1296 1835 1392 1886 nonnisi
1402 1836 1473 1900 longo
1485 1838 1541 1900 post
1553 1838 1688 1901 temporea
1699 1836 1778 1887 domi·

998 1942 1038 1993 nis
1047 1943 1155 2007 reparari
1162 1948 1270 2008 possent.
1281 1943 1408 2010 Praecipue
1416 1956 1475 1993 vero
1485 1943 1511 1992 in
1519 1942 1670 2007 plebeiorum
1684 1944 1776 2007 praedia

997 2049 1778 2114 soevitumestetrillis,quaepatriciorumeraut,parcebant:si

997 2158 1040 2222 qui
1053 2172 1113 2209 vero
1129 2171 1217 2208 eorum
1226 2157 1345 2206 damnum
1354 2159 1515 2221 acceperuut,
1525 2156 1550 2206 id
1565 2157 1591 2206 in
1613 2158 1742 2223 mancipiis
1752 2162 1777 2211 et

995 2274 1084 2326 pecore
1099 2261 1224 2326 accepisse
1239 2260 1287 2312 visi
1307 2263 1373 2311 sunt.
1407 2263 1461 2311 llos
1478 2260 1544 2311 euim
1563 2260 1662 2311 Volscis
1673 2264 1777 2314 manda·

997 2372 1037 2419 rut
1049 2368 1170 2431 lllarcius,
1183 2370 1212 2418 ut
1222 2366 1321 2432 patricii
1338 2365 1441 2431 plebeiis
1453 2367 1532 2431 magis
1549 2371 1633 2419 essem
1651 2370 1776 2435 suspecti,

997 2487 1059 2524 neue
1074 2472 1162 2523 seditio
1171 2485 1200 2522 ex
1218 2471 1280 2522 urbe
1291 2471 1436 2521 tolleretur:
1454 2469 1613 2534 quodetiam
1631 2473 1731 2524 accidit.
1745 2476 1778 2525 Ut

998 2578 1064 2630 enim
1075 2582 1178 2627 Romam
1191 2576 1333 2628 renuntiata
1344 2579 1384 2625 est
1400 2588 1514 2640 agrorum
1531 2576 1652 2638 vastatio,
1666 2582 1693 2628 et
1710 2579 1778 2631 cives

997 2687 1166 2750 cognoverunt
1182 2697 1238 2734 cam
1260 2682 1427 2733 calamitatem
1446 2695 1495 2731 uon
1512 2695 1584 2745 aequa
1599 2683 1715 2735 omnibus
1734 2698 1776 2736 ac·

998 2792 1104 2854 cidisse,
1131 2804 1251 2856 pauperes
1272 2788 1364 2840 divites
1388 2788 1538 2840 accusabant
1563 2788 1630 2853 quod
1657 2791 1778 2842 Marcium

998 2901 1122 2950 centusse
1141 2897 1277 2946 duxissent,
1311 2893 1359 2945 Sed
1378 2893 1475 2959 patricii
1490 2907 1517 2943 se
1535 2892 1691 2959 purgabant,
1705 2900 1780 2959 atque

998 3005 1063 3055 hanc
1083 3016 1139 3054 essa
1154 3001 1226 3053 ducis
1241 3000 1363 3051 fallaciam
1378 2998 1592 3051 demonstrabant.
1628 3001 1716 3052 Nullus
1738 3005 1779 3052 ta·

998 3126 1071 3172 men,
1085 3112 1129 3161 aut
1152 3107 1226 3160 rebus
1242 3107 1402 3172 pereuntibus
1418 3119 1578 3170 succurrere,
1602 3112 1647 3159 eut
1667 3109 1776 3174 reliquas

998 3232 1112 3280 servare,
1125 3217 1159 3268 ob
1177 3214 1328 3279 suspiciones
1342 3218 1443 3264 mutuas
1456 3216 1482 3264 ct
1502 3214 1648 3277 proditionis
1665 3218 1758 3267 metum
1772 3256 1778 3278 ,

998 3324 1106 3377 volebat.
1139 3324 1225 3384 ltaque
1244 3319 1351 3370 Marcius
1369 3319 1469 3383 impune
1488 3319 1572 3384 copies
1592 3320 1710 3385 abduxit,
1724 3337 1779 3374 om·

999 3443 1092 3496 nesque
1104 3427 1208 3479 domum
1221 3425 1288 3475 nulla
1300 3424 1371 3475 clade
1384 3423 1502 3486 allectos,
1514 3430 1541 3475 et
1551 3425 1635 3489 rebus,
1648 3442 1781 3492 quascum-

999 3554 1048 3605 que
1061 3536 1190 3597 rolebant,
1207 3534 1340 3596 conlectis,
1352 3537 1378 3582 et
1394 3532 1467 3584 ualde
1479 3532 1571 3583 ditatos
1581 3531 1684 3584 redusit.
1695 3534 1781 3585 Tullus

1000 3647 1077 3698 etiarn
1091 3642 1173 3707 paullo
1186 3644 1243 3705 post
1258 3654 1291 3691 ex
1307 3653 1367 3703 agiu
1392 3639 1480 3691 Latino
1496 3653 1554 3691 cum
1581 3640 1673 3705 ingenti
1696 3641 1781 3704 prsedu

1001 3753 1083 3804 rediit.
1116 3751 1178 3799 llam
1197 3761 1228 3797 rto
1249 3746 1285 3797 illi
1303 3746 1404 3810 quidem
1428 3746 1512 3810 copias
1533 3745 1674 3806 habebant,
1690 3745 1780 3810 quibus

999 3873 1059 3912 cum
1069 3856 1141 3907 hoste
1162 3852 1384 3917 congrederentur,
1399 3850 1458 3914 quin
1481 3850 1595 3915 imparati
1611 3851 1638 3899 et
1656 3852 1781 3914 repentino

1000 3966 1066 4021 malo
1077 3964 1169 4030 prester
1182 3973 1250 4024 spem
1262 3957 1374 4022 oppressi
1392 3958 1472 4006 erant.
1506 3954 1570 4005 ilinc
1581 3955 1674 4005 lactum
1691 3957 1739 4017 est,
1752 3962 1782 4008 ut

1000 4071 1088 4130 omnes
1098 4075 1243 4126 Volscorurn
1255 4071 1369 4121 civitates
1380 4069 1492 4133 ingentes
1506 4079 1563 4131 spes
1577 4066 1742 4129 conciperent,
1755 4073 1782 4119 et

1000 4183 1113 4250 opinione
1123 4180 1197 4231 cilius
1210 4176 1337 4229 exereitus
1356 4173 1562 4235 conscriberetur,
1578 4187 1669 4238 resque
1682 4176 1736 4225 aba
1750 4174 1782 4226 ad

1002 4292 1094 4345 bedam
1105 4287 1251 4342 necessariae
1266 4283 1458 4351 imperatoribus
1474 4285 1697 4350 suppeditarentur.

1035 4451 1101 4501 lilii.
1119 4445 1218 4498 coactis
1240 4444 1324 4494 sutem
1347 4438 1462 4491 omnibus
1485 4438 1576 4504 copiis,
1594 4439 1703 4489 Marcios
1723 4448 1782 4487 cum

1002 4541 1094 4606 collega
1107 4539 1139 4588 de
1158 4535 1232 4586 modo
1251 4547 1281 4584 ao
1300 4533 1396 4583 ratione
1417 4530 1476 4581 belli
1492 4530 1518 4579 in
1543 4534 1670 4594 posterum
1682 4525 1782 4589 gerendi

1003 4631 1143 4682 corrsultare
1155 4625 1238 4690 cupit.
1273 4642 1285 4667 ι
1300 4621 1373 4681 Mihi,
1386 4620 1483 4683 inquil,
1500 4618 1578 4678 Tulle,
1595 4616 1694 4666 ridetur
1716 4614 1781 4680 opti·

1005 4739 1019 4764 ε
1034 4732 1103 4769 mum
1121 4728 1192 4773 esse,
1213 4714 1250 4769 ut,
1279 4709 1358 4773 copiis
1377 4709 1441 4758 iuter
1467 4722 1512 4758 nos
1541 4704 1653 4757 bituriam
1679 4701 1780 4762 divisis,

1006 4828 1018 4853 ε
1032 4808 1096 4858 ulter
1110 4806 1223 4856 nostrum
1237 4814 1295 4851 cum
1312 4797 1490 4848 robustissimis
1511 4795 1653 4859 quibusque
1664 4790 1783 4842 militibus

1005 4895 1133 4945 «obviant
1147 4892 1262 4944 hostibus
1279 4893 1320 4942 eat
1338 4901 1431 4952 eosque
1450 4883 1623 4951 aggrediatur,
1640 4885 1674 4941 et,
1697 4881 1718 4932 si
1736 4895 1782 4932 no·

1005 5010 1018 5035 «
1034 4989 1130 5041 bissum
1142 4984 1257 5048 congredi
1274 4982 1330 5034 ausi
1350 4981 1454 5039 tuerint,
1465 4991 1516 5029 nno
1536 4973 1624 5040 proelio
1639 4974 1671 5024 de
1685 4986 1783 5024 summa

1006 5095 1019 5125 ι
1033 5090 1115 5127 rerum
1123 5073 1263 5129 decemmt3
1275 5071 1314 5121 sin
1325 5067 1404 5132 (quod
1418 5080 1464 5132 ego
1476 5066 1588 5117 totorum
1605 5061 1694 5125 credo)
1708 5074 1782 5112 ener-

1006 5187 1019 5211 ε
1034 5165 1096 5215 citui
1116 5165 1227 5215 tironum
1243 5164 1269 5212 et
1290 5158 1395 5210 ducibus
1408 5155 1504 5207 militine
1521 5152 1642 5218 imperitis
1661 5163 1782 5200 summurn

175 5296 189 5324 α
206 5270 242 5336 ὣς
257 5264 310 5345 ipio
323 5263 468 5344 πείθομαι,
490 5265 602 5340 στρατιᾷ
618 5251 798 5334 νεοσυλλέκτῳ
816 5249 863 5311 καλ
886 5253 957 5330 ἡγε·
974 5265 981 5304 r
1009 5271 1023 5296 ν
1038 5263 1122 5303 rerum
1141 5248 1296 5301 committere
1310 5258 1358 5296 non
1371 5242 1494 5305 audeant,
1510 5255 1582 5307 agros
1593 5248 1682 5292 eorum
1700 5234 1783 5290 incur·
