3986 5938
608 425 905 502 ANTIQUITATUM
925 426 1076 493 ROMAN.
1097 431 1169 492 LIB.
1191 431 1244 492 xl.
1678 431 1741 491 6¹15

128 560 242 619 πολιτῶν
260 557 324 639 πρδς
341 556 400 628 τούς
422 557 643 639 ἐπιφανεστάτους
667 559 713 620 καί
740 559 905 629 τελευταίους

129 647 295 727 κρινομίνους
316 643 437 718 ίσεσθαι,
462 645 655 727 συντονωτέρας
677 645 758 716 ούσας
781 648 825 706 inl
853 650 908 715 τοῖς

128 737 264 816 προτέροις
278 737 395 812 ἀγῶσιν,
419 732 434 793 θ
447 734 576 802 πολλάκις
589 735 641 808 ἤδη
657 733 768 808 συνίύη.
811 738 907 797 Ταῦτα

130 822 335 903 βουλευσάμενοι
359 823 486 901 συνίσχον
512 822 571 890 τούς
595 823 706 905 ἀνδρας,
735 822 847 884 ’λππίου
879 823 907 886 δά

87 927 101 965 ⁸
129 913 283 995 Οὐεργίνιον
299 910 393 981 ίταξαν
409 911 471 971 ἄνευ
485 912 585 992 κλήρου
597 912 764 992 κατηγορεῖν.
807 914 908 992 Εἰσαγ-

128 1000 250 1080 γίλλεται
264 1002 295 1072 δή
317 999 385 1079 μετά
401 1006 477 1060 τοῦτο
494 1001 530 1067 τίς
549 999 594 1060 τδν
609 1001 694 1078 δῆμον
710 999 839 1075 Ἄππιος,
855 1001 907 1062 barb

128 1096 174 1148 τοῦ
188 1086 342 1169 Οὐεργινίου
361 1088 551 1168 κατηγορηθείς
565 1089 610 1149 ἀπὶ
626 1094 673 1162 τῆς
688 1090 848 1162 ίκκλησίας,
860 1091 906 1152 καί

129 1180 241 1238 αἰτεῖται
263 1175 356 1259 χρόνω
383 1178 419 1245 είς
446 1176 603 1256 ἀπολογίαν.
659 1177 799 1260 Ἄπαχθείς
825 1179 847 1239 δ’
871 1184 908 1250 είς

127 1266 158 1327 τὸ
182 1265 378 1346 δεσμωτήριον,
401 1264 444 1326 ίνα
464 1265 631 1348 φυλάττηται
651 1267 735 1348 ’μίχρι
764 1268 852 1340 δίκης·
877 1271 907 1329 οὐ

75 1372 101 1411 ευ
127 1354 179 1437 γάρ
202 1356 278 1428 ίδὸθη
297 1354 420 1434 ίγγύησις
439 1357 512 1436 αὐτῷ
527 1354 590 1436 πρὶν
614 1357 753 1429 ἐπιστῆναι
771 1355 819 1429 τήν
840 1360 907 1418 ἀπο·

128 1445 279 1524 δειχθεῖσαν
290 1443 393 1522 ἡμίραν
408 1450 456 1517 τῆς
470 1445 589 1523 κρίσεως·
607 1447 634 1505 ἀν
648 1453 701 1514 τοῖς
713 1445 818 1520 δεσμοῖς
834 1452 907 1506 ἀπο-

128 1532 249 1605 θνήσκει,
271 1535 306 1600 ὡς
321 1531 369 1611 μίν
390 1537 407 1605 ἡ
423 1537 474 1593 τῶν
488 1534 595 1592 πολλῶν
612 1534 742 1613 ὑπόληψις
755 1526 788 1605 ήν
801 1535 828 1603 ἐξ
846 1537 906 1593 ἐπι-

127 1625 209 1699 ταγῆς
224 1624 276 1678 τῶν
296 1620 451 1702 δημάρχων·
466 1624 502 1690 ὡς
524 1620 552 1681 δί
565 1623 590 1680 οἱ
604 1620 652 1692 τήν
667 1623 754 1681 αἰτίαν
773 1620 907 1684 ἀπολύσα·

128 1714 188 1767 σθαι
209 1707 360 1786 βουλόμενοι
384 1707 553 1790 διεφήμιζεν,
574 1708 654 1777 αὐτὸς
678 1709 769 1769 ἑαυτὸν
790 1712 905 1791 ἀναρτη-

76 1810 101 1848 ¹⁸
129 1796 241 1872 σάμενος
267 1795 366 1878 βρόχῳ.
417 1800 484 1857 Μετ’
507 1797 604 1857 ίκεῖνσν
633 1797 746 1877 Σπόριος
769 1796 904 1872 Ὄππιος,

128 1886 258 1964 εἰσαχθεὶς
281 1888 317 1952 τίς
334 1886 378 1944 τὸν
404 1887 488 1958 δῆμον
514 1887 558 1967 ὐφ’
573 1885 663 1966 ίτίρου
686 1888 740 1944 τῶν
760 1887 906 1968 δημάρχων

129 1975 249 2035 Ποπλίου
261 1974 447 2055 Νομιτωρίου,
458 1976 504 2033 καί
517 1972 603 2054 τυχὼν
620 1973 774 2053 ἀπολογίας,
789 1975 907 2045 ἁπάσαις

128 2062 268 2124 ἁλίσκεται
279 2069 336 2130 ταῖς
348 2062 459 2146 ψήφοις,
473 2061 520 2123 καὶ
533 2064 692 2143 παραδοθεὶς
708 2066 744 2131 είς
759 2064 790 2123 τθ
805 2066 907 2141 δεσμω-

127 2149 236 2231 τήριον,
250 2151 399 2232 αὐθημερὸν
426 2153 596 2224 ἀποθνήσκει.
641 2154 676 2214 Οί
701 2150 728 2213 δί
753 2152 839 2212 λοιποί
853 2158 907 2214 τῶν

72 2257 101 2296 σο
127 2239 192 2299 δίκα
205 2241 267 2321 πρὶν
290 2242 491 2320 τίσαγγελθῆναι
516 2249 611 2323 φυγαῖς
626 2239 719 2307 αὐτοὺς
742 2241 904 2316 ἐζημίωσαν.

126 2328 182 2397 Τάς
195 2330 223 2389 δί
234 2329 324 2398 οὐσίας
339 2333 391 2389 τῶν
406 2330 580 2410 άνηρημίνων
595 2329 705 2390 καὶτῶν
719 2329 867 2410 φευγόντων
882 2333 907 2390 σί

126 2417 220 2495 ταμίαι
235 2422 281 2491 τῆς
295 2416 397 2486 πόλεως
418 2416 549 2478 ἀνίλαύον
562 2419 599 2485 είς
615 2418 645 2477 τὸ
658 2418 794 2493 δημόσιον.
838 2419 907 2478 Els-

127 2507 283 2585 αγγίλλεταε
298 2507 325 2567 δί
338 2506 383 2566 καί
405 2506 515 2588 Μάρκος
531 2506 679 2581 Κλαύδιος,
691 2510 705 2565 δ
715 2508 763 2580 τήν
778 2506 906 2586 παρθίνον

126 2594 315 2672 ίπιύαλύμενος
338 2600 373 2664 ὡς
389 2597 483 2669 δούλην
498 2597 610 2676 ἀπάγειν
627 2598 679 2656 ὑπὸ
694 2602 740 2655 τοῦ
758 2602 908 2677 μνηστῆρος

73 2701 101 2740 σο
127 2686 208 2755 αὐτῆς
220 2684 342 2745 ‘inritos‘
361 2685 408 2744 καί
433 2684 481 2758 τήν
507 2686 593 2745 αίτίαν
619 2687 656 2752 τίς
678 2685 722 2744 τὸν
749 2684 906 2756 ίπιτάξαντα

126 2777 290 2854 παρανομεῖν
312 2772 425 2835 Ἄππιον
448 2774 583 2856 ἀναφίρων
604 2775 715 2836 θανάτου
734 2771 782 2851 μίν
797 2774 908 2835 ἀπολύε·

125 2885 187 2936 ται,
211 2867 282 2943 φυγῇ
304 2862 330 2923 δί
347 2863 431 2945 ἀϊδίῳ
445 2865 605 2940 ζημιοῦται,
627 2866 680 2922 τῶν
698 2863 725 2922 ii
744 2864 831 2921 ἄλλων
853 2868 906 2923 τῶν

126 2952 350 3031 ὑπηρετησάντων
369 2976 394 3012 τε
405 2954 559 3031 παράνομον
574 2955 628 3019 τοῖς
647 2952 805 3032 όλιγάρχαες
824 2953 907 3022 οὐδείς

127 3038 203 3120 ίσχεν
214 3043 305 3121 ἀγῶνα
317 3041 455 3119 δημόσιον,
466 3040 535 3100 ἀλλά
547 3049 629 3101 πᾶσιν
639 3040 714 3100 άδεια
727 3043 814 3114 ίδόθη.
834 3041 868 3104 Ὁ
878 3042 906 3102 δί

73 3146 101 3185 σο
126 3135 204 3189 τοῦτο
220 3130 252 3190 εδ
267 3130 415 3208 πολίτευμα
432 3131 640 3208 εἰσηγησάμενος
652 3121 685 3202 ήν
701 3131 811 3209 Μάρκος
822 3130 906 3192 doll-

127 3220 208 3286 λισςδ
230 3219 381 3300 δήμαρχος,
407 3217 560 3299 ἀχθομίνων
583 3218 635 3293 ἤδη
650 3222 703 3278 τῶν
718 3221 838 3293 πολλῶν,
858 3221 904 3282 καί

127 3311 178 3368 τῶν
199 3307 332 3386 πολεμίων
348 3353 460 3373 .....
477 3309 598 3386 γενίσθαι
613 3310 829 3389 προσδοκώντων.

167 3397 283 3457 vatl.
306 3393 385 3457 Ἐπεί
395 3396 423 3454 δί
438 3398 466 3455 ul
481 3396 551 3455 κατὰ
565 3394 641 3453 πόλιν
655 3397 802 3455 ῖπαύσαντο
825 3420 906 3477 ταρα-

128 3484 189 3566 χαί,
207 3484 396 3563 συναγαγόντες
409 3482 458 3555 τὴν
481 3481 578 3562 βουλὴν
597 3485 621 3541 σί
641 3481 735 3543 ύπατοι
760 3484 846 3561 δόγμα
859 3510 906 3545 rto·

74 3588 102 3628 at
131 3581 216 3655 ρυῧσιν
240 3572 338 3651 ίξάγειν
353 3574 397 3633 τὀν
420 3572 531 3653 στρατὸν
552 3571 596 3630 inl
620 3569 679 3638 τούς
699 3572 840 3649 πολεμίους
862 3573 906 3634 διά

127 3662 239 3743 ταχίων.
282 3660 511 3740 Ἐπεκυρύεσαντος
534 3661 561 3719 ll
584 3663 631 3718 τοῦ
662 3658 747 3736 δήμου
769 3659 804 3718 τά
826 3661 908 3743 ψηφι-

128 3751 223 3812 σθέντα
237 3748 288 3810 ὐπδ
303 3756 349 3820 τῆς
365 3750 476 3829 βουλῆς,
499 3746 644 3826 Οὐαλίριος
662 3746 725 3824 μίν,
743 3746 833 3828 ἅτερος
854 3752 906 3807 τῶν

128 3841 243 3913 ὑπάτων,
263 3838 311 3912 τήν
345 3837 468 3915 ἡμίσειαν
493 3836 561 3919 ίχων
584 3842 630 3897 roi
650 3844 763 3917 στρατοῦ
793 3845 905 3918 μοῖραν,

129 3930 218 4008 ἐξῆγεν
238 3929 282 3988 ίπί
295 3951 325 3987 τε
351 3927 480 3994 Αίκανούς
498 3927 543 3985 καί
565 3923 769 3993 Οὐολούσκους·
793 3927 907 3998 συνῆλθε

74 4040 102 4079 so
130 4020 181 4099 γάρ
196 4017 333 4099 ἀμφότερα
348 4016 382 4077 τά
395 4017 465 4090 ίθνη.
519 4013 711 4091 Ἐπεστάμενος
726 4013 753 4073 δί
777 4013 836 4082 τούς
856 4018 906 4077 sl-

12 4116 13 4121 ’
129 4105 222 4174 κανούς
246 4109 277 4166 ix
303 4109 356 4165 τῶν
386 4105 521 4187 προτίρων
546 4102 758 4180 κατορθωμάτων
796 4101 908 4183 αὔχημα

12 4196 15 4283 ζ
127 4196 337 4279 προσειληφότας
367 4196 413 4255 καί
439 4197 474 4262 τίς
505 4190 605 4264 πολλὴν
639 4191 833 4274 καταφρόνησιν
862 4195 908 4264 τῆς

13 4294 15 4301 “
129 4284 272 4362 Ῥωμαίων
284 4283 420 4360 δυνάμεως
433 4285 604 4365 ίπαρθίντας,
618 4280 657 4340 ίτι
672 4283 772 4356 μᾶλλον
785 4279 908 4341 licitam

13 4392 15 4397 ’
128 4378 226 4454 ἀπᾶραι
251 4375 296 4432 καί
315 4372 489 4453 θρασυτίραες
514 4376 640 4445 ποιῆσαι,
664 4371 739 4441 δόξαν
753 4374 800 4431 οὐκ
821 4375 907 4445 ἀληθῆ

14 4462 16 4487 ¹
75 4495 102 4533 ςς
129 4460 291 4544 παρασχὼν,
304 4464 340 4528 ύες
355 4463 477 4541 ὀρρωδεῖν
492 4464 530 4530 τίς
542 4469 633 4541 χεῖρας
645 4460 712 4520 ίίναι
723 4461 789 4540 πρὸς
802 4458 905 4534 αὐτούς,

14 4550 16 4575 “
128 4552 174 4610 καί
190 4551 277 4609 πάντα
287 4549 399 4618 δεδιότος
412 4550 505 4611 ίαοίει.
552 4550 694 4630 Χωρίονττ
707 4546 759 4628 γὰρ
774 4552 810 4616 είς
825 4572 907 4629 στρα-

14 4636 19 4665 l

128 4638 265 4698 τοπεδείαν
279 4637 378 4719 ὑψηλόν
394 4638 439 4698 καὶ
454 4638 628 4718 δυσπρόσιτον
644 4635 792 4706 ίξελίξατο,
809 4636 906 4718 τάφρον

128 4750 157 4786 τε
175 4731 284 4806 βαθεῖαν
297 4725 486 4806 περιεύάλετο,
508 4727 554 4786 καί
576 4727 699 4805 χάρακας
713 4725 816 4804 ήγεερεν
837 4728 908 4807 bisp-

15 4820 19 4845 '
127 4817 196 4883 λούς,
238 4816 468 4895 Προκαλουμίνων
492 4812 520 4874 δί
541 4816 595 4872 τῶν
618 4812 751 4890 πολεμίων
769 4814 847 4873 αὐτὸν
872 4818 908 4882 τίς

72 4936 102 4974 ςο
129 4906 220 4985 μάχην
245 4905 387 4977 πολλάκις,
415 4903 461 4963 καί
485 4902 644 4970 κακιζόντων
671 4901 721 4973 τὴν
747 4902 907 4982 ἀνανδρίαν,

16 5000 19 5011 “
128 4996 248 5076 ἠνείχετο
261 4995 347 5071 με’νων
359 4993 399 5075 ἀφ’
413 4993 537 5073 ἡσυχίας.
570 4990 649 5053 Ἐπεὶ
662 4990 685 5050 δ’
698 4990 766 5069 ίγνω
781 4991 829 5063 τήν
843 5014 908 5070 κρα-

17 5102 19 5123 ’
127 5085 220 5158 τίστην
235 5090 288 5145 τῶν
302 5082 436 5160 πολεμίων
451 5083 561 5159 δύναμιν
577 5081 621 5140 inl
636 5077 770 5159 προνομὴν
782 5085 830 5152 τῆς
845 5079 906 5160 Ἑρ·

17 5184 19 5197 ²
128 5175 207 5235 visus
220 5198 249 5235 τε
265 5174 310 5232 καί
324 5173 447 5234 Λατίνων
467 5175 515 5249 γῆς
534 5170 738 5242 ἀξεληλυθυῖαν,
768 5172 795 5229 ἐν
820 5170 848 5230 δῖ
868 5173 907 5249 τῷ

17 5274 19 5297 “
128 5266 228 5345 χάρακι
251 5259 371 5345 φυλακήν
394 5259 454 5320 οὔτε
476 5259 577 5331 πολλὴν
598 5257 826 5335 καταλειπομίνην
847 5255 906 5321 οὐτε

962 571 1177 625 somniassent
1196 570 1385 624 veliementior:
1406 570 1474 635 quod
1487 571 1539 635 iam
1553 583 1619 636 sepe
1640 569 1740 623 accidit.

961 664 1015 713 Hoc
1032 664 1108 727 igitur
1130 665 1232 716 musitio
1251 667 1339 727 capto,
1360 664 1467 715 ceteros
1487 663 1677 716 cohibuerunt:
1697 661 1741 713 sed

961 759 1071 824 Virgiuio
1084 760 1242 825 maudsruut‚
1265 765 1294 813 ut
1308 761 1380 811 extra
1395 763 1490 812 sortem
1509 760 1617 826 Appium
1635 772 1740 812 accusa·

962 858 1036 907 seret.
1070 858 1131 908 Post
1147 857 1202 908 brec
1216 858 1294 921 igitur
1305 857 1410 922 Appius,
1431 855 1456 907 in
1468 855 1586 908 concione
1605 870 1620 907 a
1634 855 1742 919 virginio

961 954 1109 1016 accusatus,
1118 951 1150 1002 ad
1164 951 1282 1017 populum
1292 951 1390 1001 delatus
1401 954 1449 1013 est,
1465 953 1613 1016 tempusque
1625 951 1659 1001 ad
1668 962 1741 1000 caus·

963 1055 1015 1121 sam
1028 1041 1159 1094 dicendam
1171 1042 1250 1108 petiit.
1265 1042 1394 1094 Abductus
1417 1045 1504 1094 autem
1523 1042 1549 1094 iu
1566 1056 1700 1104 carcerem,
1713 1044 1743 1091 ut

960 1150 1041 1201 usque
1063 1137 1095 1188 nd
1113 1136 1201 1202 judicii
1219 1135 1287 1187 diem
1306 1120 1472 1198 στενοτάτη(
1483 1149 1563 1200 neque
1580 1135 1646 1187 enim
1666 1134 1744 1185 vades

961 1228 1037 1280 dandi
1048 1232 1159 1294 poteslas
1167 1228 1191 1279 ci
1205 1231 1245 1280 ost
1258 1229 1339 1293 lactu)
1355 1232 1488 1293 numquam
1499 1228 1553 1280 dies
1561 1228 1653 1294 judicio
1661 1227 1743 1279 desti-

962 1326 1021 1373 nela
1036 1321 1161 1385 venisset,
1173 1324 1196 1372 is
1206 1321 1313 1372 uinculis
1329 1321 1400 1381 obiit,
1411 1322 1498 1387 idque,
1513 1323 1541 1373 ui
1552 1322 1686 1373 multorum
1697 1320 1744 1371 luit

964 1414 1083 1479 suspicio,
1100 1414 1255 1466 tribunorum
1273 1416 1359 1481 jussu;
1381 1418 1410 1465 ut
1428 1427 1488 1464 vcro
1509 1413 1685 1478 divulgarunt,
1700 1413 1744 1477 qui

963 1507 1055 1559 crimen
1070 1507 1130 1558 illud
1149 1507 1243 1558 diluere
1260 1507 1385 1569 volebant,
1397 1507 1450 1571 ipse
1466 1507 1555 1570 laqueo
1565 1520 1592 1559 se
1606 1506 1743 1571 suspende·

964 1603 1010 1650 rat.
1044 1602 1105 1651 Post
1129 1600 1200 1651 illum
1218 1603 1260 1665 sp.
1292 1601 1387 1666 oppius
1410 1600 1443 1651 ad
1462 1599 1545 1665 populi
1563 1599 1686 1663 ludicirmn
1705 1605 1744 1652 est

963 1687 1064 1750 ductos,
1070 1688 1104 1739 ab
1116 1689 1165 1740 allo
1173 1689 1273 1740 tribuno
1287 1690 1366 1755 plebis
1379 1694 1407 1741 Ρ.
1418 1690 1566 1753 Numitorio,
1577 1694 1603 1741 ct
1613 1691 1744 1756 impetratu

963 1792 1057 1831 caussas
1076 1780 1186 1832 dicende
1201 1785 1334 1846 potestate,
1350 1783 1465 1835 omnibus
1479 1783 1605 1846 sullragiis
1612 1783 1744 1835 damnatus

963 1886 1017 1947 εει,
1055 1877 1081 1924 et
1093 1873 1119 1925 in
1139 1876 1238 1928 vincula
1254 1878 1395 1941 conjectos,
1418 1876 1505 1928 eodem
1519 1877 1560 1928 dle
1579 1879 1692 1928 mortuus
1705 1881 1744 1927 est

964 1978 996 2027 st
1021 1973 1109 2036 reliqui
1127 1972 1159 2023 de
1185 1970 1380 2021 decemvirorum
1404 1985 1523 2034 numero,
1539 1974 1673 2035 antequam
1690 1970 1744 2022 dies

965 2065 1026 2132 ipsis
1037 2065 1170 2128 diceretur,
1186 2078 1213 2115 se
1228 2062 1276 2129 ipsi
1285 2063 1371 2115 exsilio
1382 2065 1542 2115 mulctarunt.
1571 2066 1742 2127 Bonaaulem,

967 2162 1021 2209 tum
1030 2158 1227 2229 interemtorum,
1240 2159 1295 2209 tum
1309 2156 1481 2222 profugorum,
1503 2144 1641 2220 quaestores
1655 2156 1745 2208 urbemi

964 2255 1126 2317 occuparunt,
1140 2253 1166 2302 et
1177 2253 1307 2316 pecunlam
1317 2265 1349 2302 ex
1357 2251 1455 2301 illorum
1468 2250 1608 2302 venditione
1620 2251 1744 2303 redactam
1850 2234 1854 2241 ⁴

963 2342 989 2394 in
1001 2341 1116 2392 aerarium
1135 2339 1280 2391 lutulerunt.
1314 2339 1374 2390 Dies
1394 2353 1494 2404 quoque
1513 2342 1547 2390 ti.
1570 2340 1685 2403 Claudio,
1700 2340 1745 2405 qui

967 2431 1096 2496 virginem,
1116 2431 1146 2481 ut
1159 2442 1266 2491 servam,
1292 2427 1417 2479 abducere
1436 2442 1498 2480 usos
1515 2429 1611 2491 lueret,
1631 2427 1663 2479 ab
1675 2429 1745 2481 loiiio

966 2521 1022 2585 eius
1036 2532 1128 2584 sponso
1147 2517 1222 2568 dicta.
1254 2518 1336 2580 Αιφοο
1357 2516 1413 2580 ille,
1430 2531 1507 2581 quum
1526 2517 1625 2582 cuipam
1645 2519 1746 2582 rejicere

966 2611 992 2661 iu
1015 2608 1130 2673 Appium,
1144 2602 1224 2671 aquo
1237 2617 1264 2656 se
1283 2602 1400 2669 iniuriam
1415 2605 1482 2656 illem
1502 2606 1581 2657 tacere
1594 2607 1693 2670 luseum
1702 2606 1745 2657 di-

966 2699 1054 2759 cebat,
1072 2696 1170 2761 caplleli
1190 2695 1311 2761 supplicio
1338 2696 1377 2746 est
1397 2694 1515 2745 liberatus
1535 2713 1542 2743 ε
1560 2694 1604 2745 sed
1626 2697 1745 2759 perpetuo

966 2786 1053 2839 exsilio
1075 2787 1115 2836 est
1127 2784 1270 2835 mulctalus.
1304 2785 1341 2832 En
1364 2782 1463 2833 omterls
1482 2796 1558 2845 vero,
1580 2782 1623 2847 qui
1635 2782 1744 2847 aliquam

966 2875 1076 2939 iniquam
1093 2884 1195 2936 operam
1208 2869 1356 2921 decemviris
1372 2874 1502 2930 rorarunt,
1521 2869 1604 2920 nullos
1618 2868 1744 2934 publicum

963 2963 1087 3031 judicium
1105 2960 1195 3021 subiit,
1211 2957 1382 3010 sedomnibus
1400 2957 1534 3025 impunitas
1553 2956 1621 3009 dats.
1668 2958 1745 3008 istius

965 3053 1051 3103 aulem
1063 3047 1158 3099 consilii
1181 3050 1268 3097 auctor
1280 3046 1329 3095 init
1338 3047 1372 3096 ie
1386 3045 1504 3104 nucinas,
1526 3044 1742 3110 tribunusplebis,

967 3138 1063 3191 civibus
1073 3137 1125 3202 lam
1145 3135 1314 3185 moleslecum
1327 3146 1384 3184 rem
1400 3131 1545 3191 terentibus,
1562 3136 1589 3184 et
1602 3132 1702 3185 leudem
1716 3147 1744 3185 se

965 3241 1065 3296 quoque
1073 3240 1120 3292 pro
1131 3224 1244 3277 hostibus
1252 3223 1364 3275 habitum
1377 3221 1408 3273 iri
1419 3222 1571 3287 putentibus.

994 3424 1090 3477 xuvn.
1109 3421 1207 3474 sedetis
1228 3422 1312 3470 autem
1330 3418 1432 3470 urbanis
1451 3417 1613 3479 tumultibus,
1634 3422 1744 3469 senatus·

965 3518 1106 3573 consultum
1123 3517 1250 3575 iecerunt,
1268 3513 1337 3578 quod
1358 3513 1461 3576 jubebat
1484 3527 1561 3578 quem
1581 3513 1706 3563 celerrime
1718 3513 1744 3563 in

965 3610 1195 3669 bostescxercitum
1204 3609 1284 3660 educi.
1311 3610 1395 3666 Quum
1405 3614 1488 3659 autern
1504 3608 1744 3660 senatusconsultum

971 3709 1102 3782 plebiscito
1122 3705 1294 3756 mnnnnnum
1310 3702 1405 3765 fuisset,
1421 3705 1543 3765 Valerius,
1570 3705 1633 3755 aller
1649 3706 1744 3769 consol,

965 3828 1023 3867 cum
1041 3804 1144 3859 dimidia
1154 3803 1280 3868 copiarum
1294 3806 1364 3868 parte
1383 3803 1511 3869 proiectus
1523 3807 1561 3854 est
1575 3802 1601 3853 iu
1616 3806 1745 3867 AEquoset

964 3913 1077 3966 volscos.
1111 3908 1157 3956 iim
1169 3903 1234 3955 enim
1243 3906 1329 3967 gentes
1341 3900 1368 3952 iu
1383 3915 1460 3953 unum
1474 3905 1647 3954 convenerant.
1660 3906 1745 3962 Quum

964 4013 1047 4063 autem
1077 4002 1154 4053 sciret
1170 4003 1264 4065 AEquos
1282 4012 1313 4050 es
1334 3997 1503 4062 superioribus
1515 3998 1624 4048 victoriis
1642 3998 1745 4064 spiritus

966 4104 1111 4169 sumpsisse,
1123 4101 1149 4150 et
1160 4111 1218 4148 cum
1226 4110 1316 4159 mauris
1325 4098 1490 4147 Romanorum
1498 4096 1625 4161 copiarum
1634 4100 1742 4149 oontem-

965 4203 1031 4256 tlone
1048 4201 1154 4259 venisse,
1177 4209 1263 4246 eorum
1279 4196 1374 4247 animos
1383 4197 1462 4261 magis
1471 4197 1560 4247 ellone
1566 4194 1671 4256 volebat,
1687 4210 1742 4247 eos-

964 4321 1012 4373 que
1025 4304 1170 4356 audaciores
1183 4300 1297 4361 reddere,
1306 4313 1355 4348 non
1372 4311 1458 4348 reram
1466 4296 1605 4358 opinionem
1620 4296 1742 4361 prebens,

964 4403 1034 4468 quasi
1048 4416 1099 4465 prm
1113 4404 1181 4451 mein
1199 4410 1301 4447 menum
1319 4409 1376 4445 cum
1401 4394 1448 4445 illis
1459 4406 1589 4444 conserere
1603 4406 1652 4443 non
1667 4390 1745 4443 aude·

963 4501 1011 4561 ret,
1024 4500 1098 4562 etque
1113 4493 1195 4546 omnis
1210 4490 1321 4541 timentis
1335 4490 1403 4554 signa
1420 4488 1504 4539 dabat.
1538 4490 1601 4537 itam
1622 4485 1744 4538 stlocum
1848 4552 1858 4567 ι

965 4600 1053 4653 castris
1065 4596 1184 4666 ponendis
1208 4595 1319 4654 editum,
1337 4596 1363 4641 ct
1378 4604 1480 4641 secessu
1497 4586 1625 4638 dillicdem
1643 4585 1742 4650 delegit,

962 4702 989 4750 et
1010 4699 1101 4748 lossam
1129 4691 1277 4759 profundum
1296 4686 1472 4747 circumduxit,
1494 4684 1623 4748 aliumque
1650 4681 1744 4732 vallum

962 4797 1049 4848 erexit.
1083 4794 1202 4846 Hostibus
1218 4796 1303 4844 aulem
1314 4806 1371 4843 eum
1388 4787 1480 4853 sepius
1489 4783 1522 4835 sd
1532 4793 1639 4847 pugnarn
1652 4793 1743 4844 proro-

962 4893 1085 4953 oanlibus,
1103 4893 1176 4956 eique
1189 4892 1313 4954 imurlam
1330 4884 1554 4954 exprobrantibus,
1570 4879 1618 4929 boc
1632 4878 1740 4942 periere-

961 4982 1013 5041 θθῑι
1022 4984 1048 5032 σθ
1056 4993 1083 5029 ⁵0
1094 4981 1178 5044 quiete
1188 4981 1338 5032 continebat.
1380 4979 1428 5029 sed
1437 4978 1480 5028 ubi
1488 4974 1604 5039 ωςοοτίῑ
1616 4969 1743 5021 bostilium

962 5075 1088 5139 mpiarum
1098 5073 1331 5139 prestantissimsm
1348 5075 1444 5138 partem
1457 5071 1489 5121 ad
1501 5069 1669 5136 populandum
1682 5068 1743 5116 licr-

962 5169 1074 5220 nioorum
1094 5173 1121 5220 et
1139 5170 1284 5220 Laiiuorum
1306 5182 1393 5232 agrum
1417 5167 1563 5232 proiectum,
1576 5170 1603 5218 et
1615 5166 1641 5216 in
1653 5162 1743 5215 castris

963 5265 1106 5333 presidium
1126 5280 1206 5331 neque
1237 5280 1354 5331 maguum
1381 5278 1462 5332 neque
1493 5264 1742 5380 θεωεεφχεεθσίυω,
