4088 5936
281 433 341 493 942

283 563 516 644 παραδεδώκασιν·
539 562 616 644 ὁγδιρ
629 564 721 644 χρόνος
735 564 831 636 ταύτην
855 586 901 642 μοι
924 563 973 636 τήν
996 562 1062 625 ύπό·

281 656 361 735 ληψιν
383 653 495 732 βεόαιυῖ.
539 653 572 715 ‘0
587 651 636 731 μὲν
649 644 694 713 σύν
718 654 878 721 Κολλατῖνος
893 652 935 714 ἐπὶ
952 677 1062 732 στρατο-

283 743 365 803 πέδου
376 741 430 799 τότ’
444 739 480 800 ὢν
494 740 635 820 ἐτύγχανεν
645 746 680 813 ·ή
696 738 723 799 δὲ
741 747 897 801 συνοικοῦσα
912 743 982 821 αύτῷ
996 740 1061 822 γυνή

285 829 426 907 Ῥωμαία,
454 827 618 909 Λουκρητίου
641 827 759 910 θυγάτηρ
783 829 874 910 ἀνδρός
907 830 1061 912 έπιρανοῖῖς,

241 940 254 976 ι
284 917 391 986 ἐξένιζεν
407 918 487 978 αὐτόν
506 922 542 985 ὡς
556 921 670 997 συγγενῆ
692 923 738 976 τοῦ
754 917 847 999 ἀνδρὸς
861 919 948 1000 πολλῇ
967 922 1062 1000 προθυ·

285 1007 333 1089 μία
347 1032 376 1066 τε
391 1011 437 1067 καὶ
454 1009 643 1088 ριλορροσύνη.
686 1007 795 1079 Ταύτην
810 1007 858 1078 τήν
872 1016 985 1088 γυναῖκα
998 1011 1064 1068 καλ·

284 1096 377 1168 λίστην
399 1088 480 1157 ούσαν
505 1102 557 1157 τῶν
577 1104 604 1160 ἐν
627 1096 722 1176 Ῥώμη
743 1099 875 1174 γυναικῶν
892 1097 938 1157 καί
959 1120 1062 1179 σωρρο-

285 1188 426 1261 νεστοίτην,
442 1186 612 1269 ἐπεχείρησεν
624 1189 638 1245 ὁ
649 1184 743 1254 Σέξτος
754 1186 902 1265 διαρθιῖραι
909 1229 918 1259 ,
930 1185 1061 1244 παλαίτε-

287 1297 329 1352 ρον
340 1272 387 1349 μὲν
400 1274 439 1334 lar
448 1276 610 1357 ὀρεγόμενος,
621 1274 699 1333 ὁπότε
710 1272 852 1351 κατάγοιτο
863 1273 937 1352 παρθι
946 1277 985 1353 τῷ
998 1296 1063 1352 συγ-

232 1380 258 1419 ιο
284 1368 368 1439 γενεῖ,
405 1363 465 1423 τότε
492 1365 519 1424 δὲ
544 1364 635 1445 καιρόν
664 1361 817 1443 ἁρμόττοντ’
839 1362 958 1440 οἰόμενος
981 1362 1062 1443 ἔχειν.

285 1454 332 1519 Ὡς
346 1452 372 1511 δὲ
390 1453 459 1529 μετὰ
476 1453 507 1514 ιδ
521 1455 623 1513 δεῖπνον
644 1455 748 1522 ἀπῆλθε
759 1451 965 1528 κοιμησόμενος,
990 1456 1064 1512 ἐπισ-

285 1541 340 1621 χὼν
358 1545 404 1613 τής
419 1542 509 1609 νυκτός
522 1542 591 1601 πολὺ
604 1544 696 1620 μέρος,
712 1539 804 1612 ἐπειδὴ
825 1538 958 1600 καθεύδειν
974 1541 1062 1600 ἅπαν-

285 1653 333 1697 τας
348 1630 479 1706 ἐνόμιζεν,
502 1631 616 1698 ἀναστάς
640 1622 704 1702 ήκιν
721 1628 764 1689 ἀπὶ
777 1628 808 1688 τό
831 1628 977 1706 δωμάτιον,
1000 1631 1027 1687 έν
1042 1619 1085 1710 ᾧζ

287 1717 334 1789 τήν
351 1719 520 1798 Λουκρητίαν
542 1720 600 1798 ᾔδει
621 1717 812 1791 καθεύδουσαν,
831 1718 877 1776 καλ
898 1715 985 1777 λαθὼν
1006 1719 1066 1787 τοὺς

233 1836 256 1875 ,ς
287 1805 360 1886 παρὰ
378 1808 435 1874 ταῖς
456 1806 544 1888 θύραις
562 1813 608 1867 τοῦ
623 1805 756 1886 δωματίου
779 1804 958 1884 κοιμωμένους
978 1806 1063 1888 ιῖσέρ·

286 1918 363 1977 χεται
378 1894 448 1975 ξίφος
462 1896 541 1976 ἔχων.

326 1986 416 2050 LXV.
441 1987 570 2055 Ἑπιστάς
595 1986 623 2046 δὲ
643 1991 677 2068 τῇ
695 1986 788 2067 κλίνη,
815 1985 988 2066 διεγερθείσης
1006 1985 1063 2064 ὁίμα

286 2076 325 2155 τῷ
339 2081 454 2134 συνεῖναι
472 2074 517 2136 τόν
536 2077 618 2157 ψόρον
641 2080 690 2149 τῆς
701 2074 825 2155 γυναικὸς
838 2076 883 2134 καὶ
900 2076 1065 2153 πυνθανομέ-

287 2187 333 2235 νης
355 2163 427 2232 ὅστις
441 2164 497 2237 εἴη,
521 2165 624 2246 ρρόσας
645 2163 771 2242 τούνομα,
787 2174 889 2224 σιωπᾶν
902 2163 1006 2224 ἐκέλευε
1020 2164 1064 2224 καί

231 2279 258 2318 αο
288 2253 375 2327 μένειν
399 2255 426 2311 έν
449 2258 488 2333 τῷ
514 2254 657 2336 δωματίῳ,
675 2253 878 2335 σράξειναύιήν
902 2255 1066 2331 ἀπειλήσας,

288 2342 333 2399 ε’ἀν
349 2343 507 2423 ἐπιχειρήσῃ
522 2342 655 2425 ρεύγεινῆ
673 2348 749 2422 βοᾶν.
792 2344 887 2424 Τούτῳ
896 2342 1066 2414 καταπληξά-

288 2451 363 2507 μενος
385 2433 424 2510 τῷ
449 2432 540 2511 τρόπῳ
558 2434 607 2502 τήν
633 2431 781 2512 ἄνθρωπον,
795 2430 906 2509 αἱρέσεις
932 2432 1000 2509 αὐτῇ
1021 2430 1066 2490 δύο

286 2518 449 2597 προύτεινεν·
469 2521 596 2602 ὁποτέραν
617 2520 684 2592 αύτή
702 2522 844 2601 προῃρεῖτο
864 2519 955 2579 λαθεῖν
979 2517 1063 2592 ἠξίου,

247 2627 250 2633 ’
287 2607 397 2665 θάνατον
423 2607 481 2683 μετ’
514 2607 641 2688 αἰσχύνης
666 2605 683 2679 ἢ
708 2608 764 2686 βίον
794 2605 853 2682 μετ’
882 2607 1058 2683 εὐδαιμονίας.

233 2706 258 2747 ²5
286 2697 349 2755 «Ei
365 2694 413 2770 μὲν
433 2696 485 2776 γδιρ
506 2699 661 2775 ὑπομενεῖς,
682 2695 746 2774 ἔφη,
760 2695 923 2776 χαρίσασθαί
938 2718 995 2772 μοι,
1015 2720 1063 2774 γυ-

289 2811 302 2835 ι
320 2784 399 2843 ναῖκά
423 2807 452 2846 σε
472 2783 619 2862 ποιήσομαι
634 2786 679 2844 καὶ
694 2785 858 2863 βασιλεύσεις
872 2783 918 2843 σὺν
933 2785 1008 2860 ἐμοὶ,
1018 2792 1078 2847 uiiv‘

288 2900 301 2925 ε
322 2873 368 2949 μὲν
381 2866 413 2947 ἧς
436 2878 449 2933 ὁ
469 2874 558 2956 πατήρ
582 2898 627 2953 μοι
642 2874 723 2934 ἔδωκε
743 2875 860 2945 πολεως,
875 2873 943 2949 μετὰ
964 2875 991 2933 δὲ
1016 2874 1064 2947 τήν

289 2989 301 3013 ι
322 2961 420 3022 ἐκείνου
445 2964 570 3035 τελευτήν
594 2962 737 3041 Ῥωμαίων
759 2987 787 3021 τε
809 2963 854 3020 καὶ
876 2963 997 3024 Λατίνων
1019 2964 1064 3024 καῖ

290 3077 302 3102 ι
322 3053 465 3131 Τυρρηνῶν
477 3051 523 3111 καί
536 3056 588 3111 τῶν
600 3053 687 3111 ἄλλοιν
699 3051 768 3110 ὅσων
778 3053 875 3117 ἐκεῖνος
887 3052 972 3131 ἄρχει.
991 3050 1064 3130 Ἐγὼ

232 3148 260 3188 ³⁰
287 3165 300 3189 ιι
321 3139 373 3217 γάρ
383 3129 431 3198 οἶδ’
441 3137 481 3197 ότι
493 3138 689 3221 παραλήψομαι
698 3138 746 3211 τήν
756 3144 800 3197 τοῦ
810 3143 907 3218 πατρὸς
920 3138 1065 3217 βασιλείαν,

288 3254 301 3278 ι
323 3226 413 3305 ὥσπερ
435 3227 491 3286 dori
508 3227 625 3301 δίκαιον,
648 3232 700 3288 τῶν
715 3230 777 3286 υἱῶν
791 3228 873 3286 αὐτοῦ
887 3225 1066 3305 πρεσβύτατος

290 3341 301 3366 ι
320 3315 367 3375 ὧν.
410 3315 486 3376 Ὅσα
506 3317 529 3374 δ’
543 3317 659 3398 ὑπάρχει
670 3317 723 3384 τοῖς
738 3318 889 3397 βασιλεῦσιν
904 3314 1004 3391 ἀγαθδι,
1028 3307 1065 3375 ὧν

290 3429 303 3455 ι
323 3403 446 3462 ἁπάντων
458 3403 507 3485 ἔση
520 3405 567 3465 σὺν
580 3409 639 3483 ἐμοὶ
652 3405 746 3485 κυρία,
760 3405 787 3465 τί
801 3407 839 3465 δεῖ
849 3429 878 3467 σε
892 3407 978 3472 καλῶς
992 3407 1067 3465 ἐπισ-

290 3518 303 3546 ι
322 3491 438 3569 ταμένην
451 3494 583 3555 διδάσκειν
594 3517 603 3568 ;
616 3498 639 3556 εἰ
652 3496 674 3554 δ’
684 3495 865 3575 ἀντιπράττειν
878 3494 1073 3575 ἐπιχειρήσεις,

232 3590 260 3631 ³⁶
289 3608 301 3634 ι
324 3581 415 3650 σώζειν
428 3582 574 3661 βουλομένη
585 3584 616 3643 τὸ
627 3586 730 3665 σιῖνρρον
744 3629 752 3655 ,
764 3586 901 3643 ἀποκτενῶ
913 3607 941 3643 σε
957 3584 1000 3642 καί
1015 3586 1067 3641 τῶν

289 3697 302 3723 ι
323 3671 490 3751 θεραπόντων
505 3672 721 3754 έπικατασράξας
736 3672 793 3745 ένα,
810 3675 882 3745 θήσω
905 3672 1066 3749 τὰσώματα

289 3786 301 3812 ιι
321 3762 395 3836 ὑμῶν
409 3757 484 3837 ἅμα,
496 3760 542 3819 καλ
554 3760 632 3841 ρήσω
642 3759 806 3842 κατειληφὼς
820 3762 1025 3842 ἀσχημονοῦσάν
1037 3784 1068 3823 σε

288 3874 302 3902 ι
323 3846 391 3924 μετὰ
411 3853 458 3908 τοῦ
482 3848 575 3908 δούλου
589 3855 786 3928 τετιμωρῆσθαι
800 3851 848 3923 τήν
867 3858 913 3912 τοῖν
927 3856 1067 3929 συγγενοῦς

290 3962 303 3989 ε
321 3935 397 4018 ύόριν
410 3938 617 4018 μετερχόμενος·
631 3938 694 3998 ὥστ’
707 3940 820 4018 αἰσχράν
835 3940 880 3997 καὶ
892 3940 1067 4000 ῖπονείδιστόν

232 4034 260 4074 ⁴⁰
288 4052 300 4079 ι
322 4046 368 4083 σου
378 4026 498 4102 γενέσθαι
509 4027 557 4098 τήν
566 4026 702 4104 τελευτήν,
713 4028 760 4087 καί
772 4027 839 4105 μηδὲ
851 4033 935 4109 ταρῆς
946 4028 977 4087 τὸ
988 4030 1067 4105 σῶμά

289 4141 301 4166 ι
323 4134 370 4171 σου
384 4124 473 4194 τυχεῖν
487 4116 551 4191 μηδ’
563 4119 643 4176 ἄλλου
656 4120 708 4176 τῶν
719 4117 838 4193 νομίμων
851 4116 970 4193 μηδενός·
984 4143 996 4170 ν
1018 4116 1068 4185 Ὦς

289 4198 316 4258 δέ
339 4197 419 4266 πολύς
434 4194 465 4273 ἦν
482 4205 597 4263 ἀπειλῶν
612 4206 634 4264 θ’
654 4204 712 4282 όμα
737 4205 782 4264 καὶ
796 4204 940 4264 ἀντιβολῶν
955 4204 1001 4263 καλ
1015 4207 1067 4265 διο-

288 4282 415 4364 μνύμενος
442 4289 576 4361 ἀληθεύειν
601 4295 653 4351 τῶν
678 4292 828 4372 λεγομένων
862 4292 1001 4374 ἑκάτερον,
1031 4295 1068 4361 εἰς

289 4373 405 4453 ἀνάγκην
421 4365 529 4451 ήλθενὴ
548 4380 699 4461 Λουκρητία
723 4380 869 4463 ροόηθεῖσα
886 4379 933 4453 τήν
950 4382 1011 4464 περὶ
1023 4381 1067 4440 τόν

232 4475 258 4515 ⁴⁶
288 4464 397 4523 θάνατον
414 4464 601 4544 ἀσχημοσύνην
617 4460 684 4538 εἶξαί
704 4472 793 4530 τεκαὶ
812 4471 938 4552 περιϊδεῖν
956 4469 1068 4530 αύτδνθ

286 4561 426 4633 προῃρεῖτο
440 4554 657 4633 διαπραξάμενον.

326 4635 429 4694 Lxlil.
452 4634 571 4716 Ἡμέρας
589 4636 617 4696 δέ
631 4639 783 4717 γενομένης,
796 4642 810 4697 ὁ
822 4640 870 4716 μέν
883 4639 925 4698 ἐπὶ
936 4638 968 4697 τὸ
981 4662 1064 4718 στρα-

287 4721 396 4781 τόπεδον
408 4723 500 4805 ἀπήιε,
519 4728 635 4807 πονηρὰν
658 4728 704 4787 καὶ
720 4728 836 4808 θλέθριον
857 4725 996 4802 ἐπιθυμίαν
1021 4730 1067 4787 ἐκ·

287 4812 484 4889 πεπληρωκώς·
510 4820 527 4888 ἡ
550 4817 578 4876 δέ
605 4817 758 4899 Λουκρητία
780 4820 869 4885 δεινῶς
892 4817 1010 4900 ρέρουσα
1036 4817 1067 4878 τδ

233 4920 260 4960 uo
287 4900 469 4979 ουμύεύηκὸς,
493 4906 528 4972 ὡς
553 4897 608 4987 εἶχε
632 4906 730 4987 τάχους
751 4906 868 4967 ἐπιύθισα
893 4912 941 4979 τῆς
963 4906 1066 4980 ἀπήνης

288 4987 323 5052 et<
337 4985 449 5064 Ῥώμην
465 4984 565 5072 ’ᾤχετο
594 4995 721 5070 μέλαιναν
748 4997 847 5067 ἐσθῆτα
868 4995 1066 5074 περιόαλομένη

287 5070 333 5129 καὶ
350 5071 458 5153 ξιρίδιόν
472 5101 498 5137 τι
517 5081 670 5161 κρύπτουσα
689 5082 739 5141 ὁπδ
751 5088 784 5163 τῇ
798 5086 898 5162 στολῇ,
914 5085 972 5144 ούτε
986 5108 1067 5164 προσ·

288 5159 448 5239 αγορεύουσα
471 5169 539 5229 κατὰ
562 5170 611 5237 τάς
631 5170 801 5242 συναντήσεις
828 5172 922 5231 ούδένα
948 5175 1000 5230 τῶν
1016 5174 1066 5229 ἀσ-

286 5248 451 5327 παζομίνων,
458 5253 512 5313 οὔτ’
524 5256 719 5340 ἀποκρινομένη
731 5267 784 5327 τοῖς
794 5264 885 5337 μαθεῖν
900 5260 1066 5338 βουλομένοις

808 432 978 496 DIONYSll
1000 431 1376 494 HALIGARNASSENSIS

1116 571 1233 624 diderunt
1243 591 1249 621 z
1262 575 1289 624 et
1298 585 1379 623 meam
1388 571 1453 623 banc
1464 572 1603 636 opinionem
1618 572 1672 637 ipsa
1682 575 1825 638 temporum
1835 576 1901 627 ratio

1117 673 1254 726 confirmat.
1287 673 1506 737 collatinusigilur
1515 675 1540 724 in
1552 674 1642 724 castris
1651 679 1710 725 tunc
1719 679 1775 727 erat
1784 680 1825 727 :at
1836 691 1900 727 uxor

1117 777 1186 839 cius,
1199 780 1313 829 matrona
1324 780 1443 839 Romana,
1460 776 1568 828 Lucretii
1582 777 1629 827 riri
1645 776 1749 830 illustris
1763 779 1825 843 iilia,
1836 781 1901 832 Sex·

1117 884 1180 941 lum,
1196 882 1224 930 ut
1237 879 1320 931 mariti
1336 880 1375 930 sui
1385 882 1525 945 cognatum,
1542 881 1647 931 comiter
1661 884 1687 931 et
1704 883 1900 948 amioeexccpii.

1118 985 1187 1033 lianc
1199 980 1335 1043 mulierem,
1349 995 1406 1046 quae
1418 982 1482 1032 inter
1494 985 1617 1034 Romanas
1628 982 1793 1049 pulcherrima
1812 985 1861 1037 luit
1876 990 1902 1037 et

1118 1082 1237 1149 pudicitia
1251 1085 1444 1147 specialissima,
1460 1089 1546 1138 Sextum
1562 1090 1675 1153 stuprare
1694 1102 1825 1154 aggressus
1844 1092 1901 1147 est,

1118 1180 1167 1232 iam
1181 1180 1262 1232 mullo
1272 1184 1330 1232 aute
1345 1181 1408 1233 banc
1424 1198 1476 1234 rem
1485 1187 1604 1247 conatus,
1616 1200 1676 1237 cum
1689 1187 1756 1252 apud
1770 1190 1903 1250 cognatum

1118 1280 1296 1344 deverteretur,
1307 1282 1351 1333 sed
1362 1288 1421 1335 tunc
1430 1285 1466 1336 rei
1478 1285 1622 1351 peragendae
1634 1263 1790 1338 occasionem
1796 1288 1904 1339 mamma

1119 1390 1282 1450 opportunam
1301 1384 1349 1437 sibi
1364 1385 1474 1439 oblatam
1494 1402 1550 1441 esse
1573 1389 1718 1440 arbitratus.
1752 1389 1817 1437 cnm
1837 1386 1903 1439 enim

1120 1494 1176 1555 post
1188 1506 1284 1546 coenam
1297 1494 1433 1545 dormitum
1445 1492 1560 1554 abiisset,
1583 1504 1698 1556 magnam
1710 1487 1791 1541 noctis
1807 1491 1905 1555 partem

1120 1607 1175 1646 sese
1189 1596 1301 1661 capitone
1317 1595 1453 1656 continuit,
1467 1599 1543 1658 alque
1554 1592 1598 1644 ubi
1609 1605 1695 1643 omnes
1709 1592 1803 1657 sopitos
1817 1592 1903 1643 eristi·

1120 1699 1211 1760 mavit,
1228 1699 1351 1761 annexit,
1368 1703 1393 1752 et
1406 1698 1547 1750 cubiculum
1561 1696 1648 1763 petiit,
1664 1694 1689 1745 ln
1701 1709 1752 1761 quo
1762 1696 1904 1747 Lucretiam

1121 1795 1228 1847 dormire
1247 1797 1339 1848 sciebat
1356 1815 1362 1846 ε
1380 1801 1407 1848 et
1429 1797 1493 1847 clam
1514 1794 1660 1847 ianitoribus
1678 1793 1723 1858 qui
1740 1792 1773 1845 ad
1793 1793 1901 1845 cubiculi

1121 1896 1219 1949 ianuam
1232 1897 1401 1961 dormiebant,
1411 1897 1498 1949 stricto
1507 1896 1590 1962 gladio
1598 1897 1726 1961 ingressus
1739 1898 1784 1947 est.

1152 2001 1226 2049 Lllli.
1243 2001 1307 2050 cum
1321 2002 1404 2050 autern
1426 1999 1458 2050 ad
1480 2001 1570 2050 leolum
1590 1998 1747 2060 accessisent,
1767 2002 1794 2049 et
1816 1997 1905 2048 mulier

1121 2092 1229 2144 excitata
1247 2097 1313 2144 esset
1331 2091 1481 2156 simulatque
1492 2091 1623 2156 strepitum
1643 2089 1906 2152 nunnamenster

1120 2188 1234 2251 quisnam
1245 2191 1323 2248 esset,
1337 2186 1390 2245 ille,
1402 2198 1449 2239 suo
1457 2186 1556 2236 nornlne
1566 2184 1647 2246 dicto,
1658 2182 1732 2234 iussit
1750 2196 1805 2234 eam
1817 2187 1903 2233 lacera

1122 2283 1148 2329 et
1163 2279 1189 2330 in
1201 2279 1316 2331 cubiculo
1334 2294 1447 2342 manere,
1463 2280 1557 2331 caedem
1573 2278 1620 2343 lpsi
1634 2277 1758 2338 minatus,
1773 2278 1794 2327 si
1807 2276 1848 2327 rel
1860 2276 1904 2325 lu·

1120 2382 1176 2433 gere
1189 2370 1228 2421 rel
1240 2370 1369 2422 uociferari
1385 2383 1446 2422 ausa
1457 2374 1532 2422 esset.
1566 2372 1619 2420 llac
1632 2369 1726 2420 ratione
1737 2364 1833 2418 mulieri
1847 2380 1905 2432 per·

1121 2462 1213 2514 territae
1228 2463 1291 2514 duas
1304 2463 1418 2528 optiones
1434 2463 1525 2515 obtulit
1543 2484 1549 2514 ι
1569 2476 1677 2527 quarum
1697 2463 1814 2523 alteram,
1828 2475 1905 2526 quam

1121 2552 1220 2614 mallet,
1241 2552 1331 2616 eligere
1345 2551 1431 2613 lussit;
1451 2556 1497 2604 aut
1514 2555 1620 2603 mortem
1636 2566 1694 2603 curn
1713 2550 1847 2611 dedecore,
1860 2555 1906 2603 aut

1121 2643 1197 2694 ritem
1211 2644 1349 2694 cumomni
1370 2643 1488 2696 felicitate
1506 2644 1672 2695 coniunctam.
1709 2663 1721 2686 ι
1738 2642 1764 2694 sl
1776 2644 1841 2695 enim
1854 2643 1904 2705 (in-

1122 2758 1133 2782 ι
1152 2738 1220 2802 quit)
1233 2738 1293 2789 mibi
1305 2738 1393 2789 cedere
1407 2737 1528 2799 volueris,
1542 2751 1646 2788 uxorem
1657 2741 1683 2788 te
1692 2736 1798 2800 ducam,
1812 2740 1838 2788 et
1849 2750 1906 2787 me-

1123 2853 1134 2876 «
1153 2847 1211 2884 cum
1225 2834 1349 2898 regnabis3
1364 2847 1429 2883 nunc
1441 2831 1542 2896 quidem
1552 2833 1576 2882 iu
1588 2832 1659 2893 urbe,
1674 2846 1750 2896 quarn
1762 2835 1833 2896 pater
1843 2833 1906 2881 mibi

1124 2945 1135 2969 ι
1153 2925 1234 2987 dedit,
1244 2941 1274 2976 ac
1283 2931 1338 2991 post
1348 2925 1401 2978 eius
1411 2906 1517 2978 mortem
1527 2964 1533 2986 ‚
1545 2928 1711 2977 Romanorum
1725 2928 1752 2976 et
1760 2912 1906 2976 latinorum

1122 3039 1135 3065 ι
1153 3024 1178 3071 et
1188 3021 1373 3084 Tyrrhenorum
1382 3020 1518 3071 etaliarum
1530 3019 1649 3084 gentium,
1663 3008 1852 3083 quibuscunque
1864 3020 1906 3070 ille

1123 3134 1135 3157 ιι
1152 3116 1270 3179 imperat,
1289 3113 1417 3164 dominatu
1442 3127 1541 3164 mecum
1561 3113 1659 3165 frueris.
1693 3113 1750 3164 Scio
1773 3112 1840 3164 enim
1864 3126 1906 3163 me

1122 3227 1134 3252 ιι
1152 3213 1282 3273 paternum
1303 3221 1403 3272 regnum
1431 3206 1590 3269 habiturum,
1614 3206 1826 3271 quemadmodum
1852 3205 1906 3271 ipsa

1121 3321 1134 3345 ι
1152 3300 1258 3365 aequitas
1270 3300 1389 3366 postulat,
1402 3299 1470 3363 quod
1491 3302 1602 3351 ornuium
1622 3300 1676 3350 eius
1693 3299 1826 3350 liberorum
1844 3303 1905 3352 natu

1122 3416 1135 3441 ιι
1152 3397 1276 3447 maximus
1290 3409 1355 3446 sum.
1389 3399 1451 3454 Quae
1464 3409 1523 3445 raro
1535 3394 1600 3445 bona
1613 3395 1711 3459 regibus
1724 3395 1788 3457 sint,
1798 3409 1906 3458 quorum

1122 3511 1134 3536 ιι
1154 3492 1263 3543 omniurn
1275 3496 1304 3541 tu
1312 3503 1409 3541 mecum
1418 3489 1585 3550 eumdumius,
1595 3489 1654 3553 quid
1664 3502 1727 3553 opus
1738 3492 1777 3540 est
1788 3492 1816 3540 te
1828 3489 1905 3554 probe

1123 3601 1135 3625 a
1153 3593 1253 3644 gnaram
1264 3577 1369 3630 docere?
1380 3577 1447 3641 quod
1459 3578 1480 3628 si
1490 3590 1550 3629 vero
1561 3577 1622 3628 mibi
1630 3577 1745 3628 resistere
1753 3580 1841 3628 conata
1854 3578 1906 3628 iue-

1122 3689 1134 3714 ι
1152 3671 1196 3732 ris,
1222 3668 1350 3720 servandae
1370 3667 1494 3731 pudicitie
1513 3667 1610 3728 studio,
1624 3671 1649 3718 ta
1664 3667 1827 3730 interficiam
1840 3681 1905 3732 prce·

1123 3777 1137 3806 ι
1152 3765 1236 3820 terea,
1250 3757 1362 3821 iugulato
1373 3771 1423 3807 uno
1434 3757 1466 3808 de
1480 3758 1572 3816 serub,
1586 3760 1669 3807 restra
1681 3769 1785 3821 corpora
1796 3755 1904 3807 coniun-

1122 3866 1135 3892 ι
1151 3860 1216 3912 gam,
1228 3848 1254 3897 et
1265 3845 1347 3896 dicam
1362 3849 1388 3896 te
1401 3846 1427 3896 iu
1439 3847 1506 3910 turpi
1518 3845 1641 3897 adulterio
1652 3858 1710 3897 cum
1725 3858 1798 3896 servo
1812 3845 1905 3909 depre-

1122 3956 1135 3981 ι
1151 3936 1255 3988 ιιειιειιιιι
1269 3948 1354 4000 poetias
1370 3934 1430 3984 milri
1446 3935 1560 3985 iniuriam
1574 3935 1672 3998 cognati
1684 3934 1839 3998 persequenti
1858 3932 1905 3983 de-

1122 4044 1135 4069 «
1152 4024 1231 4087 diase;
1247 4025 1282 4075 ita
1294 4026 1324 4074 ul
1335 4024 1412 4087 turpis
1426 4026 1452 4074 et
1465 4022 1583 4086 probrosa
1593 4035 1660 4073 mors
1678 4026 1723 4073 tua
1731 4021 1815 4072 lutura
1826 4021 1868 4078 sit,
1880 4027 1905 4071 et

1124 4129 1135 4153 ι
1154 4123 1245 4175 corpus
1260 4112 1332 4159 tuum
1343 4120 1422 4170 neque
1434 4107 1596 4171 sepulturam,
1608 4120 1691 4170 neque
1706 4105 1843 4170 quidquem
1859 4119 1905 4157 eo·

1124 4219 1136 4243 ιι
1153 4213 1219 4261 rum,
1232 4211 1289 4263 quaa
1306 4196 1429 4247 defunctis
1445 4195 1499 4246 dari
1515 4195 1604 4257 solent,
1622 4195 1656 4245 sit
1669 4199 1871 4247 consecuturum.
1890 4218 1903 4239 ν

1123 4290 1205 4345 Quare
1218 4286 1251 4336 ad
1272 4286 1351 4335 minus
1368 4287 1395 4335 et
1407 4296 1491 4348 preces
1512 4284 1586 4336 simul
1608 4283 1719 4335 adbibilo
1731 4283 1903 4343 iureiurando,

1121 4392 1172 4442 quo
1184 4377 1316 4428 alllrmarit
1332 4390 1360 4427 se
1379 4376 1461 4427 omnia
1478 4377 1543 4427 serio
1567 4391 1597 4428 ae
1612 4376 1779 4437 veredicum,
1792 4377 1906 4430 Lucretia

1122 4469 1208 4516 coacta
1222 4470 1273 4527 est,
1296 4465 1383 4516 mortis
1400 4465 1569 4529 ignominiosa
1590 4469 1673 4528 metu,
1693 4465 1782 4516 cedere
1806 4470 1832 4517 et
1855 4467 1907 4531 pati

1122 4555 1191 4606 illum
1205 4566 1319 4619 peragere
1330 4553 1398 4619 quod
1410 4554 1456 4620 ipsi
1471 4554 1592 4607 libuisset.

1154 4643 1238 4692 Lllvl.
1258 4644 1341 4699 Quum
1357 4644 1442 4692 autem
1455 4641 1508 4693 dies
1523 4642 1659 4706 illuxisset,
1676 4643 1717 4693 ille
1731 4646 1757 4694 in
1770 4645 1906 4695 castrare·

1122 4731 1180 4793 diii,
1194 4730 1288 4781 nefaria
1302 4734 1329 4781 et
1338 4731 1475 4795 perniciosa
1488 4731 1589 4783 libidine
1603 4733 1699 4785 satiata.
1733 4732 1903 4791 Albucretia.

1122 4834 1208 4872 casum
1225 4819 1353 4884 egerrime
1369 4820 1464 4882 terens,
1480 4823 1574 4884 quanta
1592 4821 1700 4871 maxima
1718 4821 1800 4886 potuit
1817 4821 1905 4873 celeri·

1117 4912 1173 4959 ‘tate
1186 4906 1330 4959 conscendit
1347 4911 1492 4972 carpentum
1515 4912 1540 4959 el
1551 4912 1654 4961 Romam
1675 4909 1761 4974 petiit,
1778 4909 1826 4959 sub
1836 4911 1905 4959 reste

1121 5002 1175 5050 atra
1189 4998 1297 5050 cultrum
1307 4997 1451 5061 occultans,
1465 5012 1545 5063 neque
1563 5001 1589 5051 iu
1608 5001 1661 5065 ipso
1681 5000 1769 5051 itinere
1785 5000 1904 5064 cuiquam

1122 5084 1240 5137 salutanti
1258 5086 1363 5137 salutem
1378 5087 1495 5150 reddens,
1508 5101 1589 5151 neque
1611 5088 1762 5154 respondeus
1776 5087 1842 5139 scira
1862 5099 1905 5136 νο

1122 5176 1229 5228 lentibus
1248 5178 1366 5242 quidnam
1391 5179 1437 5243 ipsi
1451 5178 1597 5239 accidisset3
1616 5180 1661 5230 sed
1682 5178 1862 5243 cogitabunda,
1879 5181 1904 5229 et

1121 5280 1173 5331 pra
1183 5279 1288 5318 merore
1304 5268 1402 5318 ruitum
1418 5266 1569 5328 demittens,
1584 5266 1720 5331 oculosque
1742 5266 1902 5317 lacrimarum
