4052 5926
664 366 960 442 ANTIQUITATUM
979 366 1128 431 Romen.
1153 368 1228 431 LlB.
1252 368 1303 434 VI.
1724 380 1784 441 375

167 504 275 579 ἐποίησε
290 506 446 585 νομισθῆναι
459 502 508 571 τήν
523 497 661 583 ἐπίφθονον
685 499 783 580 ἀρχήν.
814 499 945 561 Ἔπιόαλ·
995 509 1100 577 jestntis
1115 511 1186 576 plena
1207 513 1399 566 existimaretur.
1434 516 1570 579 aggressus
1588 520 1672 568 autem
1685 517 1718 570 de
1732 518 1788 572 iure

167 596 274 675 λόμςνος
291 592 319 653 el
331 589 427 674 [τοῦς]
440 590 502 671 περὶ
515 595 562 650 τοῦ
577 589 680 650 δικαίου
693 594 827 649 ποιεῖσθαι
841 589 945 669 λόγους,
1000 599 1139 661 disserere,
1152 603 1177 651 et
1195 601 1269 651 modo
1286 603 1450 666 teneratores,
1466 604 1533 667 quud
1552 605 1662 657 crudelia
1678 611 1705 659 et
1716 591 1788 660 inhu-

168 684 214 742 καί
226 682 259 743 τά
281 680 329 761 γεέν
352 689 405 746 τοῖς
425 682 595 745 δανειστικοῖς
612 678 746 754 ἀγκαλῶν,
764 682 800 745 ὡς
819 677 883 754 ὧμά
900 679 946 737 καλ
1000 702 1074 738 mana
1086 687 1193 738 facinora
1208 691 1404 752 perpetrassent,
1427 689 1559 753 incusans;
1576 693 1652 745 modo
1663 708 1786 761 pauperes

168 770 332 852 ἀπάνθρωπα
356 766 614 846 διαπεπραγμένοις,
637 766 671 823 τά
693 764 721 824 δέ
745 770 798 823 τῶν
825 766 946 838 πενήτων
1000 777 1179 842 perstringens,
1198 777 1266 841 quod
1279 776 1362 840 iniqua
1377 778 1545 842 postularent,
1566 782 1627 832 dum
1643 785 1746 837 mallent
1759 787 1787 839 vi

129 880 144 919 s
167 858 382 938 καθαπτόμενος,
406 859 442 925 ὥς
459 858 488 916 ού
505 854 613 923 δικαίως
624 853 765 923 ἀξιούντων
781 857 827 934 βία
843 857 946 933 μᾶλλον
1000 880 1077 935 quam
1096 867 1175 930 gratia
1189 880 1239 917 sere
1262 866 1342 918 alieno
1355 867 1468 929 liberari,
1494 871 1520 920 et
1538 872 1605 935 quod
1628 873 1696 925 haud
1717 881 1785 928 recte

169 952 291 1029 ἀφεῖσθαι
313 951 365 1006 τῶν
379 944 566 1027 ὀφειλημάτων
590 943 609 1016 ἢ
632 943 743 1025 χάριτι,
769 945 816 1002 καὶ
840 947 876 1011 ὡς
898 942 947 1014 τήν
1000 954 1098 1006 senatui
1112 955 1201 1005 intensi
1214 959 1343 1019 essent,n
1362 969 1412 1031 qno
1432 956 1493 1008 nillil
1512 958 1632 1012 moderati
1654 966 1698 1013 aut
1717 965 1785 1028 utqui

171 1039 267 1120 βουλὴν
283 1039 330 1097 ούκ
344 1038 425 1117 ὀρθῶς
445 1038 479 1095 δι’
495 1035 574 1114 ἀργῆς
589 1033 703 1114 ἐχόντων
722 1033 821 1113 ἐπλτῷ
837 1032 948 1110 μηθενδς

1004 1047 1104 1107 possent
1116 1045 1263 1108 impetrare,
1285 1045 1460 1110 potiusquam
1483 1047 1543 1110 ipsis
1553 1048 1608 1098 eius
1627 1049 1663 1099 rei
1675 1052 1787 1103 anctori-

169 1132 222 1187 τιῦν
234 1125 346 1207 μετρίων
357 1127 421 1204 παρ’
434 1126 513 1196 αὐτῆς
518 1121 669 1203 τυγχάνειν,
682 1122 783 1196 μᾶλλον
793 1121 809 1192 ἢ
819 1122 879 1202 οὐχὶ
890 1121 948 1188 τοῦς
1001 1131 1063 1185 θυαε
1077 1131 1102 1180 et
1112 1136 1216 1181 mustus
1237 1130 1408 1183 demonstrare
1428 1135 1543 1198 exiguam
1560 1148 1616 1186 esse
1628 1135 1706 1200 plebis
1726 1152 1787 1202 par-

171 1215 274 1282 αἷτίους·
288 1210 452 1294 πειρώμενός
466 1213 490 1271 τ’
509 1209 666 1292 ἀποφαίνειν
688 1209 775 1290 βραχὺ
800 1209 851 1286 μὲν,
864 1208 948 1289 ύπάρ-

118 1330 145 1368 ιιι
170 1326 217 1384 χον
232 1308 277 1362 τοῦ
293 1303 378 1377 δήμου
390 1302 420 1360 τὸ
446 1300 483 1379 μὴ
504 1298 573 1360 κατά
588 1298 697 1376 γνώμην
716 1298 839 1374 ἀδικοῦν,
855 1298 908 1356 ὑπὸ
922 1296 948 1356 δὲ

174 1391 271 1469 μήκους
289 1389 401 1468 ἀπορίας
417 1386 618 1468 ἠναγκασμένον
634 1388 765 1446 αἰτεῖσθαι
779 1385 827 1456 τήν
844 1383 949 1466 ἀφεσιν,

170 1481 200 1538 τ“ο
213 1478 241 1539 δέ
254 1482 346 1538 πλεῖον
362 1478 493 1554 ἀκολασίᾳ
507 1478 554 1537 καί
569 1474 645 1557 θόρει
665 1475 711 1535 καλ
727 1477 766 1555 τῷ
779 1474 839 1534 καθ’
857 1474 951 1546 ἡδονὰς

171 1574 217 1641 ζῆν
233 1568 349 1650 ἐφεικὸς,
365 1568 410 1627 καὶ
425 1568 459 1626 δι’
474 1566 597 1649 ἁρπαγῆς
613 1568 708 1625 ἐκτῶν
723 1563 868 1642 ἀλλοτρίων
883 1566 950 1636 ὖπη·

173 1659 254 1738 ρετεῖν
271 1665 329 1724 ταῖς
348 1656 497 1733 ἐπιθυμίαις
519 1654 788 1736 παρεσκευασμένον,
805 1652 952 1734 διακρίνεσ-

115 1776 143 1816 ις
173 1748 216 1806 θαί
235 1770 263 1805 τε
281 1746 398 1821 οἰόμενος
410 1747 463 1804 δεῖν
475 1745 527 1804 ἀπὸ
540 1751 593 1806 τῶν
607 1746 725 1804 ἐλεεινῶν
742 1742 775 1801 τά
786 1741 890 1824 πονηρά
906 1741 952 1802 καί

102 1872 107 1879 ·
172 1836 227 1895 ἀπὸ
242 1838 294 1893 τῶν
305 1835 499 1917 φιλανθρωπίας
517 1832 648 1908 δεομένων
664 1834 697 1893 τά
711 1830 803 1911 μίσους
816 1831 890 1906 ἀξια,
906 1830 953 1890 καί

172 1922 305 1989 τοιούτους
321 1921 392 1990 τινὰς
417 1923 510 1989 ἀλλους
535 1922 711 2001 διατιθέμενος
735 1923 826 1999 λόγους
847 1922 953 1993 ἀληθεῖς

173 2011 240 2085 μίν,
254 2011 305 2090 ούχ
319 2010 403 2068 ἅπασι
417 2009 445 2067 δὲ
459 2013 512 2078 τοῖς
526 2010 650 2070 ἀκούουσι
669 2008 893 2090 κεχαρισμένους,
905 2010 954 2068 οὐκ

173 2100 287 2171 ἔπειθεν,
303 2099 373 2156 ἀλλά
390 2103 465 2179 θροῦς
479 2090 511 2171 ήν
527 2101 567 2179 ἐφ’
588 2099 693 2181 ἑκάστῳ
713 2097 811 2172 πολὺς,
831 2098 877 2157 καλ
900 2099 952 2157 τῶν

117 2215 147 2259 -20
178 2188 225 2258 μὲν
238 2187 431 2266 ἀγανακτήσεις
447 2192 482 2256 ὡς
498 2188 698 2267 ἐξαιμάττοντος
715 2189 762 2257 τάς
776 2187 879 2258 λύπας,
899 2191 952 2246 τῶν

176 2279 198 2336 δ’
216 2275 416 2354 ἐξομολογήσεις
426 2279 460 2343 ὥς
475 2277 549 2336 ούδέν
561 2278 613 2335 τῶν
626 2278 731 2350 ἀληθῶν
746 2274 955 2357 ἀποκρυπτομέ-

174 2388 230 2429 νου,
274 2363 408 2426 Έλαττον
427 2366 455 2425 δέ
477 2367 569 2446 πολλῷ
589 2371 666 2425 τοῦτο
679 2356 712 2438 ήν
727 2365 836 2446 θατέρου
851 2363 882 2424 τὸ
906 2362 955 2441 μέ-

178 2479 236 2534 ρος,
249 2453 312 2515 ὥστ’
324 2454 481 2534 ἠφανίζοντο
505 2458 544 2536 τῷ
564 2456 675 2536 πολλῷ,
696 2453 742 2515 καλ
762 2458 855 2535 περιῆν
877 2458 955 2526 ἡτοῦ

176 2548 384 2621 ἀγανακτοῦντος
398 2545 456 2625 βοή.

118 2656 148 2698 es
217 2634 359 2694 Lllililll.
384 2633 482 2712 Ὀλίγα
500 2633 528 2692 δέ
545 2632 648 2701 τούτοις
674 2633 712 2692 ἔτι
731 2632 887 2713 προσθέντος
908 2634 955 2690 τοῦ

177 2723 314 2799 Λαρκίου,
351 2721 397 2781 καὶ
424 2726 472 2793 τῆς
507 2722 694 2790 ἐπανατάσεως
719 2722 804 2780 αὐτῶν
828 2717 875 2779 καλ
909 2721 956 2789 τῆς

177 2812 337 2888 προπετείας
360 2814 413 2870 τῶν
429 2810 619 2891 βουλευμάτων
640 2810 850 2890 καθαψαμένου,
868 2830 954 2888 παρα·

174 2898 265 2958 λαόιλν
281 2900 325 2960 τὸν
339 2900 415 2978 λόγον
444 2903 514 2960 δτοῦ
538 2898 623 2975 δήμου
647 2895 819 2980 προεστηκὼς
834 2898 893 2956 τότε
909 2898 956 2957 Σι·

175 2988 288 3067 κίννιος,
302 2987 342 3047 ἔτι
364 2990 465 3066 μᾶλλον
492 2988 619 3069 ἐτράχυνε
631 2987 678 3055 τάς
693 2986 771 3066 όργθις
794 2988 895 3058 αύτῶν,
911 2984 957 3044 λέ·

117 3108 147 3143 en
176 3100 239 3155 γιον·
254 3078 326 3146 «Ὡς
339 3082 370 3139 ἐκ
392 3077 491 3138 τούτων
517 3076 550 3136 ἀν
565 3078 684 3136 δύναιντο
705 3078 822 3154 μάλιστα
843 3079 895 3133 τῶν
909 3074 957 3135 λό-

176 3194 189 3219 «
205 3193 258 3248 γων
283 3169 462 3245 καταμαθεῖν,
485 3157 540 3226 οἶαι
563 3165 640 3244 τιμαί
662 3166 709 3227 καλ
735 3166 841 3247 χάριτες
866 3163 957 3231 αιίτοῦς

176 3256 374 3325 ιθποδεῖονται
398 3256 574 3323 κατελθόντας
600 3258 635 3323 είς
662 3254 711 3328 τήν
734 3254 860 3334 πατρίδα.
908 3244 958 3318 OT<

177 3373 189 3397 ι
203 3344 255 3424 γάρ
277 3348 304 3405 έν
329 3347 403 3425 ἀκμῇ
430 3348 484 3404 τῶν
501 3346 591 3404 δεινῶν
613 3334 671 3405 οῦσι
695 3343 740 3403 καὶ
763 3342 893 3419 δεομένοις
911 3348 958 3415 τῆς

177 3431 278 3512 ιπαρά
304 3437 350 3492 τοῦ
367 3434 452 3510 δήμου
478 3431 599 3512 βοηθείας
622 3433 668 3491 καὶ
684 3432 728 3491 ἐπὶ
750 3436 828 3490 τοῦτο
847 3430 956 3501 ἥκουσιν

119 3544 150 3583 αα
179 3521 264 3581 ιούδέ
290 3527 335 3580 νῦν
363 3523 506 3604 ἐπέρχεται
536 3521 658 3602 μετρίους
680 3520 727 3580 καὶ
759 3522 957 3600 φιλανθριίιπους

180 3617 340 3671 «ποιεῖσθαι
356 3610 460 3690 λόγους,
483 3611 542 3670 τίνα
555 3610 609 3692 χρὴ
634 3611 719 3668 δοκεῖν
738 3610 957 3687 παραστήσεσθαι

180 3726 193 3750 ι
209 3699 335 3773 διάνοιαν,
347 3702 409 3760 όταν
423 3703 511 3767 αὐτοῖς
523 3699 586 3758 κατ’
597 3697 691 3759 ἐλπίδα
705 3695 817 3777 χωρήσῃ
831 3697 865 3753 τδι
877 3696 959 3774 πράγ·

182 3816 194 3837 ·
208 3812 296 3864 ματα,
321 3789 366 3848 καλ
380 3788 488 3869 γίνηται
505 3787 541 3849 τά
555 3793 600 3847 νῦν
622 3786 778 3868 δύριζόμενα
800 3795 852 3852 τοῖς
872 3784 959 3862 λόγοις

179 3876 346 3957 «ὑποχείρια
372 3884 425 3943 τοῖς
448 3876 549 3956 ίργοις;
570 3874 646 3941 ποίας
665 3871 844 3955 ὑπερηφανίας
865 3871 959 3939 αὐτοὺς

117 3994 150 4034 ςο
179 3993 192 4018 ι
207 3965 363 4046 ἀφίξεσθαι,
378 3963 455 4032 ποίας
472 3964 576 4037 αέκίας,
597 3963 674 4030 ποίας
687 3960 823 4038 ιιίμότητος
837 3983 959 4042 τυραννι-

179 4081 192 4105 ι
204 4058 268 4127 αῆς;
284 4054 343 4113 ἀλλ’
357 4055 380 4112 εέ
395 4052 443 4131 μὲν
463 4056 525 4129 ὑμῖν
542 4051 648 4132 ἀπόχρη
666 4050 796 4109 δουλεύειν
814 4048 902 4108 πάντα
915 4048 960 4108 τὸν

179 4170 192 4197 ιι
204 4148 250 4202 τοῦ
263 4144 322 4220 βίου
342 4141 436 4222 χρόνον
449 4142 594 4220 δεδεμένοις
606 4140 651 4200 καλ
667 4136 896 4219 μαστιγουμένοις,
914 4135 960 4196 καί

179 4258 191 4285 ι
206 4234 284 4310 πυρί,
299 4230 346 4292 καὶ
357 4232 469 4313 σιδήρῳ,
482 4231 527 4290 καλ
540 4232 622 4311 λιμῷ,
637 4228 684 4289 καὶ
698 4227 771 4307 πάσῃ
788 4225 864 4307 λιύόῃ
876 4227 961 4287 ἀπολ-

178 4348 191 4374 «
205 4321 347 4398 λυμένοις,
369 4320 407 4396 μή
422 4318 528 4401 τρίόετε
551 4320 594 4378 τὸν
616 4317 728 4399 χρόνον,
744 4315 813 4376 ἀλλά
834 4313 867 4373 τά
889 4316 961 4375 ὅπλα

177 4437 192 4464 ιι
210 4410 333 4491 ῥίψαντές
351 4410 443 4469 τεκαὶ
464 4409 502 4469 τιλι
526 4419 599 4489 χεῖρε
622 4406 825 4488 περιαγαγόντες
851 4408 961 4464 ἀκολου-

179 4525 193 4552 ι
208 4499 276 4557 θεῖτε
291 4499 393 4565 αὐτοῖς.
444 4500 480 4560 Et
504 4499 532 4561 δέ
556 4503 604 4570 τῆς
629 4497 774 4579 ἐλευθερίας
787 4496 886 4556 ἔνεστιν
900 4498 962 4574 ὑμῖν

179 4612 193 4639 ι
206 4613 246 4657 τις
255 4591 348 4661 πόθος,
358 4586 397 4664 μή
408 4586 529 4667 ἀνέχεσθ’
541 4588 639 4645 αύτῶν·
656 4588 730 4664 ὑμεῖς
741 4610 779 4661 τε,
793 4574 815 4645 ὦ
827 4583 961 4664 πρέσύεις,

181 4701 195 4726 ι
208 4674 328 4750 ἢλὲγετε
342 4671 382 4754 ἐφ’
397 4661 434 4739 οἷς
446 4673 552 4732 καλεῖτε
564 4677 637 4749 ἡμᾶς
652 4672 777 4744 δικαίοις,
791 4669 810 4742 ἢ
823 4671 862 4748 μὴ
877 4670 964 4749 λε’γον·

182 4789 196 4815 ι
209 4785 252 4829 τες
264 4765 294 4821 ἐκ
307 4766 354 4834 τῆς
366 4759 509 4834 ἐκκλησίας
521 4760 608 4821 ἀπιτε·
623 4762 653 4817 ού
665 4759 716 4838 γάρ
728 4760 759 4817 ἂν
774 4757 813 4816 ἔτι
825 4758 964 4834 μεταδοίη·

116 4886 149 4922 m
181 4874 257 4928 «μιν
272 4851 333 4928 ύμῖν
347 4848 437 4928 λόγω.
459 4875 473 4902 ν

225 4938 392 5001 Lllllillll.
416 4936 468 5006 Ὡς
488 4937 511 4997 δ’
525 4934 673 5008 ἐπαύσατο,
686 4933 782 4998 πάντες
797 4935 821 4992 οἱ
836 4932 963 5014 παρόντες

179 5027 383 5108 ἀπιθορύόησαν
401 5030 437 5094 ὡς
457 5030 491 5086 τά
513 5026 605 5086 δύοντα
627 5022 806 5103 λελογισμένῳ
827 5047 962 5100 συγκατα-

182 5116 324 5196 τιθέμενοι.
359 5114 415 5177 ltat
429 5115 497 5193 μετά
511 5118 589 5174 τοῦτο
607 5112 719 5192 ἡσυχίας
739 5111 891 5191 γενομένης,
906 5116 963 5174 Ms-

183 5204 270 5276 νήνιος
283 5202 445 5286 Ἀγρίππας,
458 5203 541 5288 ὅσπερ
555 5203 601 5264 καλ
613 5201 673 5270 τοὺς
685 5205 711 5262 ἐν
723 5225 757 5283 τη
774 5203 856 5283 βουλῇ
871 5201 963 5280 λόγους

1003 1223 1054 1269 tem
1078 1231 1137 1283 ane
1154 1218 1232 1268 invita
1243 1224 1369 1283 peccaret,
1387 1224 1414 1270 et
1425 1234 1482 1284 qum
1503 1235 1591 1286 magna
1608 1237 1692 1275 rernm
1706 1226 1789 1291 inopia

1003 1310 1091 1358 coacte
1104 1305 1161 1357 reris
1179 1305 1254 1356 alieni
1273 1307 1443 1358 reinissiouem
1466 1312 1576 1374 peteret,
1599 1311 1654 1363 sed.
1667 1313 1787 1364 maiorem

1005 1399 1102 1462 partem
1115 1394 1259 1459 petulantias
1274 1397 1302 1447 ct
1314 1395 1453 1448 insolentie
1465 1401 1491 1447 et
1503 1399 1660 1464 voluptuario
1671 1401 1730 1452 vitra
1743 1415 1787 1464 ge·

1005 1486 1060 1538 neri
1073 1485 1184 1537 deditam
1203 1499 1276 1549 esse,
1296 1499 1327 1536 ac
1351 1489 1463 1551 paratam
1482 1488 1515 1538 ad
1531 1488 1717 1542 inserviendum
1735 1491 1788 1541 suis

1005 1573 1184 1639 cupiditatibus
1199 1587 1243 1638 per
1264 1575 1362 1638 rapinas
1385 1561 1469 1627 rerum
1485 1576 1637 1639 alienarum,
1652 1578 1790 1630 discernen-

1006 1663 1102 1727 dosqne
1114 1675 1218 1713 censens
1237 1663 1363 1727 improbos
1374 1678 1390 1713 a
1403 1664 1569 1727 calamitosis,
1583 1668 1609 1715 et
1625 1665 1682 1715 odio
1702 1665 1790 1731 dignos

1007 1751 1040 1803 ab
1055 1750 1122 1811 illis,
1136 1751 1180 1814 qui
1193 1750 1345 1801 humanitate
1363 1751 1506 1816 indigeant,
1526 1756 1552 1804 et
1564 1753 1612 1804 alia
1627 1755 1743 1819 quedam
1763 1755 1791 1806 ln

1008 1842 1072 1892 banc
1087 1838 1234 1890 sententiam
1247 1838 1348 1890 loeutus
1366 1844 1442 1903 (vera
1459 1841 1502 1892 illa
1513 1841 1634 1904 quidem,
1649 1842 1694 1892 sed
1706 1844 1789 1893 tamen

1008 1945 1058 1983 nen
1067 1931 1136 1995 grata
1150 1926 1267 1985 omnibns
1278 1928 1310 1979 iis
1321 1931 1364 1995 qni
1379 1942 1410 1980 ea
1423 1929 1584 1995 audiebant),
1593 1929 1649 1980 boec
1663 1928 1729 1994 plebi
1739 1939 1793 1993 per·

1007 2020 1115 2074 suadere
1124 2028 1173 2066 nnn
1189 2017 1300 2078 poterat,
1310 2018 1353 2068 sed
1364 2018 1450 2082 ingens
1458 2017 1615 2069 murmurati
1627 2017 1723 2082 singula
1735 2027 1792 2079 qnos

1009 2111 1109 2164 dicebat
1121 2107 1300 2170 oriebatur3et
1320 2108 1363 2159 alii
1376 2109 1573 2174 indignabantur,
1593 2110 1661 2173 quod
1679 2110 1793 2161 suosdo·

1007 2201 1074 2252 lorea
1086 2195 1223 2256 refricaret,
1229 2194 1272 2247 elii
1282 2200 1366 2260 aperte
1372 2196 1564 2261 confitebantur,
1576 2199 1644 2262 quod
1654 2200 1790 2250 veritatem

1008 2286 1108 2339 minime
1122 2282 1221 2334 celaret.
1235 2284 1296 2332 llaec
1308 2287 1392 2334 autem
1406 2297 1464 2348 pars
1474 2284 1546 2348 longe
1558 2286 1639 2336 ιιιίιιοτ
1648 2288 1704 2337 erat
1716 2299 1791 2349 quam

1010 2374 1096 2433 altera,
1107 2372 1142 2421 ita
1159 2372 1187 2419 ut
1203 2367 1362 2421 multitudine
1373 2370 1557 2433 obscuraretur,
1576 2374 1602 2423 ct
1614 2373 1793 2438 indignantium

1011 2474 1069 2527 pars
1078 2459 1186 2510 elamore
1207 2461 1341 2521 superaret.

1043 2642 1158 2693 tllllllll.
1173 2641 1329 2691 Cumautem
1343 2639 1441 2690 Lentim
1457 2651 1536 2703 pauca
1551 2637 1697 2702 addidisset,
1712 2640 1738 2689 et
1749 2652 1792 2690 eo·

1010 2753 1068 2790 rum
1085 2736 1248 2787 secessionem
1266 2737 1292 2783 et
1310 2732 1469 2783 consiliorum
1488 2732 1654 2785 temeritatem
1674 2732 1794 2797 perstrin-

1011 2830 1090 2881 xisset
1100 2867 1107 2889 ,
1118 2830 1178 2877 tunc
1192 2823 1314 2887 Sicinius,
1336 2823 1416 2888 plebis
1429 2825 1493 2886 dux,
1508 2825 1561 2875 eius
1576 2824 1654 2876 verba
1670 2824 1794 2889 excipiens

1012 2926 1091 2978 multo
1106 2922 1184 2987 magis
1205 2935 1293 2973 eorum
1315 2921 1411 2972 animos
1422 2921 1586 2986 exasperavit,
1600 2919 1684 2972 dicens
1698 2933 1705 2966 ι
1719 2939 1732 2963 ι
1747 2922 1796 2970 lios

1013 3040 1026 3065 ι
1041 3033 1070 3071 ex
1083 3017 1123 3070 his
1132 3015 1215 3069 verbis
1232 2996 1357 3081 praecipue
1376 3029 1450 3080 posse
1461 3028 1619 3079 cogrnoscere,
1634 3016 1734 3078 quinem
1747 2992 1802 3064 lno-¹

1014 3130 1026 3161 ι
1039 3124 1113 3163 nores
1124 3112 1150 3162 et
1164 3123 1221 3176 qua
1232 3108 1350 3162 beneficia
1369 3114 1486 3163 maneant
1501 3110 1528 3160 in
1547 3110 1652 3175 patriam
1671 3124 1794 3163 reversos.

1014 3224 1027 3255 ι
1041 3204 1138 3265 Quibus
1145 3203 1212 3255 enlm
1223 3203 1249 3253 in
1269 3217 1369 3254 summo
1380 3204 1490 3269 periculo
1509 3203 1679 3265 versantibus,
1699 3209 1725 3255 et
1742 3205 1795 3268 ple.

1014 3288 1082 3351 «bis
1097 3311 1169 3362 opem
1180 3296 1384 3361 implorantibus,
1403 3301 1428 3348 et
1440 3296 1472 3347 ob
1491 3296 1516 3348 id
1534 3297 1616 3361 ipsum
1628 3298 1795 3364 venientibus,

1015 3410 1027 3440 ι
1041 3405 1072 3442 ne
1085 3404 1153 3441 nuuc
1164 3389 1266 3453 quidem
1277 3390 1303 3439 iu
1315 3393 1422 3441 mentem
1435 3390 1517 3452 venit,
1534 3394 1564 3443 ut
1575 3393 1704 3445 moderate
1715 3400 1740 3446 et
1752 3397 1797 3447 liu·

1015 3502 1028 3532 ιι
1043 3496 1117 3534 mana
1130 3484 1233 3532 utantur
1244 3483 1368 3542 oratione,
1387 3496 1461 3546 quem
1477 3485 1587 3535 cumeum
1606 3486 1798 3539 existimandum

1015 3594 1027 3618 ι
1040 3580 1079 3624 est
1090 3572 1145 3622 illos
1156 3570 1300 3631 habituros,
1317 3569 1360 3620 ubi
1371 3586 1410 3622 res
1422 3574 1481 3636 ipsis
1497 3589 1529 3626 ex
1542 3580 1601 3626 roto
1618 3580 1795 3641 successerint,

1014 3685 1027 3716 ιι
1041 3669 1068 3718 et
1076 3677 1214 3729 quosnunc
1229 3665 1413 3716 contumeliosis
1425 3668 1508 3719 verbis
1526 3670 1636 3721 lacerant
1648 3685 1701 3720 eune
1713 3677 1795 3735 pates·

1014 3780 1027 3809 ι
1044 3761 1089 3811 tati
1110 3756 1229 3809 obnoxios
1247 3757 1395 3810 habuerint?
1417 3774 1432 3810 a
1453 3775 1503 3824 qno
1517 3762 1638 3827 superbiae
1651 3777 1740 3825 genere
1755 3779 1798 3817 ens

1015 3873 1027 3903 ι
1043 3854 1245 3917 temperaturos?
1264 3867 1280 3902 a
1305 3866 1356 3917 qua
1371 3853 1544 3906 verberatione
1566 3856 1762 3910 contumeliosa?
1783 3873 1798 3909 a

1015 3962 1092 4012 «qua
1113 3946 1260 3999 crudelitate
1281 3949 1425 4012 tyrannica?
1448 3949 1498 4002 Sed
1520 3949 1542 4001 si
1564 3949 1635 4002 vobis
1655 3952 1736 4016 placet
1754 3967 1798 4019 per

1015 4074 1028 4106 ι
1043 4061 1124 4110 totum
1140 4058 1307 4124 vitatempus
1326 4052 1433 4114 servire,
1446 4049 1482 4100 ita
1497 4052 1527 4100 nt
1539 4047 1593 4099 nexi
1608 4050 1634 4098 et
1655 4048 1798 4101 verberibus

1016 4153 1113 4213 «caesi,
1134 4155 1161 4203 et
1178 4151 1233 4215 igne
1254 4155 1281 4201 et
1300 4150 1365 4199 terro
1384 4147 1412 4196 et
1427 4145 1492 4195 lame
1508 4146 1534 4194 et
1554 4142 1644 4193 ceteris
1663 4142 1758 4193 iniuriis
1769 4156 1799 4194 ae

1015 4259 1028 4284 ι
1044 4239 1200 4293 contumeliis
1218 4239 1320 4305 perlatis
1343 4249 1374 4286 ne
1394 4234 1481 4285 ieratis
1502 4236 1613 4298 tempus,
1637 4232 1681 4283 scd
1698 4231 1799 4282 abiectis

1016 4352 1029 4383 ιι
1043 4335 1120 4386 arinis
1128 4339 1153 4386 et
1163 4334 1276 4385 menibus
1284 4333 1443 4397 posttergum
1452 4330 1590 4390 revinctis,
1602 4326 1797 4388 cosseqnamiui.

1017 4443 1030 4468 ι
1044 4423 1117 4482 Quod
1132 4425 1154 4474 si
1166 4437 1217 4487 qun
1231 4421 1352 4473 libertatis
1364 4417 1487 4470 desiderio
1500 4415 1631 4475 terremini,
1645 4427 1676 4463 nc
1696 4426 1739 4462 eos
1760 4412 1798 4461 se·

1017 4510 1114 4564 aratis.
1146 4514 1178 4562 itt
1188 4524 1249 4573 vos,
1266 4509 1357 4575 legati,
1374 4510 1419 4558 aut
1430 4506 1505 4558 dieite
1514 4491 1606 4569 q'uibus
1618 4498 1799 4552 conditionibus

1017 4620 1029 4645 ι
1045 4614 1092 4652 nos
1105 4600 1243 4660 revocetis3
1259 4582 1320 4660 aut,
1337 4597 1360 4648 si
1376 4597 1425 4648 boc
1437 4596 1520 4647 dicere
1530 4607 1579 4645 non
1593 4589 1682 4650 vultis,
1695 4600 1726 4638 cx
1738 4600 1799 4638 con·

1017 4687 1114 4738 acione
1127 4686 1258 4746 dissedite3
1282 4698 1363 4749 neque
1384 4684 1450 4736 euim
1476 4681 1582 4746 amplius
1605 4675 1678 4728 vobis
1699 4674 1798 4728 dicendi

1017 4788 1030 4819 ι
1046 4775 1195 4836 potestatem
1207 4771 1335 4823 iaciemus.
1352 4790 1365 4815 υ

1046 4949 1181 5000 Lillllllll.
1200 4948 1262 4999 cum
1272 4947 1357 4997 antem
1367 4942 1465 4995 dicendi
1474 4942 1549 4994 linem
1564 4940 1680 5002 iecisset,
1694 4940 1797 4992 mmer-

1015 5038 1145 5087 murarunt
1170 5034 1311 5099 omnesqui
1332 5032 1453 5095 aderent,
1475 5030 1616 5083 rationibus
1635 5029 1690 5081 eins
1710 5042 1795 5082 essen

1014 5125 1113 5177 tientes.
1147 5125 1234 5175 Postea
1254 5124 1319 5174 tacto
1337 5123 1448 5186 silentio,
1467 5119 1597 5172 Menenius
1618 5119 1733 5185 agrippa,
1753 5117 1798 5183 qul

1016 5216 1090 5269 eum
1105 5229 1151 5281 pro
1171 5213 1243 5280 plebe
1258 5213 1285 5265 iu
1302 5217 1393 5266 senatu
1405 5210 1483 5264 verba
1507 5211 1608 5273 lecerat,
1622 5212 1649 5262 et
1660 5212 1691 5260 ut
1708 5208 1799 5273 legatio
