4052 5926
660 354 956 434 ANTIQUITATUM
979 354 1292 419 aestumavi.
1732 355 1789 415 38l

179 496 292 580 περλτθν
305 493 472 574 Βροῦτονέἰς
492 487 541 561 τὴν
559 485 638 548 πόλιν
656 482 837 565 ὑπέστρεψαν,
849 481 967 563 Ἀγρίνν.Ι
994 496 999 507 ·

178 610 231 652 πας
246 584 273 643 δὲ
286 582 356 661 μετδι
369 583 421 640 τῶν
436 581 536 651 λοιπῶν
551 575 704 652 κατέμεινεν
722 572 766 634 έπί
783 577 831 633 τοῦ
844 597 958 654 στρατη.

179 674 257 734 πέδου
270 670 414 752 διαγράψαι
427 664 608 747 παρακληθεὶς
619 662 664 724 τδν
680 662 759 741 νόμον
777 668 832 729 τοῖς
843 662 958 745 δημοῃ.

180 769 249 839 κοῖς,
268 758 330 841 καθ’ῐ
342 759 370 820 δν
383 755 551 825 ἀποδείξουσι
560 752 608 819 τδς
623 748 717 832 ἀρχάς.

145 887 156 923 ν
188 884 194 925 t
220 849 381 912 LXXXIX.
397 846 441 927 Τῇ
452 843 480 903 δδ
495 842 554 916 ἑξῆς
564 839 656 922 ἡμέρη
666 843 790 922 παρῆσαν
806 839 854 916 μὲν
864 843 889 903 οἱ
899 844 961 927 περὶ

182 939 226 1000 τδν
241 942 356 1020 Βροῦτον
380 932 555 1010 πεποιημένοι
578 929 627 998 τὰς
640 928 706 1010 πρὸς
723 927 773 1000 τὴν
791 928 888 1008 βουλὴν
904 957 963 993 συν.

184 1029 264 1101 θήκας
288 1026 332 1086 διδ
356 1028 408 1085 τῶν
435 1020 617 1102 είρηνοδικῶν,
637 1017 682 1084 οθς
706 1021 817 1078 καλοῦσι
829 1017 963 1100 Ῥωμαῖος

184 1116 333 1182 betullae
377 1110 510 1187 Νεμηθιὶς
532 1107 586 1168 δέδ
600 1108 682 1184 δῆμος
697 1110 732 1173 είς
754 1106 801 1173 τάς
814 1105 875 1168 τότε
883 1106 964 1178 ούσας

185 1204 332 1286 ρροίτραςῆ
352 1202 423 1271 ὅπως
447 1195 568 1280 βούλεταί
589 1219 629 1262 τις
643 1193 724 1261 αδτάς
743 1198 963 1276 προσαγορεύειν,

135 1326 159 1366 10
186 1295 216 1364 ἀς
227 1298 320 1355 ἐκεῖνοι
336 1294 446 1353 καλοῦσι
459 1286 584 1368 Κουρίας,
600 1284 729 1365 ἄρχοντας
741 1286 884 1355 ἐνιαυσίους
897 1288 965 1346 ἀπο-

186 1381 332 1445 δεικνύουσι
342 1382 445 1442 τοόσδε·
459 1376 570 1441 Λεύκιον
582 1373 691 1435 Ἰούνιον
702 1376 817 1453 Βροῦτον
828 1373 874 1433 καί
885 1377 965 1436 Γάϊον

189 1473 320 1535 Σικίννιον
343 1473 505 1541 Βελλοῦτον,
526 1464 570 1530 οθς
584 1461 632 1522 καί
653 1461 719 1533 τέως
734 1452 805 1542 εἶχον
820 1463 965 1540 ἡγεμόνας,

186 1562 231 1622 καὶ
244 1561 283 1621 ότι
308 1561 373 1642 πρὸς
384 1557 497 1633 τούτοις,
517 1552 600 1614 Γάϊον
621 1549 667 1610 καλ
683 1548 801 1611 Πόπλιον
819 1553 967 1619 Λικιννίους

187 1650 233 1711 καί
246 1650 326 1711 Γάῐον
340 1646 516 1708 Οὐισκέλλιον
527 1641 653 1719 Ῥοῦγαν,
705 1628 788 1698 otro:
799 1638 967 1721 δημαρχικὴν

133 1766 158 1806 ιιι
188 1738 308 1809 ἐξουσίαν
318 1740 417 1818 πρῶτοι
429 1729 580 1811 παρέλαύον
595 1731 620 1789 οί
634 1727 711 1786 πέντε
725 1725 815 1807 ἄνδρες
826 1728 914 1809 ἡμέρη
923 1751 969 1787 τε.

188 1827 273 1909 τόρτῃ
287 1822 413 1906 πρότερον
430 1823 517 1883 bibas
529 1815 715 1896 Δεκεμόρίων,
730 1813 821 1895 ὥσπερ
831 1814 878 1874 καί
888 1814 969 1896 μέχρι

188 1920 235 1974 τοῦ
254 1914 312 1974 καθ’
327 1917 397 1989 ἡμᾶς
411 1909 506 1991 χρόνου
519 1906 627 1986 γίνεται.
671 1904 851 1964 Τελεοθειοῶν
870 1902 899 1962 δὲ
915 1906 969 1964 τῶν

189 2000 376 2084 ἀρχαιρεσίων,
391 2003 445 2065 τοῖς
456 1997 504 2075 μὲν
514 1995 590 2076 παρὰ
603 1998 651 2066 τῆς
664 1994 758 2073 βουλῆς
776 1990 870 2064 ἥκουσι
881 1984 969 2062 καλῶς

190 2093 259 2170 ἔχειν
271 2089 353 2150 ἐδόκει
368 2088 457 2147 πάντα
471 2086 532 2166 περὶ
546 2075 583 2144 ὄν
599 2083 800 2155 ἀπεστάλησαν·
814 2085 828 2140 δ
844 2080 871 2141 δὲ
884 2085 968 2162 Βροῦ·

134 2205 162 2243 20
188 2201 234 2248 τος
247 2178 390 2251 ἐκκλησίαν
403 2172 560 2251 συναγαγὼν
570 2169 764 2235 συνεθοόλευσε
776 2169 829 2238 τοῖς
842 2169 970 2247 δημόταις

191 2268 263 2352 ίεράν
282 2267 328 2327 καὶ
343 2266 440 2326 ἀσυλον
456 2259 652 2332 ἀπσδεῑξαι,τλν
675 2257 773 2339 ἀρχὴν,
786 2256 859 2337 νόμῳ
881 2257 970 2317 τεκαὶ

192 2359 262 2438 δρκιρ
276 2355 474 2436 βεόαιιύσαντας
486 2354 553 2431 αύτῇ
567 2354 598 2408 τὸ
609 2347 736 2428 ἀσφαλές.
767 2345 872 2406 Ἐδόκει
884 2351 969 2406 ταῦτα

192 2455 271 2518 πᾶσι,
283 2445 328 2505 καὶ
338 2443 468 2524 γράφεται
478 2440 544 2520 πρὸς
558 2438 637 2496 αὐτοῦ
651 2433 696 2494 καί
709 2438 760 2492 τῶν
771 2432 954 2515 συναρχόντων

193 2530 238 2594 δδε
248 2539 262 2593 δ
273 2533 359 2609 νόμος·
373 2559 386 2586 α
395 2530 543 2609 Δήμαρχον
554 2527 662 2602 ἄκοντα,
674 2523 764 2602 ὥσπερ
777 2520 823 2581 ίνα
838 2526 890 2581 τῶν
904 2523 968 2582 πολ·

134 2652 165 2690 25
196 2613 716 2699 ι’λῶνμηδελςμηδίνἀναγκαζέτωδρᾶν,
725 2610 792 2686 μηδὲ
801 2609 971 2690 μαστιγούτω

195 2742 208 2768 ι
226 2712 292 2790 μηδί
302 2708 464 2771 ἐπιταττέτω
472 2709 614 2786 μαστιγοῦν
623 2701 705 2783 ἑτέρῳ
716 2699 778 2777 μηδ’
791 2698 971 2760 ἀποκτιννύτω

193 2829 206 2856 α
223 2801 291 2879 μηδὲ
305 2796 466 2858 ἀποκτείνειν
481 2789 621 2855 κελευέτω.
634 2788 701 2850 Ἐὰν
716 2787 744 2847 δι’
756 2811 793 2854 τις
803 2792 855 2847 τῶν
870 2790 970 2866 ἀπηγο·

193 2918 206 2943 ι
223 2889 354 2969 ρευμίνων
363 2911 390 2946 τι
400 2886 508 2963 ποιήσῃ,
518 2878 735 2958 έξοίγισεσςέστω,
742 2876 788 2935 καί
800 2875 833 2934 τά
843 2875 973 2957 χρήματαΙ

195 3006 207 3033 ι
222 2980 303 3038 αὐτοῦ
315 2974 456 3054 Δήμητρος
470 2971 539 3052 ίερά,
550 2970 618 3029 καλό
633 2966 737 3032 κτείνας
749 2964 873 3023 τινὰτῶν
889 2969 973 3022 ταῦτα

133 3093 165 3133 aa
195 3094 209 3123 α
224 3064 404 3148 εἰργασμένων
416 3060 493 3143 ρόνου
509 3056 622 3138 καθαρός
636 3058 714 3116 ἔστω.
731 3080 743 3106 a
781 3051 836 3115 ital
850 3050 893 3110 ίνα
906 3050 974 3131 μηδὲ

195 3157 227 3217 τδ
237 3154 328 3216 λοιπόν
348 3155 387 3234 τῷ
403 3150 482 3231 δήμῳ
496 3146 600 3218 ἐξουσία
619 3147 727 3223 γίνηται
739 3143 890 3202 καταλῦσαι
900 3140 975 3201 τόνδε

194 3243 240 3303 τδν
255 3243 347 3321 νόμον,
365 3239 425 3300 ἀλλ’
444 3239 480 3304 είς
505 3233 590 3295 ποίντα
604 3233 649 3294 τδν
663 3231 756 3311 χρόνον
773 3228 894 3302 ἀκίνητος
915 3232 975 3289 δια-

192 3326 299 3413 μείνῃ,
315 3329 418 3396 πάντας
429 3324 530 3405 έτάχθη
546 3321 696 3399 Ῥωμαίους
706 3318 802 3394 ὀμόσαι
821 3317 879 3378 καθ’
888 3321 976 3396 ἱερῶν,

196 3414 283 3499 ἤμην
299 3417 448 3500 χρήσεσθαι
468 3417 507 3493 τῷ
521 3410 595 3493 νόμιρ
609 3408 655 3468 καὶ
677 3406 771 3472 αὐτούς
795 3406 840 3463 καὶ
857 3404 977 3482 ἐγγόνους

130 3530 161 3570 σε
196 3510 244 3570 τδν
257 3509 299 3568 ἀεί
313 3506 421 3589 χρόνον,
437 3501 490 3582 ἀρά
505 3523 534 3560 τε
549 3502 588 3580 τῷ
598 3496 668 3576 όρκῳ
679 3491 846 3575 προσετέθη,
862 3502 917 3560 τοῖς
929 3491 976 3567 μίν

198 3598 348 3672 ἐμπεδοῦσι
362 3591 421 3659 τοὺς
441 3587 514 3657 θεούς
533 3582 592 3653 τοὺς
607 3582 742 3663 οὐρανίους
755 3578 832 3646 ἵλεως
850 3569 916 3638 εἶναι
932 3577 978 3638 καί

195 3683 327 3761 δαίμονας
348 3680 409 3749 τοὺς
420 3673 623 3758 καταχθονίους·
641 3677 696 3736 τοῖς
721 3667 748 3727 δέ
766 3664 977 3746 παραύαίνσυσιν

191 3773 306 3836 lassate
316 3775 361 3832 καλ
376 3771 410 3830 τά
425 3768 500 3849 παρδι
522 3767 587 3825 θεῶν
597 3760 714 3841 γίνεσθαι
724 3756 770 3817 καί
780 3756 815 3816 τδι
829 3752 904 3837 παρά
917 3756 978 3815 δαι-

191 3864 298 3942 μόνων,
321 3865 357 3929 ὡς
371 3858 430 3940 ἄγει
453 3858 492 3937 τῷ
517 3853 633 3933 μεγίστῳ
656 3848 766 3927 ένόχοις.
809 3844 861 3907 Ἐκ
882 3845 980 3905 τούτων

124 3978 158 4018 νο
189 3951 315 4024 aester,
330 3956 383 4015 τοῖς
397 3945 542 4023 Ῥωμαίοις
567 3944 624 4009 tte<
638 3935 673 3997 τδι
690 3939 743 3996 τῶν
762 3934 907 4016 δημάρχων
926 3934 978 3995 συί·

190 4063 274 4122 ματα
282 4040 342 4119 ίερά
354 4027 421 4096 εἶναι
434 4034 479 4095 καὶ
493 4033 614 4109 παναγῆ,
626 4024 672 4086 καλ
690 4022 770 4105 μέχρι
781 4029 827 4082 τοῦ
841 4026 899 4082 καθ’
910 4027 981 4100 ἡμᾶς

186 4130 296 4214 χρόνου
308 4126 437 4205 διαμένει.
920 4182 923 4187 ¹

239 4219 302 4281 XC.
319 4215 431 4289 Ἐπειδὴ
442 4219 526 4275 ταῦτα
538 4214 588 4294 ἔψη
611 4210 709 4283 ίσαντο,
721 4206 810 4291 βωμδν
821 4202 982 4266 κατέσκεύα·

139 4308 145 4316 ’
189 4335 253 4372 σαν
267 4306 312 4368 tul
325 4312 371 4378 τῆς
383 4303 538 4386 ἀκρωρείας,
555 4235 614 4380 la}
638 4294 940 4379 κατεστρατοπέδευσαν,
955 4290 984 4352 δν

120 4431 153 4469 ςς
187 4399 247 4459 ἐπὶ
262 4401 308 4457 τοῦ
320 4394 500 4475 κατασχόντος
515 4387 608 4458 αὗτοδς
620 4388 743 4465 δείματος
753 4386 807 4447 τότ’
820 4382 962 4459 ὠνόμασαν
975 4425 984 4454 ,

184 4493 233 4557 ὡς
254 4491 273 4558 ἡ
288 4485 397 4565 πότρισς
410 4486 494 4543 αὐτῶν
511 4478 636 4557 σημαίνει
651 4479 783 4558 γλῶσσα,
798 4477 860 4540 Διὸς
883 4475 984 4545 Δειμα·

182 4579 273 4638 τίσει·
291 4566 314 4656 ᾧ
333 4572 424 4641 θυσίας
450 4567 663 4645 ἐπιτελέσαντες,
688 4566 734 4625 καὶ
756 4562 800 4622 τδν
823 4558 986 4636 θποδιξάμε·

187 4689 247 4726 νον
273 4663 368 4731 αὐτοὺς
389 4662 469 4721 τόπον
495 4658 565 4737 ίερδν
589 4654 707 4726 ἀνέντες,
731 4649 867 4730 κατῄεσαν
885 4650 920 4714 είς
938 4644 987 4715 τὴν

184 4754 284 4815 πόλιν
299 4752 356 4829 ἅμα
372 4754 425 4817 τοῖς
440 4746 591 4829 πρόσθεσιν.
634 4739 785 4808 Ἀποδόντες
797 4740 825 4798 δθ
837 4736 882 4796 καί
896 4742 949 4802 τοῖς
960 4736 988 4793 ἀν

115 4871 150 4911 su
181 4849 232 4927 τῇ
248 4841 330 4904 πόλει
346 4846 412 4907 θεοῖς
429 4835 601 4920 χαριστήρια,
624 4831 670 4891 καί
688 4829 748 4897 τοὺς
765 4822 918 4906 πατρικίους
931 4823 990 4883 πεί-

180 4952 301 4997 σαντες
314 4931 478 5007 ἐπικυρῶσαι
489 4923 537 4997 τὴν
553 4919 650 5003 ἀρχὴν,
667 4922 754 4998 ψῆρον
779 4912 986 4990 ἀπενέγκαντας,

181 5017 301 5090 ἐπειδὴ
316 5018 362 5077 καλ
382 5016 475 5078 τούτου
493 5011 557 5094 παρ’
573 5011 659 5071 αὐτῶν
675 5007 778 5086 έτυχσν,
793 4999 936 5074 ἐδεήθησαν
951 4998 991 5056 ἔτι

177 5115 246 5183 τῆς
267 5108 366 5189 βουλῆς
377 5104 517 5186 ἐπιτρίψαι
529 5099 616 5181 σρίσιν
632 5095 764 5178 ἀνδραςέκ
778 5094 829 5152 τῶν
840 5089 989 5168 δημοτικῶν

179 5198 246 5262 δύο
266 5195 330 5255 καθ’
342 5195 455 5255 δκαστον
470 5188 587 5252 ίνιαντδν
599 5182 795 5257 ἀποδεικνύναι,
808 5178 868 5248 τοὺς
889 5179 990 5256 δπηρι·

1014 490 1102 555 vera‘a
1117 490 1218 543 fserratu
1235 486 1369 539 missurum
1385 485 1491 537 dimidia
1511 498 1570 549 pars
1590 498 1649 535 eum
1669 481 1746 534 Bruto
1767 478 1794 529 in

1013 577 1102 629 urbem
1116 576 1197 635 rediit,
1214 575 1321 641 Agrippa
1330 589 1391 625 rem
1408 587 1466 625 eum
1480 572 1582 637 reliquis
1600 571 1627 622 in
1648 570 1794 622 eastris're-

1014 663 1120 726 mansit‚
1139 665 1241 726 rogatus
1253 666 1282 713 ut
1292 661 1457 727 perscriberet
1470 660 1535 725 leges
1546 657 1629 724 plebi,
1643 657 1734 721 quibus
1744 669 1796 707 ma·

1015 752 1249 818 gistratuserearet.
1554 796 1558 805 ,
1651 812 1654 817 ¹
1690 806 1694 813 ¹
1779 804 1782 809 ⁴

1026 872 1031 911 3
1046 843 1177 892 LXXXIX.
1194 839 1313 905 Sequenti
1327 838 1368 891 (lie
1379 840 1472 890 Brutus
1488 848 1547 889 eum
1563 835 1664 901 mliegis
1679 813 1797 887 reuersus

1016 940 1064 1001 est,
1079 940 1130 990 ieta
1146 937 1236 989 tudere
1249 951 1308 989 eum
1324 940 1412 988 senatu
1426 949 1470 1000 per
1490 934 1723 1000 approbaremus
1745 934 1798 982 tto·

1017 1036 1083 1087 mani
1094 1034 1200 1086 Fetiaies
1208 1036 1306 1085 vomat
1332 1032 1405 1085 Plebs
1417 1045 1476 1083 vero
1488 1031 1569 1082 divisa
1577 1030 1604 1080 in
1615 1030 1730 1093 φράτρας,
1742 1043 1799 1094 quas

1019 1132 1166 1191 tuneeraat,
1185 1128 1238 1180 sins
1257 1140 1405 1192 quoeunque
1420 1127 1469 1177 aiio
1490 1126 1588 1178 numine
1606 1124 1664 1175 velit
1678 1124 1736 1189 quis
1757 1138 1800 1176 eas

1018 1225 1150 1291 appellare,
1167 1237 1230 1287 quas
1243 1223 1280 1275 iili
1292 1223 1380 1274 Curias
1398 1226 1499 1286 uocant,
1521 1236 1616 1272 annuus
1640 1221 1799 1284 magistratus

1019 1324 1128 1383 crearit,
1152 1322 1257 1372 Lucium
1276 1318 1375 1370 iunium
1394 1321 1507 1380 Brutum,
1522 1323 1548 1368 et
1575 1319 1663 1371 Gaium
1682 1322 1799 1373 Sicinium

1019 1422 1153 1477 Bellutum,
1166 1432 1230 1484 quos
1241 1421 1267 1469 et
1285 1416 1317 1467 ad
1328 1417 1354 1467 id
1366 1428 1445 1481 usque
1456 1420 1553 1481 tempus
1566 1417 1643 1469 duces
1659 1418 1800 1471 hebebant:

1021 1521 1046 1571 et
1054 1518 1143 1582 prater
1152 1515 1214 1565 istos
1225 1513 1314 1563 caium
1328 1515 1354 1563 et
1370 1510 1484 1562 Publium
1499 1511 1613 1569 Licinias,
1630 1516 1705 1578 atque
1714 1506 1801 1566 caium

1021 1613 1155 1665 vassilium
1173 1613 1276 1673 bugam.
1310 1609 1343 1659 iii
1361 1609 1470 1673 quinque
1491 1608 1565 1672 primi
1582 1610 1734 1662 tribunitiam
1756 1626 1802 1676 pn-

1022 1713 1138 1762 testatem
1151 1706 1300 1772 aeceperunt
1313 1718 1335 1757 a.
1347 1704 1372 1756 ἀ
1385 1708 1420 1758 iv
1439 1705 1498 1756 idus
1518 1706 1672 1769 Decembris,
1688 1708 1804 1771 quemad-

1023 1802 1445 1869 modnmusquesdbananastram
1458 1803 1603 1856 alatemtit
1638 1805 1805 1857 Pesteumitia

1023 1890 1138 1977 peraeta,
1156 1905 1244 1971 tegatis
1265 1918 1281 1955 a
1304 1908 1392 1956 senatu
1405 1905 1577 1969 redeuntibus,
1596 1906 1679 1957 omnia
1700 1920 1806 1971 quemn

1024 2018 1113 2058 mussa
1124 2001 1197 2065 iegati
1207 2001 1312 2061 inerant,
1326 2004 1395 2052 recte
1407 2014 1435 2052 se
1444 2001 1535 2054 bebere
1544 2002 1598 2053 risa
1612 2006 1678 2054 suut.
1712 2005 1805 2055 Brutus

1025 2120 1084 2160 vera
1097 2106 1232 2156 convocata
1252 2102 1369 2154 οοοσὶοιιε
1391 2103 1474 2154 suasit
1487 2101 1562 2168 plebi,
1580 2106 1610 2155 ut
1635 2104 1807 2169 magistratum

1025 2205 1208 2258 saamsanetum
1228 2212 1283 2251 esse
1306 2199 1466 2262 denumerat,
1486 2200 1540 2265 iege
1559 2204 1585 2252 et
1606 2200 1765 2252 iureiurando
1780 2215 1808 2253 ra

1024 2303 1176 2356 confirmata.
1210 2297 1358 2348 premerunt
1395 2297 1451 2348 hae
1484 2298 1619 2361 omnibus,
1652 2299 1741 2366 lexque
1775 2298 1808 2351 ab

1026 2403 1082 2465 ipso
1091 2397 1193 2460 eiusque
1213 2394 1314 2457 collegis
1336 2392 1427 2459 scripta
1443 2399 1489 2446 est.
1524 2396 1596 2459 Legis
1622 2400 1705 2449 autem
1734 2396 1808 2447 verba

1026 2496 1082 2547 λινε
1095 2496 1153 2544 sunt
1167 2511 1173 2542 ε
1207 2510 1220 2536 «
1235 2489 1373 2541 Tribunum
1386 2490 1465 2555 plebis
1475 2491 1580 2543 inritum
1595 2506 1677 2555 nemo,
1691 2497 1720 2544 ut
1732 2505 1809 2544 uuum

1028 2615 1041 2639 ι
1053 2594 1085 2645 de
1100 2591 1182 2656 raige,
1199 2590 1335 2655 quidquam
1358 2590 1440 2641 tacere
1455 2589 1546 2655 mgita,
1568 2604 1650 2656 neque
1661 2592 1808 2654 uerberato,

1029 2726 1042 2750 ι
1058 2686 1103 2754 nea
1116 2702 1148 2753 ab
1162 2700 1210 2750 aiio
1222 2697 1349 2750 verberari
1362 2697 1454 2761 iubeto,
1467 2711 1548 2765 neque
1564 2699 1711 2761 interlinita,
1728 2713 1810 2764 neque

1030 2823 1042 2846 ι
1057 2797 1161 2852 interfici
1174 2794 1266 2847 iubeto.
1284 2793 1358 2853 Quod
1371 2792 1460 2859 siquis
1476 2799 1564 2847 euntm
1579 2810 1619 2861 ee,
1637 2810 1694 2862 qua
1708 2797 1811 2849 interdi-

1032 2920 1045 2946 ι
1059 2890 1254 2961 currtur,aliquid
1269 2890 1363 2953 leserit,
1377 2906 1448 2944 saner
1460 2896 1523 2951 esto,
1537 2897 1564 2945 et
1581 2893 1646 2945 buna
1663 2894 1716 2946 eius
1727 2894 1811 2947 cereri

1032 3016 1045 3041 a
1060 2991 1214 3046 saerasuatu
1234 2988 1282 3038 :et
1297 2986 1343 3051 qni
1356 3000 1415 3038 eum
1435 2988 1563 3051 acciderit,
1584 2989 1628 3054 qui
1648 2989 1697 3041 tale
1721 2990 1814 3042 facinus

1032 3111 1044 3135 ν
1058 3089 1172 3157 patrarit,
1186 3101 1264 3152 purus
1273 3088 1365 3139 aenda
1373 3091 1436 3141 este.
1448 3108 1461 3133 ν
1474 3091 1545 3140 Etne
1555 3088 1580 3137 irr
1590 3091 1717 3152 posterum
1730 3085 1816 3140 liceret

1031 3188 1096 3257 plebi
1118 3184 1182 3236 bane
1204 3182 1284 3246 legem
1307 3182 1435 3247 abrogare,
1454 3183 1499 3234 sed
1516 3187 1545 3234 ut
1558 3184 1584 3234 in
1601 3188 1746 3249 perpetuum
1764 3184 1814 3239 im·
1923 3230 1927 3237 .

1031 3281 1130 3336 mobilis
1146 3281 1267 3342 maneret,
1283 3277 1411 3332 decretum
1426 3283 1465 3331 est
1480 3283 1510 3331 ut
1528 3294 1615 3332 omnes
1633 3283 1700 3334 eires
1712 3282 1817 3335 Romani

1032 3382 1142 3434 iurarent
1153 3390 1198 3443 per
1213 3389 1293 3439 sacre,
1305 3377 1393 3441 utique
1407 3391 1435 3429 se
1448 3392 1557 3445 suasque
1568 3382 1682 3444 ροεεονςνς
1691 3382 1717 3432 jn
1729 3395 1816 3447 perpe.

1033 3489 1105 3536 tuum
1119 3479 1166 3530 hae
1184 3478 1238 3540 iege
1254 3488 1361 3525 usuros:
1381 3474 1517 3539 additaque
1539 3480 1580 3528 est
1593 3477 1625 3528 ad
1647 3478 1818 3529 iusiurandum

1034 3575 1151 3646 preestio,
1171 3571 1249 3633 utils,
1265 3572 1384 3636 quibane
1400 3572 1480 3636 legem
1495 3576 1645 3638 serrassent,
1656 3575 1682 3626 et
1691 3573 1726 3624 dit
1735 3572 1818 3636 superi

1034 3687 1060 3735 et
1069 3681 1105 3732 dli
1118 3676 1190 3729 interi
1202 3675 1303 3742 propitii
1313 3677 1397 3727 essent
1412 3695 1420 3726 ε
1434 3675 1465 3725 iis
1475 3687 1534 3725 vere
1544 3672 1589 3738 qui
1601 3686 1657 3724 eam
1669 3671 1818 3730 violassent,

1035 3786 1117 3838 omnia
1129 3780 1253 3834 eontraria
1260 3777 1331 3830 ediis
1342 3776 1469 3841 utrisque,
1479 3773 1625 3826 utmertnm
1636 3769 1734 3836 piaeuie
1745 3769 1820 3821 obue-

1036 3875 1266 3940 xiiseentingarent
1300 3871 1365 3923 iiiuc
1375 3882 1431 3920 mos
1446 3868 1513 3932 apud
1527 3867 1652 3916 Romanos
1665 3860 1781 3924 abttnuit,
1792 3864 1821 3911 ut

1037 3978 1196 4030 tribunorum
1218 3985 1321 4039 sarpam
1346 3970 1504 4023 sacrosancta
1528 3967 1619 4027 esseut,
1634 3966 1661 4016 et
1681 3961 1714 4013 ab
1736 3965 1821 4013 nostru

1038 4093 1118 4146 usqua
1130 4083 1244 4144 tempora
1254 4071 1362 4126 ‹iumrit

1070 4204 1124 4255 Xc.
1135 4201 1182 4253 llis
1193 4198 1310 4258 decretis,
1324 4206 1394 4244 aram
1403 4190 1583 4243 exstruxerunt
1591 4189 1618 4241 in
1626 4160 1725 4240 summu
1733 4184 1824 4253 mantis

1041 4311 1146 4371 sarlius,
1171 4308 1215 4360 nbi
1237 4306 1319 4357 eastra
1340 4298 1492 4367 posuerant,
1520 4305 1596 4359 qum
1613 4295 1748 4347 aberrare,
1778 4282 1823 4346 qai

1041 4412 1103 4461 tuna
1126 4409 1194 4473 ipses
1208 4403 1360 4467 surripuerat
1391 4394 1472 4463 patrio
1497 4403 1629 4449 εσιτοοοε,
1653 4379 1826 4438 torisPareni

1043 4517 1121 4558 nram
1130 4500 1292 4569 appellarunt.
1327 4495 1374 4548 cui
1387 4493 1433 4545 deo
1452 4486 1560 4556 peractis
1574 4481 1709 4539 saariimis,
1724 4480 1750 4529 et
1759 4477 1824 4531 ineo,

1043 4615 1118 4667 aque
1137 4600 1235 4651 tuerent
1245 4592 1347 4659 recepti,
1363 4589 1515 4647 enrseerato,
1533 4582 1559 4634 ta
1574 4579 1728 4630 urbemaum
1739 4571 1827 4635 legatis

1043 4697 1233 4753 descendemnt.
1265 4693 1330 4742 (ium
1338 4690 1424 4737 autem
1434 4683 1483 4734 dita
1495 4689 1604 4745 queque,
1620 4672 1662 4738 qui
1675 4671 1700 4721 ia
1711 4668 1772 4719 urbe
1782 4680 1825 4716 au·

1043 4794 1168 4855 lebarrlur,
1177 4789 1291 4842 victimas
1305 4785 1331 4836 et
1344 4778 1474 4841 εασείόοίο,
1488 4778 1518 4827 nt
1537 4771 1598 4839 ipsis
1614 4768 1707 4834 gratias
1716 4768 1825 4830 agerent,

1044 4889 1226 4959 persolvissent,
1237 4885 1264 4935 at
1273 4878 1382 4948 patriciis
1396 4871 1579 4942 persuasissent
1596 4870 1626 4919 ut
1639 4862 1763 4929 sutiragiis
1771 4877 1825 4914 ma·

1044 4988 1173 5054 gistratum
1194 4994 1269 5034 suum
1284 4975 1467 5033 confirmarent,
1489 4970 1537 5020 hae
1560 4977 1705 5031 quoquere
1725 4962 1758 5014 ab
1780 4960 1828 5011 iilis

1045 5082 1185 5147 impetrata,
1193 5077 1319 5144 petierunt
1325 5066 1564 5138 pratereeasenitn
1574 5062 1654 5115 utsibi
1663 5059 1826 5128 permitteret,

1046 5183 1075 5232 ut
1084 5178 1148 5232 duos
1159 5176 1191 5230 de
1201 5172 1273 5244 plebe
1282 5168 1414 5239 quotannis
1427 5158 1727 5228 συντετηρηκότων
1741 5154 1829 5208 minis·
