4034 5922
248 654 693 790 ΔΙΟΝΥΣΙΟΥ

351 889 603 952 inpellimur

184 1067 772 1164 ΑΛΙΚΑΡΝΑΣΕΩΣ
862 1116 865 1121 <

196 1273 423 1344 onustans
444 1279 755 1355 nexuoaormn

343 1450 447 1498 ΛΟΓΟΣ
463 1450 600 1499 ΠΡΩΤΟΣ.

132 1771 150 1837 Ι,-
170 1771 233 1838 Tube
256 1771 384 1837 εἰωθότας
407 1771 576 1830 ἀποδίδοσθαι
596 1774 623 1831 ἐν
648 1783 700 1839 τοῖς
719 1772 864 1853 προοιμίοις

104 1864 144 1918 τῶν
155 1864 270 1942 ἱστοριῶν
284 1860 381 1940 λόγους
396 1860 491 1932 ἥκιστα
507 1860 662 1940 βουλόμενος
682 1862 864 1940 ἀναγκάζομαι

104 1950 151 2027 περὶ
163 1954 273 2027 ἐμαυτοῦ
297 1958 451 2028 προειπεῖν,
474 1948 529 2007 οὔτ’
544 1952 571 2008 ίν
593 1949 648 2016 τοῖς
669 1950 740 2017 ἰδίοις
759 1950 862 2026 μέλλων

106 2038 235 2107 πλεονάζειν
250 2036 390 2109 ἐπαίνοις,
410 2035 454 2102 οθς
473 2040 596 2116 ἐπαχθεῖς
620 2029 677 2097 οἶδα
693 2037 861 2119 φαινομένους

78 2148 86 2181 ε
104 2126 143 2190 τοῖς
159 2126 311 2197 ἀκούωσιν,
332 2124 392 2185 οὔτε
412 2125 536 2192 trabali<
558 2126 616 2185 καθ’
631 2127 726 2205 ἑτέρων
746 2127 865 2205 ἐγνωκὼς

106 2214 215 2272 τοιεῖαθαι
234 2214 428 2293 συγγραφέων,
445 2213 535 2294 ὥσπερ
551 2214 720 2289 Ἀναξιμένης
734 2218 779 2275 καί
795 2218 863 2278 Θεό·

105 2322 189 2374 repro<
212 2308 238 2363 ἐν
262 2304 319 2369 τοῖς
339 2303 485 2380 προοιμίοις
508 2307 560 2361 τῶν
583 2308 703 2385 ἱστοριῶν
719 2305 865 2379 ἐποίησαν,

107 2389 161 2448 md
182 2389 237 2457 τοθς
260 2394 380 2467 ἐμαυτοῦ
403 2390 544 2468 λογισμοθς
567 2389 798 2470 έποδεικνάμενος,
825 2383 862 2459 οἷς

105 2477 240 2555 ίγρησάμην
253 2478 291 2538 ὅτ’
310 2478 357 2537 tal
369 2476 466 2547 ταύτην
476 2478 589 2558 ὥρμησα
606 2481 653 2552 τὴν
667 2482 863 2561 πραγματείαν,

74 2574 88 2610 l·
106 2566 141 2622 ιτί
152 2568 206 2647 περὶ
222 2569 274 2626 τῶν
291 2570 421 2646 ἀφορμῶν
437 2566 574 2635 θποδιδοθς
597 2569 695 2646 λόγον,
712 2569 739 2636 ἐξ
761 2560 798 2628 ῶν
815 2569 863 2640 τὴν

107 2654 224 2733 ἐμπειρίαν
251 2655 353 2714 ἔλαθον
380 2658 431 2713 τῶν
456 2656 674 2735 γραφησομένων.
719 2656 863 2727 Ἐπείσθην

107 2740 148 2819 rip
162 2742 197 2801 δτι
210 2744 248 2803 δεῖ
259 2742 326 2809 τοὺς
338 2742 560 2823 προαιρουμένους
575 2752 691 2821 μνημεῖα
704 2749 751 2814 τῆς
768 2748 866 2803 ἑαυτῶν

108 2832 178 2907 ψυχῆς
189 2832 238 2898 τοῖς
252 2830 464 2909 ἐπιγιγνομένοις
474 2833 645 2904 καταλιπεῖν,
664 2831 682 2889 θ
695 2832 733 2908 μὴ
748 2855 863 2912 συναφα·

107 2919 235 2989 sculpere
256 2921 317 2986 τοῖς
339 2918 460 2997 σώμασιν
487 2921 573 2979 αὐτῶν
601 2921 654 2979 brai
683 2926 728 2979 τοῦ
752 2920 865 3001 χρόνου,

75 3006 246 3067 υιεὶπάντων
265 3009 389 3085 μάλιστα
408 3007 467 3075 τοὺς
481 3012 678 3090 ἀναγράφοντας
693 3010 818 3087 ἱστορίας,
838 3015 864 3070 ίν

109 3083 141 3158 τίς
150 3098 312 3175 καθιδρῦσθαι
327 3097 375 3168 τὴν
391 3097 515 3169 ἀλήθειαν
527 3093 866 3212 ἱδπαντεςρθπολαμόάνο·

112 3203 148 3251 prr
161 3185 236 3262 ἀρχὴν
253 3184 407 3266 φρονήσεώς
421 3210 450 3245 τε
473 3187 518 3245 καὶ
540 3185 631 3266 σοφίας
645 3209 747 3265 ουσαν,
763 3189 866 3265 πρῶτον

111 3268 147 3339 μὲν
159 3275 282 3342 ίποθέσεις
301 3280 486 3353 προαιρεῖσθαι
499 3275 582 3343 καλθς
601 3274 647 3334 καί
660 3277 867 3356 μεγαλοπρεπεῖς

112 3356 144 3414 zat
159 3360 246 3432 πολλὴν
260 3362 395 3444 ῶφίλειαν
413 3370 466 3429 τοῖς
486 3362 708 3443 ἀναγνωσομένοις
722 3364 847 3445 φερούσας
860 3388 866 3401 ·

78 3466 96 3503 νο
114 3442 185 3505 ἔπειτα
197 3452 443 3529 παρασκευάζεσθαι
456 3451 502 3518 τδις
517 3451 677 3523 ίπιτηδείους
689 3454 725 3517 είς
740 3453 788 3522 τὴν
803 3455 867 3512 σίνα-

113 3535 193 3614 rapis
215 3543 259 3611 τῆς
275 3538 427 3607 ὑποθέσεως
451 3539 570 3621 άφορμθς
594 3539 661 3616 μετά
685 3542 785 3610 πολλῆς
807 3543 867 3599 ἔπι-

115 3623 198 3693 μελιίας
212 3651 239 3686 τε
263 3628 314 3687 καί
336 3629 498 3709 φιλοπονίας.
541 3631 577 3689 Οἱ
595 3628 643 3706 μίν
655 3630 704 3708 γάρ
721 3627 787 3709 θπίρ
808 3629 869 3689 del·

114 3706 151 3773 {m
174 3715 333 3793 πραγμάτων
358 3716 376 3787 ἢ
406 3720 527 3794 πονηρῶν
552 3717 570 3789 ἢ
596 3719 726 3794 μηδεμιᾶς
755 3718 869 3787 σπουδῆς

115 3796 176 3863 &fisos
198 3802 330 3883 ἱστορικὰς
356 3803 568 3881 καταόαλόμενοε
595 3803 794 3884 πραγματείας,
818 3803 869 3863 εἱτε

80 3906 98 3943 n
115 3890 150 3942 τυῖ
173 3893 303 3968 προελθεῖν
335 3893 370 3960 εἰς
398 3895 493 3969 γνῶσιν
525 3892 674 3974 ὀρεγόμενοι
704 3892 749 3951 καί
780 3899 870 3972 τυχεῖν

116 3974 271 4049 tumidiore
283 3979 428 4058 ὀνόματος,
447 3979 500 4039 είτε
519 3981 669 4061 περιουσίαν
684 3977 870 4048 ἀποδείξασθαι

118 4062 153 4129 τίς
164 4066 217 4142 περὶ
228 4067 320 4147 λόγους
335 4069 470 4146 δυνάμεως
482 4069 649 4147 βουλόμενοι,
658 4114 663 4127 .
671 4067 789 4138 οὔτετῆς
804 4067 870 4146 γνόν-

118 4167 168 4211 tw<
188 4157 319 4224 ζηλοῦνται
345 4155 418 4234 παρὰ
441 4159 493 4215 τῶν
520 4157 710 4233 ἐπιγενομένων
737 4154 797 4215 οὔτε
823 4159 870 4227 τῆς

119 4232 230 4311 θήλεως
253 4246 437 4315 ίπαινοῦνται,
464 4241 540 4312 δόξαν
568 4241 786 4322 ίγκαταλιπάντες
818 4243 870 4309 τοῖς

84 4323 323 4401 rebaptismate
346 4332 433 4389 αὐτῶν
456 4327 503 4396 τὰς
523 4329 660 4408 ἱστορίας,
676 4329 715 4388 δτι
737 4329 870 4396 τοιούτους

120 4406 231 4477 “fimas
245 4416 319 4476 αθτοί
341 4417 429 4495 βίους,
456 4415 512 4483 οἵας
534 4415 662 4485 ἐξέδωκαν
685 4416 731 4483 τθς
774 4416 870 4497 ραφάς·

121 4496 220 4567 immi<
240 4503 289 4584 γάρ
317 4504 430 4573 ἅπαντας
447 4504 595 4582 νομίζουσιν
619 4504 720 4572 είκόνας
743 4443 811 4565 είναι
824 4508 871 4576 τῆς

60 4708 61 4725 ι
124 4670 161 4737 pb
181 4676 223 4743 τίς
233 4681 373 4760 κρατίστας
387 4681 542 4758 ὑποθέσεις,
565 4683 623 4751 είκῆ
636 4682 663 4740 δί
683 4682 728 4740 καί
751 4682 871 4762 ῥαθύμως

87 4770 104 4807 ¹⁵
125 4759 189 4826 iffi<
207 4769 362 4835 συντιθέντες
378 4771 409 4828 ἐκ
422 4772 474 4827 τῶν
485 4770 662 4848 ίπιτυχόντων
677 4768 869 4845 ἀκουσμάτων,

124 4845 198 4911 utba
217 4854 278 4934 ίπίρ
304 4861 351 4929 τῆς
378 4858 554 4938 προσιρίσεως
577 4856 682 4916 ίπαινον
705 4857 871 4932 κομίζονται·

124 4935 205 5015 &bip
224 4943 341 5022 ίξιοθμεν
361 4946 542 5026 αὐτοσχεδίους
565 4947 624 5005 addi
645 4943 774 5026 ρφθιίμοίις
804 4935 871 5005 εἶναι

124 5018 160 5087 ¹3<
172 5030 225 5105 περί
235 5054 262 5089 τε
273 5034 373 5093 πόλεων
390 5033 498 5104 ἐνδόξων
512 5033 557 5093 καί
576 5035 676 5113 ἀνδρῶν
691 5037 717 5093 is
732 5032 871 5117 δυναστείιρ

126 5115 246 5185 Μήταν
260 5122 474 5203 θναγραφομένας
488 5122 614 5202 ἱστορίας.
657 5124 752 5183 Ταῦτα
775 5119 807 5193 δί,
824 5145 869 5181 νο-

93 5202 109 5233 *
128 5195 191 5267 pire<
208 5205 330 5282 ἆναγκαῑα
350 5211 396 5269 καί
412 5214 503 5291 πρῶτα
521 5209 682 5291 θεωρήματα
695 5216 748 5278 τοῖς
768 5210 869 5288 ἱστορι-

188 5316 296 5365 amasse.

999 636 1003 643 ’
1122 666 1490 799 nloursu

1172 900 1392 963 ALEXANDRI
1411 903 1445 964 F.

939 1028 1683 1187 ululeluuassuusls

996 1277 1271 1351 RullAllARlllll
1295 1277 1621 1362 ANllQlllTATttll

1190 1455 1281 1504 LIBER
1298 1455 1424 1503 PRIMUS.
1527 1524 1537 1543 ο

951 1786 971 1834 l.
989 1784 1104 1835 Rationes
1117 1798 1177 1848 que
1188 1784 1213 1835 iu
1224 1783 1384 1836 historiarum
1396 1786 1523 1849 prooemiis
1535 1786 1604 1837 reddi
1618 1789 1701 1839 solent

923 1885 985 1937 licet
995 1885 1096 1937 minime
1106 1887 1197 1946 velim,
1212 1888 1305 1937 tamer
1324 1884 1358 1937 de
1373 1900 1416 1938 me
1429 1900 1529 1952 quoque
1544 1887 1646 1951 prestari
1660 1901 1700 1937 ue

925 1999 994 2037 cesse
1015 1986 1117 2037 babeo:
1140 2000 1227 2036 rerum
1250 1999 1297 2037 uec
1315 1986 1463 2052 inpropriis
1484 1986 1617 2038 laudibus.
1638 2001 1701 2051 quas

925 2086 1048 2137 audituris
1063 2087 1180 2137 molestas
1203 2086 1282 2137 rideri
1300 2085 1366 2139 scio.
1384 2087 1479 2137 diutius
1493 2085 1635 2149 immorari,
1655 2100 1700 2137 nec

925 2187 987 2236 ulios
996 2187 1128 2252 scriptores
1142 2186 1273 2237 calumniis
1292 2187 1417 2250 marimo
1429 2186 1522 2247 stetui,
1539 2186 1699 2250 quemadmo-

924 2286 986 2338 dum
997 2287 1162 2339 Anaximenes
1184 2291 1210 2338 et
1222 2287 1395 2352 Theopompus
1410 2286 1436 2336 iu
1451 2285 1611 2337 historiarum
1620 2300 1700 2351 prooe·

923 2387 980 2438 mils
995 2389 1122 2449 lecerunl3
1135 2387 1179 2438 scd
1191 2400 1247 2438 mea
1260 2387 1362 2437 consilia
1375 2386 1471 2450 aperire
1481 2385 1593 2443 decrevi.
1607 2386 1700 2449 quibus

923 2486 1046 2550 impulsus
1059 2487 1169 2536 animum
1185 2486 1217 2536 sd
1235 2487 1364 2550 hocopus
1381 2484 1579 2549 componendum
1598 2485 1703 2550 appule-

922 2588 984 2651 rim,
1003 2589 1029 2637 et
1046 2588 1168 2638 rationem
1183 2586 1287 2638 reddero
1303 2587 1460 2649 lacullatum,
1475 2600 1520 2652 per
1537 2600 1601 2650 quas
1616 2600 1699 2637 rerum

921 2688 1109 2739 scribendarum
1133 2688 1296 2752 cognitionem
1316 2688 1421 2753 edeptus
1448 2701 1512 2739 aum.
1546 2689 1698 2738 Persuasum

922 2789 988 2838 enim
1006 2786 1067 2838 mihi
1087 2792 1140 2849 est,
1159 2789 1188 2837 iis
1206 2789 1250 2851 qui
1269 2788 1355 2839 volunt
1372 2788 1411 2838 sui
1427 2786 1517 2853 ingenii
1537 2792 1695 2838 monumenta

922 2889 1028 2951 posteris
1047 2889 1199 2952 relinquere,
1213 2902 1269 2952 que
1290 2888 1390 2939 minime
1405 2901 1454 2939 una
1476 2902 1534 2939 cum
1554 2887 1697 2952 corporibus

922 2992 1048 3040 vetustate
1060 2988 1197 3050 deleamur,
1206 3002 1236 3039 ec
1249 2987 1373 3053 precipue
1387 2987 1419 3038 ils
1433 2987 1478 3051 qui
1494 2987 1607 3038 scribunt
1620 2987 1699 3038 bisto-

923 3094 988 3154 εἰει,
1002 3100 1027 3144 ln
1041 3094 1131 3158 quibus
1148 3094 1292 3156 veritatem,
1312 3092 1449 3158 prudentis
1464 3092 1490 3145 et
1499 3093 1626 3157 sapientire
1647 3094 1699 3143 luu-

923 3194 1083 3260 dsmentum‚
1108 3195 1232 3248 conditam
1253 3209 1340 3246 omues
1370 3195 1558 3255 existimamus,
1591 3193 1698 3259 primum

921 3298 1032 3362 eligenda
1055 3311 1110 3348 esse
1127 3301 1271 3361 argumenta
1287 3297 1406 3361 preclare
1432 3299 1458 3346 et
1474 3294 1617 3360 msguiica,
1631 3309 1698 3360 quu-

922 3409 971 3460 que
993 3410 1106 3460 magnam
1136 3396 1267 3447 utilitatem
1287 3395 1421 3446 lectoribus
1445 3395 1553 3446 atterant
1577 3414 1583 3443 ι
1608 3394 1698 3445 δεῖσθε

922 3508 979 3546 oum
991 3508 1080 3558 magus
1091 3495 1216 3559 diligentia
1228 3498 1254 3546 et
1262 3494 1384 3546 industria
1399 3493 1512 3545 subsidia
1524 3494 1556 3544 ad
1568 3508 1699 3558 argumen-

923 3602 977 3649 tum
988 3596 1190 3662 pertractandum
1199 3596 1288 3648 idonea
1298 3597 1416 3662 parendo.
1447 3597 1495 3654 Qui
1505 3596 1570 3647 euim
1580 3597 1612 3647 de
1625 3596 1700 3648 rebus

925 3696 1039 3748 obscuris
1057 3700 1102 3747 aut
1124 3698 1206 3761 pravis
1231 3701 1275 3747 sut
1291 3696 1360 3748 nullo
1381 3696 1465 3747 studio
1483 3696 1565 3760 dignis
1583 3697 1700 3747 historias

924 3797 1139 3860 conscripserunt,
1152 3797 1205 3846 sive
1223 3795 1420 3862 concupiverunt
1439 3795 1592 3846 innotescere
1603 3798 1629 3844 et
1639 3808 1699 3857 qua·

924 3898 1045 3963 lecuuque
1059 3910 1148 3947 nomen
1169 3896 1285 3961 adipisci,
1309 3897 1363 3950 stre
1386 3897 1481 3959 copiam
1503 3898 1530 3945 et
1546 3895 1598 3944 rim
1618 3893 1698 3944 indr-

924 4001 1003 4052 cendo
1015 4001 1140 4050 ostentare
1156 3997 1302 4059 voluerunt,
1315 4009 1359 4047 eos
1373 3994 1406 4046 ob
1419 3995 1482 4044 banc
1496 3993 1587 4043 lamam
1605 3994 1699 4057 posteri

925 4114 1004 4162 ueeue
1029 4098 1184 4150 aemulantur
1213 4109 1292 4160 neque
1321 4093 1353 4144 ob
1377 4094 1542 4157 eloquentum
1565 4092 1667 4144 laudaui
1690 4114 1697 4145 ι

925 4200 983 4265 quia
1010 4200 1036 4250 iu
1061 4198 1149 4250 animis
1181 4210 1268 4250 eorum
1293 4197 1337 4260 qul
1359 4195 1474 4246 historias
1496 4195 1605 4260 ipsorum
1628 4196 1697 4245 erol-

926 4304 986 4354 ruut
998 4301 1136 4366 opinionem
1145 4300 1311 4364 reliquerunt,
1327 4298 1376 4348 tale
1388 4310 1416 4348 se
1434 4297 1498 4347 ritae
1512 4310 1589 4360 genus
1599 4300 1698 4347 secutos

925 4417 993 4465 esse,
1006 4402 1082 4466 quale
1101 4401 1200 4466 scriptis
1221 4400 1403 4462 expresserunt.
1435 4397 1510 4448 liaud
1527 4397 1609 4461 inepte
1632 4395 1698 4447 enim

925 4517 1010 4556 omues
1034 4502 1228 4565 uniuscuiusque
1244 4500 1319 4550 animi
1342 4498 1472 4564 imaginem
1488 4510 1542 4548 esse
1556 4495 1699 4546 existiment

59 4626 60 4631 ’
123 4581 214 4645 ‘dmi
232 4593 316 4672 θνὶχῆς
337 4593 395 4660 τοὺς
409 4593 510 4672 λόγους·
553 4595 591 4652 Οἱ
617 4593 644 4651 δὲ
667 4590 871 4674 προαιρούμενοι
925 4605 1069 4657 orationem.
1103 4606 1135 4653 lit
1150 4602 1185 4652 iili
1200 4602 1243 4663 qui
1263 4600 1467 4665 prestantissima
1493 4600 1636 4661 argumenta
1653 4596 1697 4646 eli·

924 4709 999 4772 gunt,
1011 4706 1055 4757 sed
1069 4710 1161 4755 temere
1180 4716 1210 4753 ac
1228 4702 1380 4766 negligenter
1397 4713 1427 4751 ea
1444 4712 1476 4749 es
1489 4697 1630 4762 quibuslibe
1647 4703 1697 4749 tru-

925 4808 1036 4858 moribus
1048 4807 1213 4869 componunt,
1236 4817 1266 4854 es
1283 4802 1328 4853 lali
1343 4799 1469 4866 proposito
1483 4797 1575 4847 nudam
1598 4795 1696 4847 laudem

925 4911 1043 4960 referunt.
1077 4905 1199 4957 Historias
1211 4904 1290 4966 enlm,
1304 4915 1368 4965 quae
1380 4900 1413 4951 de
1432 4899 1506 4949 claris
1518 4898 1661 4948 civitatibus
1673 4900 1698 4948 el

923 5009 984 5061 riris
995 5020 1091 5058 summa
1109 5006 1218 5071 potentia
1236 5003 1348 5070 preditis
1365 5001 1517 5061 scribuntur,
1530 5013 1577 5050 uec
1588 5012 1620 5049 ex
1632 5001 1694 5049 tem·

924 5126 984 5178 pore
1006 5125 1051 5162 uec
1074 5114 1167 5161 temere
1187 5105 1379 5161 conscribendas
1393 5116 1532 5155 censemus.
1568 5103 1632 5151 cnm
1655 5099 1698 5164 igi·

925 5219 966 5266 tur
980 5227 1063 5265 rerum
1072 5212 1233 5277 scriptoribus
1246 5212 1299 5261 buo
1309 5207 1446 5261 necessaria
1460 5208 1486 5257 et
1503 5203 1616 5269 inprimis
1625 5214 1697 5266 spro-

1592 5302 1600 5326 θ
