4048 5924
288 424 348 485 δθθ
805 416 976 478 DIO'NYSII
998 415 1380 480 HALICARNASSENSIS

292 588 305 613 ιι
323 582 370 632 την
391 581 420 615 τε
442 559 505 631 ὑμῖν
529 553 663 626 ἀνήλωται
678 549 724 610 καῖ
746 547 969 630 καταφρονήσεως
993 547 1064 607 αῖτια

292 672 305 697 ιι
322 646 439 723 γέγονεν,
459 646 494 709 ὡς
518 642 561 700 διὰ
575 640 625 713 τὴν
652 639 770 716 ἀνάγκην
797 636 1003 719 συγχωρηθέντα
1021 637 1065 714 ὑφ’

292 762 304 785 ιι
322 736 412 807 ὑμῶν,
441 730 499 790 ἀλλ’
521 732 631 789 οὐκέτ’
661 729 762 795 εὐνοίας
791 727 849 787 οὐδὲ
876 728 944 788 κατδι
968 726 1062 807 κρίσιν.

291 850 303 873 ιι
322 823 451 880 Σκοπεῖτε
465 819 516 899 γὰρ
530 818 619 884 οὑτως.
641 814 710 877 Ὅτε
723 815 824 888 ἀπέστη
841 816 931 876 λαόὼν
946 814 980 874 τδι
993 814 1063 874 όπλα

247 932 260 970 ε
290 936 302 961 ιι
319 911 334 967 δ
354 910 436 986 δῆμος
451 907 496 987 ἀφ’
508 911 581 984 ὑμῶν
598 907 644 966 καῖ
659 908 786 982 πολέμιος
800 908 861 983 ὑμῖν
873 905 1019 981 ἐτόλμησεν
1034 905 1064 962 έκ

291 1024 303 1048 ιι
322 1001 368 1055 τοῦ
383 1001 493 1077 φανεροῦ
508 994 646 1073 γενέσθαι,
663 995 795 1068 ἀδικηθείς
809 993 857 1071 μέν
874 994 961 1067 οὐδέν,
977 993 1007 1052 τὸ
1027 991 1064 1070 μὴ

291 1113 303 1137 ιι
321 1086 447 1144 δύνασθαι
462 1084 489 1143 δέ
512 1082 547 1142 ιθ
571 1082 640 1166 χρέα
655 1095 708 1151 τοῖς
725 1081 924 1160 σνμύεύληκόσι
943 1082 1066 1141 διαλῦσαι

290 1200 304 1227 ιι
323 1174 525 1251 σκηπτόμενος,
540 1173 586 1232 καῖ
613 1176 635 1231 εί
663 1172 825 1254 ψηφίσαισῖε
843 1174 919 1246 ὑμεῖς
935 1173 1022 1250 χρεῶν
1037 1193 1066 1228 τε

291 1288 303 1315 ιι
322 1264 458 1330 ἀποκοπὰς
472 1264 518 1322 καλ
533 1263 622 1322 ἄδειαν
639 1248 679 1321 bo
689 1262 794 1343 ἥμαρτε
808 1258 879 1320 κατδι
889 1258 1068 1338 τήνιάπόστα·

235 1372 260 1412 10
291 1376 303 1403 ιι
321 1373 378 1425 σιν,
388 1353 489 1419 ούθενδς
505 1358 543 1411 ἔτι
556 1351 695 1422 δεήσεσθαι
714 1348 783 1430 ἔφη,
798 1348 914 1428 έγνωσαν
928 1350 952 1407 οῖ
962 1346 1067 1415 πλείους

290 1466 303 1491 ιι
322 1443 409 1517 ὑμῶν,
438 1441 467 1499 ού
490 1437 542 1520 γάρ
567 1438 598 1510 δή
636 1438 732 1506 πάντες
754 1461 795 1516 γε,
825 1436 1066 1517 παρακρουσθέντες

289 1554 302 1583 ιι
320 1529 371 1587 ὑπὸ
382 1532 434 1586 τῶν
449 1527 624 1604 συμόούλων,
638 1530 674 1595 ὡς
689 1526 727 1604 μή
739 1549 804 1586 ποτε
815 1525 915 1608 ὤφελον
931 1526 1066 1604 ἀκυρῶσαι

290 1644 303 1671 ιι
321 1617 380 1685 τοὺς
398 1618 442 1678 tei
463 1622 497 1697 τῇ
518 1616 607 1676 πίστει
622 1615 742 1684 τεθέντας
758 1616 868 1693 νόμους,
888 1614 933 1674 καί
958 1613 1067 1693 μηδενὸς

291 1733 303 1760 ιι
322 1708 374 1764 τῶν
397 1706 456 1767 τότε
475 1706 657 1786 γεγενημένων
681 1710 851 1783 μνησικακεῖν
882 1704 1064 1780 ἀδικημάτων.

233 1812 258 1852 ιε
291 1820 304 1846 ιι
324 1794 381 1855 Οὔκ
394 1792 519 1872 ἠγάπησε
540 1795 638 1866 ταύτης
651 1791 739 1874 τυχών
763 1797 809 1865 τῆς
831 1791 955 1874 χάριτος,
969 1783 1000 1863 ἧς
1018 1793 1067 1870 μό·

291 1908 303 1933 ιι
321 1904 366 1952 νης
382 1880 547 1958 μεμνημένος
569 1880 620 1961 ἔφη
646 1884 805 1952 πεποιῆσθαι
824 1878 872 1952 τήν
902 1878 1062 1952 ἀπόστασιν,

290 1994 303 2021 ι
321 1971 381 2027 ἀλλ’
395 1970 469 2036 εὐθὺς
483 1971 573 2050 ἑτέραν
586 1968 625 2028 ἔτι
643 1966 741 2041 ταύτης
752 1968 811 2048 ᾔτει
827 1966 908 2044 μείζω
919 1966 965 2025 καὶ
979 1990 1067 2046 παρα-

290 2084 303 2110 ιι
320 2057 470 2138 νομωτέραν
487 2056 601 2137 δωρεάν,
615 2056 731 2126 ἐξουσίαν
752 2059 824 2137 αύτῷ
840 2057 945 2125 δοθῆναι
961 2055 1066 2135 δημάρ·

289 2172 302 2197 ι
320 2170 381 2224 χους
409 2146 436 2215 ἐξ
460 2149 539 2205 αὑτοῦ
561 2148 620 2204 καθ’
643 2146 754 2203 ἕκαστον
784 2138 840 2211 έτος
865 2142 1064 2216 ἀποδεικνύναι,

289 2264 302 2290 ιι
319 2240 450 2318 πρόφασιν
469 2236 516 2313 μὲν
531 2234 685 2312 ποιούμενος
708 2233 756 2305 τήν
771 2230 901 2312 ἡμετέραν
918 2231 1005 2312 ἰσχὺν,
1020 2230 1063 2290 ίνα

289 2351 301 2377 ιι
319 2323 351 2395 δὴ
367 2333 420 2392 τοῖς
435 2322 613 2401 ἀδικουμένοις
627 2322 673 2381 καῖ
686 2318 905 2402 κατισχυομένοις
920 2321 970 2377 τῶν
984 2317 1065 2389 πενή-

289 2441 302 2465 ιι
320 2437 370 2471 των
386 2411 522 2492 ἐπικουρία
532 2436 570 2479 τις
583 2411 689 2491 ὑπάρχῃ
706 2411 752 2469 καὶ
763 2420 910 2487 καταφυγή·
926 2411 962 2473 ὡς
980 2404 1062 2465 elee-

289 2530 301 2555 «
320 2501 397 2573 ληθές
416 2491 486 2582 εῖχεν
504 2499 681 2561 έπιύουλεύων
696 2503 733 2580 τῷ
751 2497 843 2578 κόσμιρ
855 2500 904 2568 τῆς
918 2494 1062 2568 πολιτείας,

289 2617 301 2643 ιι
321 2589 367 2648 καὶ
383 2590 419 2656 είς
433 2588 613 2669 δημοκρατίαν
623 2589 781 2668 περιστῆσαι
795 2582 829 2642 τδι
845 2584 990 2663 πράγματα
1008 2587 1064 2661 βου-

289 2707 301 2731 ιι
318 2678 436 2755 λόμενος.
469 2678 524 2737 Καὶ
538 2683 615 2737 τοῦτο
629 2677 736 2736 ἔπεισαν
749 2679 820 2752 ἡμᾶς
834 2675 858 2731 οἱ
872 2670 1016 2747 σύμύουλοι
1034 2672 1064 2730 τὸ

289 2792 302 2818 ιι
320 2767 425 2846 ἀρχεῖον
455 2766 532 2824 έάσαι
557 2769 696 2846 παρελθεῖν
718 2766 755 2831 εἰς
774 2761 821 2834 τὴν
846 2760 940 2834 πολιν,
957 2761 1000 2819 tei
1025 2764 1063 2841 τῷ

289 2880 303 2905 ιι
319 2857 399 2934 κοινῷ
421 2852 631 2932 παραγινόμενον
649 2858 741 2934 κακῷ,
758 2852 805 2911 καὶ
829 2850 945 2928 μάλιστα
960 2849 1004 2908 tet
1025 2853 1062 2931 τῷ

269 2922 302 2994 ἰι
320 2940 389 2999 κατδι
410 2946 457 3013 τῆς
481 2943 576 3018 βουλῆς
599 2944 700 3022 φθόνῳ,
720 2938 808 3000 πολλὰ
823 2937 898 3019 είπιρ
915 2937 967 3016 ἀρα
989 2936 1062 3015 μέμ-

290 3057 302 3084 ιι
321 3033 399 3102 νησθε
431 3030 590 3109 κεκραγότος
614 3032 679 3107 έμοῦ
699 3028 743 3088 καῖ
773 3027 969 3107 μαρτυρομένου
991 3025 1063 3093 θεούς

232 3143 258 3184 30
290 3147 303 3172 ιι
322 3142 351 3177 τε
365 3117 411 3177 καί
423 3117 586 3199 ἀνθρώπους,
602 3117 642 3176 ότι
655 3116 770 3194 πόλεμον
786 3115 911 3199 έμφύλιον
927 3115 1061 3174 ἄπαυστον

290 3232 302 3257 ιι
322 3207 358 3271 είς
370 3204 418 3276 τήν
432 3204 508 3262 πόλιν
528 3202 656 3279 εἰσάξετε,
671 3203 716 3263 καὶ
730 3203 818 3265 πάντα
837 3203 886 3263 ὅσα
907 3207 969 3283 ὑμῖν
990 3226 1062 3281 συμ-

288 3320 302 3345 ιι
321 3291 420 3364 ύέόηκε
434 3292 616 3374 προλέγοντος.

325 3385 356 3443 L.
377 3410 390 3437 ιι
407 3385 432 3443 Τ
434 3383 443 3440 ί
457 3372 501 3442 οὑν
516 3385 637 3457 έποίησεν
648 3390 662 3444 ό
672 3383 788 3464 χρηστδς
799 3387 863 3459 ἡμῖν
876 3385 975 3460 δῆμος,
994 3383 1062 3442 ἕπει·

289 3497 302 3523 ιι
320 3471 352 3543 δὴ
373 3470 418 3530 καὶ
444 3471 542 3545 ταύτην
562 3474 634 3554 αὑτῷ
657 3471 861 3555 συνεχωρήσατε
881 3471 929 3543 τήν
959 3472 1060 3552 ἀρχήν;

231 3587 258 3629 ab
288 3587 301 3614 ιι
319 3564 366 3620 οὑκ
380 3558 554 3638 ἐταμιεύσατο
573 3560 621 3634 τήν
636 3560 769 3636 τοσαύτην
791 3560 883 3642 χάριν,
898 3562 951 3621 οὐδ’
967 3559 1061 3620 έλαύεν

289 3676 301 3702 ιι
319 3648 512 3730 αἰσχυνομένως
526 3648 607 3723 αὐτὴν
623 3649 667 3710 καὶ
682 3648 839 3732 σωφρόνως,
856 3649 915 3708 ἀλλ’
930 3650 966 3716 ώς
982 3649 1063 3708 δεδοι-

288 3766 301 3793 ιι
321 3739 381 3799 κόσι
404 3738 452 3811 τήν
480 3738 556 3820 ἰσχὺν
584 3742 665 3800 αὑτοῦ
689 3739 736 3800 καλ
766 3738 961 3818 κατεπτηχόσιν
987 3740 1061 3813 ὑμῖν.

288 3857 301 3881 ιι
318 3828 434 3891 Ἔπειτα
456 3827 529 3908 ῖεράν
545 3827 591 3889 καὶ
614 3828 709 3888 ἀσυλον
733 3828 783 3909 έφη
800 3827 852 3887 δεῖν
874 3826 1063 3906 ἀποδειχθῆναι

288 3946 301 3972 ιι
317 3918 365 3991 τὴν
389 3918 474 3999 ἀρχήν
490 3917 575 3995 ὅρκοις
603 3916 816 3995 έμπεδωθεῖσαν,
843 3917 955 3994 κρείττω
981 3914 1062 3990 τιμὴν

230 4027 258 4064 ιιι
288 4032 300 4056 ιι
317 4005 468 4085 αἰτούμενος
478 3998 509 4078 ής
520 4004 650 4065 δεδώκατε
665 4004 739 4081 ὑμεῖς
748 4011 802 4069 τοῖς
814 4002 932 4068 ὑπάτοις.
978 3999 1061 4062 Ὑπε-

288 4120 301 4143 ιι
322 4096 427 4168 μείνατε
450 4094 495 4154 καὶ
516 4100 610 4164 τοῦτο,
635 4093 680 4152 καί
697 4092 805 4157 στάντες
821 4089 866 4149 ἐπί
889 4093 941 4149 τῶν
963 4091 1061 4167 τομίων

288 4206 300 4229 ιι
318 4183 378 4237 κατ’
388 4181 508 4250 ἐξωλείας
518 4185 617 4242 έαυτῶν
627 4205 656 4241 τε
666 4180 710 4241 καί
719 4183 772 4239 τῶν
783 4176 917 4260 προγόνων
928 4180 1060 4257 ὠμόσατε.

287 4294 300 4319 ιι
316 4266 352 4328 Τί
358 4259 402 4326 οὑν
416 4269 523 4342 ἐποίησε
534 4270 580 4330 καῖ
591 4269 684 4330 τούτου
698 4267 785 4350 τυχών
793 4288 802 4342 ;
816 4268 872 4326 ἀντί
888 4271 935 4327 τοῦ
950 4267 1061 4349 χάριτας

286 4382 299 4408 ιι
317 4359 378 4434 ὑμῖν
397 4356 492 4417 εἰδέναι
514 4358 558 4418 καί
585 4359 675 4427 σώζειν
698 4357 742 4417 τὸν
759 4356 869 4439 πάτριον
891 4355 991 4433 κόσμον
1015 4361 1061 4429 τῆς

249 4490 256 4513 ,
286 4473 298 4498 ιι
316 4444 616 4524 πολιτείας,ἀρξάμενος
639 4446 693 4507 ἀπδ
718 4446 816 4507 τούτοιν
838 4449 890 4505 τῶν
905 4443 1062 4513 πλεονεξιῶν

286 4559 298 4584 ιι
315 4535 360 4593 καὶ
370 4534 477 4600 ταύταις
488 4542 545 4602 ταῖς
554 4536 731 4616 παρανομίαις
744 4543 875 4621 ἀφορμαῖς
886 4538 938 4595 τῶν
953 4537 1057 4619 ὕστερον

286 4647 298 4671 ιι
315 4622 484 4704 χρησάμενος
506 4624 601 4702 νόμους
627 4650 655 4687 τε
681 4627 905 4712 ἀπρούουλεύτους
930 4628 1057 4709 εἰσφέρει,

286 4735 298 4761 ιι
315 4712 359 4769 καὶ
379 4711 486 4779 τούτους
499 4713 650 4794 έπιψηφίζει
672 4717 734 4797 δίχα
751 4721 797 4787 τῆς
812 4716 941 4796 ὑμετέρας
952 4715 1060 4795 γνώμης

285 4833 298 4858 “
316 4809 360 4867 καί
372 4801 408 4878 Οἷς
421 4811 452 4870 ἂν
467 4815 541 4889 ὑμεῖς
558 4813 683 4897 ἀκφέρητε
694 4815 823 4896 δόγμασιν
840 4817 868 4876 ού
881 4815 1004 4896 προσέχει
1016 4815 1060 4875 τὸν

285 4920 297 4945 ιι
317 4904 392 4971 νοῶν,
407 4898 452 4957 καλ
466 4904 518 4970 τῶν
532 4905 640 4963 ὑπάτων
651 4907 686 4973 ώς
698 4908 745 4964 oia
758 4907 840 4986 ὀρθῶς
850 4904 898 4978 τήν
914 4904 989 4965 πόλιν
1003 4906 1061 4965 έπι·

286 5005 299 5032 ιι
316 4986 493 5061 προπινόντων
507 4999 665 5072 κατηγορεῖ,
681 4991 727 5052 καὶ
748 4993 802 5060 τοῖς
821 4993 970 5054 έκύαίνουσι
985 4993 1060 5075 παρδι

286 5089 300 5115 a
317 5073 363 5136 ee<
385 5075 513 5154 ὑμετέρας
546 5077 684 5150 συνθήκας·
706 5078 792 5145 πολλδι
817 5078 846 5140 δέ
872 5082 942 5140 έστιν
968 5071 1004 5140 ὧν
1030 5081 1059 5139 ού

286 5179 300 5205 ιι
319 5155 426 5219 δύναται
440 5164 621 5244 στοχάσασθαι
636 5168 763 5243 λογισμὸς
778 5169 944 5247 ἀνθρώπινος·
966 5173 995 5229 οὐ
1011 5168 1060 5242 τήν

284 5265 300 5295 ιι
318 5248 421 5329 τύχην,
436 5247 526 5334 ὥσπερ
539 5254 634 5334 ἀχρῆν,
657 5253 726 5312 ἀλλὰ
742 5252 792 5326 τήν
807 5255 937 5335 ὑμετέραν
954 5256 1061 5336 έπιγρά·

1121 578 1134 603 ι
1156 558 1227 608 robis
1240 559 1355 628 maante
1370 557 1458 620 tuisse,
1478 565 1573 624 rosque
1594 572 1624 610 eo
1638 560 1735 612 nomine
1757 564 1901 619 contemni,

1121 666 1134 689 ιι
1150 647 1220 711 quasi
1234 646 1259 696 νῖ
1271 646 1425 697 necessitatis
1436 645 1553 709 adducti,
1567 661 1615 699 non
1633 653 1716 700 autern
1734 651 1809 702 animi
1822 654 1901 707 bene·

1120 762 1132 784 ι
1146 740 1253 793 volentia
1271 744 1368 792 etcum
1385 740 1476 792 iudicio
1494 755 1523 793 ea
1544 743 1724 795 concesseritis.
1738 746 1902 800 Considerate

1120 850 1133 874 ιι
1146 832 1229 893 enim,
1251 832 1374 894 υυοιτιοιῖο
1400 832 1486 896 plebs,
1514 847 1564 897 quo
1587 839 1697 900 tempore
1720 838 1798 903 captis
1823 840 1902 892 armis

1120 941 1132 964 ι
1149 922 1312 973 secessionem
1331 922 1427 974 anobis
1438 923 1508 988 tecit,
1523 926 1548 974 et
1562 938 1589 976 se
1605 927 1686 990 palam
1709 935 1821 983 vestnrm
1838 932 1900 985 1ιοε-

1120 1037 1132 1062 ι
1146 1018 1198 1069 tom
1217 1017 1323 1082 profiteri
1335 1032 1397 1069 ausa
1411 1023 1465 1081 est,
1477 1020 1509 1071 de
1523 1021 1589 1072 nulia
1603 1022 1694 1076 iniuria
1708 1032 1844 1093 conquesta
1855 1030 1903 1081 sed

1121 1127 1134 1152 ι
1150 1122 1178 1160 se
1191 1109 1308 1161 solvendo
1319 1126 1367 1162 non
1377 1126 1433 1165 csse
1448 1113 1581 1179 simulans,
1597 1131 1701 1184 seseque
1712 1121 1822 1174 εἰτιονεε
1830 1124 1904 1175 tabu·

1121 1203 1196 1267 elas,
1214 1208 1239 1256 et
1258 1209 1417 1271 peccatorum
1428 1222 1473 1274 per
1485 1210 1647 1264 secessionem
1670 1214 1836 1269 admissorum
1852 1220 1902 1270 im·

1121 1319 1133 1343 ι
1149 1299 1285 1365 punitatem
1312 1305 1396 1355 restro
1421 1303 1521 1356 decreto
1543 1305 1591 1367 ipsi
1623 1309 1818 1374 concessissetis,
1839 1313 1904 1364 nibil

1121 1414 1133 1437 ι
1151 1399 1271 1460 penteres
1289 1400 1467 1463 postulaturum
1485 1405 1611 1468 contessa,
1636 1408 1747 1473 plerique
1765 1408 1823 1460 iicet
1840 1422 1904 1460 ves·

1121 1506 1133 1529 ιι
1147 1488 1223 1548 trum,
1245 1501 1326 1553 oeque
1337 1492 1403 1542 cuim
1416 1508 1517 1556 omnes,
1529 1510 1544 1547 a
1557 1498 1703 1551 consiliariis
1720 1500 1777 1552 istis
1794 1500 1902 1565 decepti,

1120 1601 1133 1626 ιι
1149 1580 1215 1646 quod
1237 1583 1332 1633 utinam
1355 1599 1387 1636 ne
1406 1587 1500 1639 tactum
1527 1592 1562 1641 sit
1584 1592 1650 1655 teges
1672 1595 1704 1645 de
1728 1596 1902 1646 contractuum

1121 1694 1134 1717 ι
1152 1671 1200 1724 ude
1217 1672 1279 1725 latas
1293 1674 1425 1741 abrogare,
1450 1684 1475 1730 et
1489 1672 1599 1734 omnium
1613 1688 1674 1736 tuuc
1691 1687 1811 1739 lemarum
1832 1687 1900 1738 iniu-

1122 1786 1134 1810 ι
1149 1765 1242 1817 riarum
1255 1768 1398 1817 memoriam
1410 1769 1530 1835 deponere
1554 1776 1719 1829 decreverint.
1750 1781 1841 1829 Tamen
1852 1779 1900 1829 boc

1122 1859 1266 1910 «benetrmo
1289 1860 1419 1925 impetrato
1445 1877 1494 1914 non
1514 1868 1629 1917 contenta
1661 1869 1707 1935 tuit
1732 1870 1804 1922 cuius
1824 1871 1902 1922 soiius

1122 1977 1134 2001 ι
1151 1956 1273 2008 desiderio
1301 1969 1316 2005 a
1347 1970 1375 2007 se
1397 1958 1559 2011 secessionem
1589 1960 1682 2014 iactam
1712 1964 1825 2027 dicebat,
1856 1964 1903 2016 sed

1121 2068 1132 2089 «
1151 2046 1235 2097 statim
1243 2045 1311 2096 aliud
1319 2045 1411 2098 donum
1424 2049 1473 2099 isto
1486 2052 1556 2117 iunge
1567 2053 1648 2104 ιιιείυε
1662 2056 1688 2105 et
1697 2055 1806 2121 iniquius
1817 2057 1900 2121 petiit,

1122 2167 1133 2190 ιι
1151 2151 1179 2196 ut
1192 2146 1238 2196 sibi
1252 2145 1336 2198 liceret
1348 2146 1462 2197 tribunos
1471 2147 1504 2197 de
1512 2161 1556 2198 suu
1565 2147 1651 2199 urdine
1663 2149 1791 2214 quorsum
1802 2164 1900 2212 creare,

1124 2261 1135 2283 ιι
1152 2245 1287 2304 praeterens
1303 2245 1413 2292 nostmm
1435 2242 1583 2306 potemlam,
1607 2246 1634 2294 ut
1655 2246 1752 2297 seilicet
1774 2260 1901 2311 pauperes

1124 2340 1263 2392 «iniuriam
1277 2344 1302 2392 et
1314 2340 1365 2390 vim
1390 2339 1510 2405 patientes
1536 2340 1633 2404 aliquod
1653 2340 1771 2391 auxilium
1793 2344 1820 2392 et
1832 2342 1901 2392 retu·

1122 2455 1133 2477 ι
1151 2436 1217 2500 pium
1232 2436 1367 2495 habereut,
1392 2448 1478 2485 revera
1492 2448 1550 2486 veru
1569 2434 1707 2499 reipublicae
1727 2436 1815 2485 turma
1837 2435 1901 2486 insi-

1121 2542 1133 2566 ιι
1149 2522 1234 2581 dinus,
1262 2527 1287 2573 et
1311 2522 1358 2572 hoc
1379 2520 1520 2585 reipublicae
1548 2521 1748 2572 administrandae
1774 2536 1852 2586 genus
1874 2522 1902 2573 in

1119 2626 1133 2655 ιι
1146 2610 1287 2673 popularem
1302 2606 1455 2658 dominatum
1473 2611 1618 2659 convertere
1639 2608 1733 2660 rolens.
1767 2612 1821 2659 lice
1842 2624 1902 2673 quo-

1120 2714 1132 2738 ι
1147 2710 1196 2760 que
1211 2698 1281 2748 nobis
1297 2696 1427 2747 consiliarii
1449 2697 1492 2748 isti
1517 2704 1707 2762 persuaserunt,
1737 2703 1764 2750 ut
1787 2700 1899 2751 tribuno-

1120 2803 1132 2827 ι
1148 2796 1203 2833 rum
1221 2782 1349 2847 collegium
1375 2782 1589 2847 inrempublieam
1611 2785 1816 2849 admitteremus,
1832 2790 1900 2853 quod

1120 2889 1132 2913 ι
1145 2868 1169 2919 in
1181 2883 1335 2920 communem
1348 2870 1480 2934 perniciem
1492 2875 1518 2921 et
1526 2873 1659 2923 maximam
1671 2877 1769 2939 patrum
1781 2876 1900 2927 invidiam

1120 2976 1132 2999 ιι
1148 2960 1273 3020 receptum
1293 2959 1344 3018 est,
1364 2970 1404 3007 me
1423 2957 1461 3019 (si
1475 2957 1547 3008 modo
1558 2959 1722 3024 meministis)
1735 2961 1843 3013 multum
1857 2977 1900 3014 re-

1121 3060 1134 3084 ι
1148 3042 1284 3103 clamante,
1309 3045 1335 3093 et
1349 3042 1409 3093 deos
1432 3043 1592 3110 hominesque
1614 3048 1770 3110 obtestante,
1790 3064 1805 3098 a
1827 3050 1902 3101 robis

1121 3148 1134 3171 ιι
1150 3136 1295 3193 perpetuum
1318 3129 1389 3180 civile
1406 3130 1498 3181 bellum
1515 3133 1541 3182 ia
1558 3133 1646 3185 urbem
1664 3134 1833 3188 introductum
1852 3138 1900 3199 iri,

1119 3235 1131 3259 ιι
1146 3218 1171 3265 et
1186 3216 1268 3266 omnia
1278 3254 1284 3277 ,
1294 3230 1351 3280 qum
1366 3217 1437 3269 robis
1451 3225 1600 3282 evenerunt,
1615 3221 1774 3286 predicente.

1149 3391 1176 3440 b.
1189 3407 1201 3431 ι
1213 3388 1279 3446 Quid
1289 3388 1363 3453 igitur
1377 3392 1436 3442 tecit
1445 3391 1510 3444 bona
1519 3393 1566 3444 isia
1579 3394 1663 3459 plebs,
1677 3401 1808 3461 postquam
1824 3397 1895 3450 bunc

1118 3498 1131 3523 ιι
1147 3490 1244 3542 qaoque
1258 3479 1430 3541 magistratum
1447 3480 1493 3544 ipsi
1508 3483 1689 3534 concessistis?
1711 3487 1789 3535 Tanto
1802 3484 1900 3538 maau-

1119 3586 1131 3610 ιι
1147 3565 1185 3617 cio
1205 3579 1253 3615 uon
1269 3570 1307 3616 est
1320 3566 1446 3618 moderate
1460 3583 1518 3632 usa,
1532 3584 1577 3621 nec
1595 3570 1622 3619 id
1639 3586 1695 3622 curn
1715 3574 1854 3625 reverentia
1872 3579 1900 3627 et

1120 3674 1133 3698 ι
1147 3653 1267 3705 modestia
1286 3654 1394 3717 accepit,
1417 3656 1461 3707 sed
1474 3661 1591 3722 tauquam
1606 3659 1638 3711 ab
1650 3662 1792 3713 {nominibus
1810 3667 1898 3728 poten·

1120 3763 1133 3788 ιι
1146 3744 1206 3794 tiam
1217 3742 1296 3807 ipsius
1319 3743 1506 3796 formidantibus
1517 3750 1542 3796 et
1555 3751 1623 3797 metu
1643 3751 1807 3801 consternatis
1817 3756 1901 3804 extor-

1120 3850 1133 3874 ι
1145 3834 1208 3882 tum.
1241 3831 1329 3880 Postea
1346 3836 1528 3882 sacrosanctum
1540 3837 1566 3883 et
1589 3834 1755 3887 inviolabilem
1766 3838 1830 3889 bnae
1846 3853 1901 3893 ma-

1119 3938 1131 3962 «
1146 3917 1275 3981 gistratum
1289 3917 1423 3969 creandum
1437 3919 1514 3982 dixit,
1535 3920 1691 3972 iureiurando
1710 3925 1898 3989 confirmatum,

1120 4029 1133 4053 ι
1149 4008 1265 4058 maiorem
1284 4004 1403 4056 honorem
1422 4007 1565 4071 postulans,
1581 4022 1655 4072 quam
1676 4010 1736 4074 ipsis
1757 4016 1900 4066 consulibus

1119 4119 1131 4143 ιι
1147 4094 1274 4148 dederitis.
1287 4096 1341 4144 Hoc
1352 4110 1452 4161 quoque
1465 4098 1557 4149 tulistis
1567 4136 1574 4159 ,
1584 4103 1610 4149 et
1630 4102 1725 4151 stantes
1738 4101 1772 4151 ad
1785 4102 1900 4155 victimas

1118 4210 1130 4233 ιι
1146 4199 1222 4238 caesas
1239 4185 1265 4235 iu
1276 4188 1381 4236 restrum
1396 4192 1421 4238 et
1441 4191 1530 4240 vestrm
1545 4189 1669 4253 progeniei
1686 4190 1820 4253 pemicienr
1831 4192 1899 4244 iura·

1118 4301 1130 4325 ι
1145 4280 1199 4332 stis.
1212 4280 1277 4338 Quid
1289 4284 1373 4330 autem
1388 4279 1445 4330 iecit
1461 4277 1509 4329 bac
1522 4292 1620 4344 qaoque
1633 4292 1661 4330 re
1671 4279 1820 4344 impetrata?
1836 4284 1902 4333 Cum

1118 4388 1130 4411 ι
1145 4366 1249 4430 gratiam
1264 4367 1334 4416 vobis
1344 4366 1436 4417 habere
1446 4370 1472 4416 et
1487 4379 1634 4417 conservare
1649 4366 1757 4430 patrium
1778 4367 1902 4431 reipubli-

1119 4474 1131 4498 ι
1146 4466 1182 4503 σεο
1199 4456 1293 4503 statum
1314 4452 1426 4516 deberet,
1451 4451 1526 4502 ducto
1551 4452 1621 4503 initio
1637 4453 1671 4504 ab
1684 4453 1738 4503 istis
1750 4453 1901 4519 baudibus,

1118 4572 1130 4595 ιι
1143 4553 1218 4616 atque
1232 4552 1321 4604 burum
1343 4552 1484 4616 iniquorum
1507 4546 1642 4596 facinorum
1664 4543 1816 4593 adminiculis
1835 4558 1901 4607 usa,

1118 4662 1130 4686 ι
1146 4646 1174 4695 ut
1185 4642 1233 4693 sibi
1242 4644 1307 4694 riam
1320 4642 1352 4694 ad
1364 4643 1447 4693 futura
1460 4642 1590 4699 sterneret,
1604 4635 1671 4700 leges
1686 4635 1737 4685 sine
1749 4632 1800 4683 atio
1815 4640 1903 4686 restro

1118 4756 1131 4780 ι
1147 4734 1360 4787 senatusconsulto
1391 4736 1454 4794 tert,
1480 4747 1570 4796 easque
1595 4730 1647 4782 suis
1677 4728 1803 4791 sutfragiis
1826 4728 1902 4778 vobis

1119 4841 1130 4864 ι
1145 4821 1230 4872 inritis
1242 4820 1379 4884 confirmat,
1394 4823 1419 4871 et
1428 4821 1512 4871 restra
1525 4814 1739 4871 senatusconsulta
1749 4814 1899 4871 coutemnit,

1118 4929 1130 4953 ιι
1146 4912 1172 4961 et
1191 4910 1304 4961 eonsules
1332 4912 1360 4959 ut
1385 4908 1564 4973 rempublicam
1601 4907 1666 4958 male
1697 4903 1903 4955 administrantes

1118 5019 1130 5043 ι
1145 5003 1258 5061 accusat,
1291 5002 1316 5050 ei
1343 4997 1464 5062 quidquid
1490 5000 1575 5049 οοιιῖτε
1601 4999 1741 5047 vestrorum
1769 4997 1902 5059 pactorum

1118 5106 1131 5130 ιι
1146 5087 1299 5137 conditiones
1309 5086 1399 5137 accidit
1414 5107 1420 5136 :
1440 5085 1517 5136 multa
1530 5087 1616 5136 autem
1629 5087 1696 5143 sunt,
1712 5096 1770 5146 qum
1792 5081 1903 5132 irumana

1118 5199 1131 5224 ιι
1153 5180 1307 5231 ratiocinatio
1322 5178 1422 5242 assequi
1442 5180 1548 5243 nequit:
1570 5191 1619 5228 non
1639 5177 1761 5240 tertuum,
1773 5179 1804 5226 ut
1822 5176 1901 5229 dece·

1117 5284 1130 5309 ι
1145 5264 1202 5327 bat,
1217 5264 1260 5316 sed
1273 5264 1350 5315 animi
1369 5263 1445 5315 vestri
1457 5264 1557 5316 malitia
1574 5263 1709 5326 adscribit;
1725 5265 1752 5314 et
1765 5262 1902 5326 simulans,
