4048 5924
655 408 948 478 ANTIOUITATUM
970 407 1121 473 ROMAN.
1145 413 1218 474 LlB.
1242 413 1309 474 iili.

1728 419 1782 476 iti

174 541 272 612 σιακύες
285 542 333 613 τὴν
348 541 425 600 πολιν
439 539 486 600 καῖ
508 541 614 600 πολλῶν
638 542 705 621 αὑτῇ
724 543 814 601 κακῶν
837 541 950 621 γεγονὼς
976 566 981 630 γ
1008 554 1059 604 tete
1075 553 1274 617 concitarest,et
1288 554 1422 606 multarum
1444 556 1499 606 eius
1512 554 1683 606 calamitatum
1699 558 1788 606 auctor

174 634 265 701 αἴτιος.
309 628 483 708 Ἐνθυμηθείς
507 628 558 705 δὴ,
584 626 633 688 ὅσα
657 630 711 710 χρὴ
737 629 825 708 λέγειν
851 655 880 690 τε
904 631 950 690 καὶ
1006 639 1102 693 luisset.
1121 641 1169 692 llio
1181 642 1257 705 igitur
1268 643 1403 694 meditatus
1415 642 1474 707 quid
1486 641 1620 694 &cendum
1628 645 1654 694 et
1663 641 1787 706 agendum

173 723 315 805 πράττειν,
340 719 387 782 καί
410 717 479 796 μετά
504 721 557 783 τῶν
573 719 756 799 συναρχόντων
774 718 953 800 βουλευσάμε·

173 833 231 883 νος,
254 808 345 882 ἐπειδὴ
368 807 504 875 κάκείνοις
525 805 602 888 ἔσχεν
628 806 830 886 ὁμογνώμονας,
857 808 952 880 ἀνέστη

135 918 148 954 n
175 899 220 958 καῖ
245 897 328 979 μικρδι
347 899 408 979 περί
423 899 470 969 τῆς
484 894 647 976 κατεχούσης
668 898 713 955 τὸν
739 899 821 972 δῆμον
841 899 952 978 ἀτυχίας

175 987 370 1067 ἀποδυράμενος
384 983 444 1052 τούς
462 1007 491 1044 τε
515 983 630 1052 ὑπάτους
652 984 792 1065 ἐπῄνεσεν,
818 986 859 1046 ὅτι
877 987 952 1064 λόγον

162 1074 291 1148 ,ἠξίωσαν
306 1077 429 1154 ὑποσχεῖν
442 1081 495 1141 τοῖς
519 1074 646 1149 δημόταις
660 1075 710 1154 οὑχ
724 1074 888 1154 ὑπεριδόντες
904 1078 953 1135 αὑ-

176 1169 228 1225 τῶν
251 1168 296 1234 τῆς
319 1161 522 1236 ταπεινότητος,
544 1161 589 1221 καί
609 1172 662 1230 τοῖς
687 1164 833 1245 πατρικίοις
857 1163 954 1224 εἰδέναι

177 1254 256 1334 χάριν
272 1250 382 1332 ίφησεν,
401 1250 425 1310 εί
438 1275 475 1319 τις
490 1251 576 1317 αὑτοῖς
594 1250 647 1322 ἤδη
662 1250 726 1310 ποτὲ
750 1252 853 1333 φροντὶς
869 1253 954 1332 εῖσέρ·
974 1266 978 1271 ’

124 1357 150 1397 ευ
163 1363 254 1421 ,χεται
266 1345 312 1412 τῆς
321 1339 452 1421 σωτηρίας
463 1344 515 1401 τῶν
528 1338 657 1411 πενήτων·
672 1341 719 1399 καί
731 1339 771 1398 ἔτι
790 1343 890 1416 μᾶλλον
904 1340 953 1422 ἔφη

178 1427 247 1507 μετδι
267 1428 373 1488 πάντων
387 1428 613 1510 ίκμαρτυρήσειν,
630 1427 675 1489 tir
697 1427 777 1507 ὅμοια
791 1430 952 1511 παράσχων·

176 1541 221 1577 ται
230 1521 283 1586 τοῖς
298 1518 383 1598 λόγοις
398 1517 432 1576 τδι
444 1519 519 1596 ἔργα.

217 1607 349 1666 XXXIV.
364 1603 455 1667 Εἰπὼν
468 1606 495 1664 δὲ
508 1610 593 1664 ταὺτα
610 1604 655 1665 καί
670 1604 746 1675 δόξας
758 1605 862 1687 μέτριος
875 1606 955 1687 ὀργὴν

177 1686 303 1755 εἶναικαὶ
323 1693 507 1761 διαλλακτικὸς
529 1694 679 1775 ἐπιστρέφει
694 1692 760 1773 πρὸς
773 1693 817 1753 τὸν
834 1694 955 1774 Μάρκιον

125 1796 149 1835 ¹⁵
177 1782 365 1864 παρεστηκότα
387 1785 439 1849 τοῖς
458 1781 566 1848 ὑπάτοις
584 1782 629 1841 καὶ
649 1781 729 1862 λέγει·
743 1808 755 1834 ε
770 1781 809 1843 zi
825 1782 852 1842 δδ
869 1783 895 1842 τί
909 1784 956 1843 οὑκ

180 1900 193 1927 α
215 1875 332 1952 ἀπολογῇ
342 1870 407 1952 πρδς
417 1869 475 1937 τοὺς
486 1876 582 1930 σαυτοῦ
595 1868 720 1945 πολίτας,
734 1860 885 1948 ώγενναῖε,
896 1872 957 1950 περὶ

180 1989 194 2015 υ
211 1952 248 2020 ών
263 1952 340 2030 εἰπας
352 1963 378 2020 ἐν
396 1960 538 2041 τῇβουλῇ;
551 1961 652 2036 μᾶλλον
668 1960 695 2020 δὲ
710 1959 735 2019 τί
749 1965 797 2020 οὐκ
812 1960 957 2028 ἀντιθολεῖς

180 2078 194 2106 α
212 2051 259 2110 καί
271 2054 388 2130 παραιτῇ
399 2048 444 2116 τάς
454 2048 534 2129 ὀργάς
543 2052 640 2122 αὐτῶν,
652 2044 696 2108 ίνα
710 2050 888 2130 μετριωτέραν
899 2052 957 2109 ἐπι-

181 2166 194 2194 α
211 2138 276 2199 θῶσί
291 2161 332 2197 σοι
348 2136 462 2214 ζημίαν;
479 2140 614 2218 ἀρνεῖσθαι
636 2138 685 2213 μὲν
703 2138 754 2219 γάρ
771 2142 817 2198 οὑκ
832 2139 863 2197 ἂν
878 2139 955 2208 ἀξιώ-

126 2247 154 2286 αο
182 2254 195 2283 α
212 2227 289 2305 σαιμί
302 2251 332 2287 σε
346 2226 477 2287 τοσούτων
490 2227 591 2307 ἀνδρῶν
606 2227 731 2300 εἰδότων,
744 2230 798 2287 οὐδ’
815 2230 851 2296 εἰς
865 2233 956 2291 ἀναισ·

182 2343 196 2371 α
213 2314 322 2396 χὺντους
333 2313 507 2397 καταφεύγειν
520 2314 683 2395 ἀπολογίας,
696 2316 819 2396 Μάρκιον
833 2316 897 2378 όντα
911 2319 957 2377 καί

182 2434 195 2462 α
213 2407 335 2488 φρόνημα
342 2408 429 2481 μεῖζον
439 2401 456 2476 ἢ
466 2407 527 2464 κατ’
536 2403 642 2469 ἰδιώτην
655 2405 758 2486 ἔχοντα·
766 2409 789 2466 εἰ
798 2405 836 2482 μὴ
848 2406 900 2486 ἀρα
905 2416 957 2476 τοῖς

183 2523 196 2551 π
214 2496 262 2573 μέν
277 2496 385 2563 ὑπάτοις
399 2493 445 2552 καί
459 2501 512 2561 τοῖς
522 2494 670 2573 πατρικίοις
684 2497 773 2562 καλῶς
784 2493 842 2576 ἔχει
859 2497 957 2556 πείθειν

184 2610 197 2637 α
215 2581 280 2663 ὑπδρ
291 2587 400 2643 σεαυτοῦ
414 2583 458 2644 τὀν
478 2583 576 2658 δῆμον,
588 2582 630 2641 σοῖ
649 2581 676 2641 δὲ
689 2585 736 2642 οὑκ
747 2582 799 2663 ἀρα
807 2584 894 2649 καλῶς
909 2583 959 2652 ἕξει

127 2694 154 2734 et
186 2698 200 2728 α
213 2672 244 2733 τὸ
253 2672 317 2733 αὐτὸ
326 2679 401 2732 τοῦτο
407 2671 468 2749 περί
477 2677 586 2732 σεαυτοῦ
599 2669 751 2743 ποιήσαντι.
759 2675 872 2732 »Ταῦτα
878 2673 901 2730 δ’
907 2671 960 2731 ἕλε·

182 2785 226 2842 γεν
239 2764 286 2822 οὑκ
305 2763 423 2840 ἀγνοῶν,
438 2757 478 2819 ὅτι
494 2760 668 2842 μεγαλόφρων
684 2759 751 2840 ἀνὴρ
764 2762 813 2840 οὑχ
835 2765 961 2837 ὑπομενεῖ

181 2851 327 2931 κατήγορος
347 2854 441 2911 ίαυτοὺ
456 2849 593 2929 γενόμενος
614 2855 650 2918 ὡς
674 2847 838 2929 ἡμαρτηκὼς
865 2849 959 2931 άφεσιν

181 2941 310 3001 αἰτεῖσθαι
334 2944 382 3012 τῆς
406 2936 552 3018 τιμωρίας,
579 2940 633 2998 οὐδ’
660 2940 695 3007 είς
721 2936 884 3021 ὀλοφυρμοὺς
912 2937 959 2997 καί

181 3028 282 3101 δεήσεις
302 3028 494 3110 καταφεύξεται
515 3025 589 3105 παρδι
613 3030 657 3088 τὀν
671 3031 765 3087 ἑαυτοῦ
780 3026 887 3107 τρόπον,
904 3026 961 3086 ἀλλ’

128 3144 154 3184 oo
180 3118 240 3191 ἤτοι
263 3119 308 3178 καί
330 3119 360 3178 τδ
377 3116 504 3195 παράπαν
530 3116 674 3185 ἀπαξιώσει
697 3115 747 3189 τὴν
770 3114 957 3193 ἀπολογίαν,ἣ

181 3207 230 3279 την
248 3206 361 3289 ἰμφυτον
377 3205 517 3265 αὐθάδειαν
532 3205 671 3284 φυλάττων
693 3204 764 3266 οὑθίν
778 3203 960 3265 ὑποθωπεύσει

181 3295 226 3355 τὸν
241 3296 327 3373 δῆμον
343 3294 486 3374 μετριάσας
501 3292 561 3375 περί
575 3293 635 3361 τοὺς
653 3293 754 3373 λόγους·
772 3292 837 3372 ὅπερ
852 3293 897 3354 καί
912 3316 961 3352 συ-

182 3384 256 3458 νέὺη.
309 3383 456 3461 Γενομένης
479 3382 532 3461 γάρ
554 3383 669 3463 ἡσυχίας
693 3383 739 3443 καί
760 3384 859 3454 πολλῆς
881 3384 962 3459 ἔμπε-

184 3473 281 3544 σούσης
305 3472 394 3551 ὀλίγου
408 3469 460 3528 δεῖν
476 3479 544 3529 πᾶσι
567 3479 620 3538 τοῖς
640 3473 790 3547 δημοτικοῖς
816 3471 963 3550 προθυμίας

129 3583 155 3620 οε
186 3561 311 3621 ἀπολύειν
324 3565 418 3630 αὑτὸν,
431 3561 454 3618 εἰ
468 3559 512 3619 τδν
526 3559 646 3638 παρόντα
663 3558 834 3639 θεραπεύσειε
850 3558 962 3637 καιρὸν,

184 3648 307 3721 τοιαύτην
329 3648 468 3708 αὐθάδειαν
490 3646 639 3727 ἐπεδείξατο
659 3648 761 3724 λόγων,
778 3645 825 3705 καῖ
839 3652 962 3706 τοσοῦτον

184 3742 271 3800 αὐτῶν
293 3739 502 3819 κατεφρόνησεν,
524 3735 593 3795 ὥστε
616 3735 754 3816 παρελθὼν
778 3733 882 3816 ἔξαρνος
911 3734 958 3811 μὲν

184 3824 250 3906 ὑπέρ
277 3827 377 3894 οὑθενδς
400 3817 432 3899 ἦν
447 3830 501 3884 τῶν
525 3825 590 3905 πρὸς
612 3825 660 3896 τὴν
687 3823 784 3906 βουλὴν
813 3824 960 3906 εἰρημένων

183 3915 253 3975 κατὰ
267 3920 311 3974 τοῦ
326 3914 456 3987 πλήθους,
470 3912 526 3970 οὐδ’
539 3915 573 3978 ιὺς
596 3911 800 3992 μεταγινώσκων
811 3914 855 3972 ἐπ’
874 3912 960 3980 αὑτοῖς

130 4028 158 4063 an
184 4004 221 4071 εἰς
235 4004 336 4071 οἰκτους
350 4001 396 4061 καί
413 3997 587 4079 παραιτήσεις
605 3998 737 4082 ἐτρέπετο·
755 4001 841 4081 ἀρχὴν
863 4000 890 4059 δὲ
903 3999 961 4060 etti

184 4093 320 4160 δικασταῖς
343 4093 432 4157 αὑτοῖς
451 4087 524 4160 ἠξίου
538 4093 654 4169 χρῆσθαι
674 4091 735 4170 περί
749 4090 851 4157 οὑδενδς
871 4090 961 4169 πράγ-

185 4204 285 4259 ματος,
305 4185 342 4248 ὣς
360 4177 484 4254 οὑδεμίαν
499 4176 604 4258 ἔχουσιν
620 4178 739 4248 ἐξουσίαν
754 4179 875 4256 νόμιμον·
893 4181 915 4237 εἰ
934 4180 962 4238 δί

186 4269 345 4348 βουλήσεταί
359 4292 398 4335 τις
413 4266 456 4325 ἰπὶ
480 4269 532 4325 τῶν
556 4268 661 4328 ὑπάτων
687 4270 766 4329 αὑτοῦ
791 4273 962 4349 κατηγορεῖν,

186 4357 232 4419 εἰτ’
249 4359 332 4438 ίργων
347 4359 454 4429 εὑθὺνας
476 4364 596 4423 ἀπαιτῶν
612 4358 666 4418 εἰτε
686 4360 791 4440 λόγων,
813 4359 873 4418 ίνθα
887 4360 965 4434 νόμος

131 4476 159 4514 ιε
186 4446 276 4521 ἰστῖν,
290 4449 394 4523 ίτοιμος
408 4439 475 4510 εἰναι
491 4449 566 4520 δίκην
580 4447 697 4528 ὑπέχειν.
745 4446 965 4531 Παρεληλυθέναι

187 4534 216 4593 δί
229 4536 294 4617 πρὸς
315 4535 375 4605 τούς
393 4538 510 4616 δημότας
528 4540 636 4616 ίλεγεν,
654 4537 746 4610 ἐπειδὴ
772 4539 898 4599 κολούων
919 4537 967 4595 αὑ-

187 4626 243 4696 roi,
258 4624 292 4686 τά
307 4625 356 4705 μίν
372 4626 539 4705 ἐπιτιμίων
554 4634 613 4693 ταῖς
624 4624 804 4707 παρανομίαις
821 4624 966 4686 αὐτῶνκαὶ

188 4713 363 4787 πλεονεξίαις,
387 4707 429 4784 αἶς
445 4717 594 4797 ἐχρήσαντο
618 4714 680 4796 περί
701 4739 731 4777 τε
747 4713 796 4787 τὴν
819 4717 966 4777 ἀπόστασιν

185 4801 234 4862 καί
249 4802 317 4880 μετδι
330 4800 379 4877 τὴν
393 4806 512 4866 κάθοδον·
526 4804 561 4864 τίε
575 4803 603 4862 δί
627 4802 831 4879 συμὺουλεὺσονν
846 4808 965 4881 ἐπισχεῖν

131 4918 159 4955 su
184 4889 238 4964 ἤδη
255 4890 318 4952 ποτί
333 4893 379 4952 καί
391 4896 529 4954 συστεῖλαι
543 4892 590 4959 τδς
608 4890 713 4959 ἀδίκους
728 4892 878 4967 ίπιθυμίας.
912 4893 966 4952 Καὶ

186 4981 255 5059 μετά
272 4988 351 5044 τοὺτο
366 4986 529 5067 ἐπιστρεφῶς
548 4980 618 5041 πάνυ
642 4980 689 5040 καί
702 4979 819 5061 θρασέως
841 4980 967 5040 ἁπάντων

184 5074 275 5133 αὑτῶν
299 5074 472 5149 καθήπτετο,
497 5073 543 5132 καί
575 5071 693 5148 μάλιστα
718 5074 780 5129 τῶν
806 5071 964 5150 δημάρχων.

183 5165 289 5241 ipsuis
313 5160 341 5223 δί
364 5167 445 5224 αὑτοῦ
460 5170 513 5230 τοῖς
522 5161 609 5241 λύγοις
639 5161 690 5239 οὑχ
710 5161 746 5225 ὡς
758 5159 868 5220 πολίτου
883 5161 966 5236 δῆμον

187 5250 408 5320 ἀναδιδάσκοντος
431 5251 580 5330 εύλόγιστος
603 5243 696 5322 εἰδώς,
719 5246 777 5308 οὑδί
801 5250 837 5317 ώς
862 5248 966 5308 ἰδιώτου

1007 731 1086 797 esset,
1105 733 1131 779 et
1145 729 1248 780 oonsilio
1269 743 1326 781 curn
1348 730 1447 796 collegis
1469 729 1667 791 communicato,
1681 728 1725 779 nbi
1744 742 1788 780 eos

1007 830 1092 867 secum
1110 818 1249 869 consentire
1265 819 1392 884 cognovit,
1408 818 1532 881 surrexit,
1544 819 1659 883 etpauea
1672 817 1787 882 σοεοθειιι

1007 906 1039 957 de
1050 905 1128 970 plebis
1139 907 1245 959 miseriis
1262 923 1321 960 oum
1333 909 1506 961 lamentatione
1526 908 1660 974 praelatus,
1675 905 1789 958 consules

1008 995 1133 1057 laudarit,
1154 997 1221 1061 quod
1232 996 1327 1062 dignati
1345 999 1429 1050 essent
1444 997 1523 1062 plebi,
1546 998 1600 1049 eius
1622 995 1789 1047 humilitatem

1008 1096 1058 1135 non
1068 1085 1204 1148 aspernati,
1218 1085 1338 1135 rationem
1349 1083 1469 1144 reddere;
1483 1083 1594 1148 patriciis
1609 1096 1711 1147 quoque
1723 1096 1790 1146 mag·

1009 1186 1066 1224 uam
1086 1173 1218 1224 rehabere
1233 1173 1337 1236 gratiam
1356 1172 1435 1236 dixit,
1457 1172 1479 1222 si
1496 1172 1595 1223 tandem
1614 1171 1746 1237 aliquando
1757 1171 1789 1223 de

1010 1259 1111 1322 inopum
1122 1259 1203 1309 salute
1215 1258 1306 1310 soliciti
1316 1273 1372 1311 esse
1386 1259 1520 1324 inciperent
1538 1281 1544 1309 :
1556 1259 1647 1311 adiecit
1658 1264 1789 1325 proterea,

1011 1360 1038 1398 se
1057 1346 1136 1396 multo
1149 1345 1229 1411 magis
1244 1359 1303 1398 curu
1314 1347 1404 1398 ceteris
1423 1347 1514 1397 testem
1527 1346 1658 1409 futurum,
1679 1349 1702 1399 si
1717 1347 1791 1399 dictis
1823 1382 1825 1386 -

1012 1432 1076 1482 iactu
1089 1429 1274 1497 responderent.

1042 1612 1152 1661 xliiilv.
1168 1608 1213 1659 llis
1227 1608 1318 1669 dictis,
1335 1622 1394 1659 cum
1414 1607 1464 1659 iarn
1477 1607 1605 1659 rideretur
1616 1608 1700 1659 mitior
1718 1611 1743 1658 et
1759 1608 1792 1659 ad

1011 1698 1235 1749 reconciliationem
1271 1697 1429 1762 propensior,
1456 1709 1592 1747 conversus
1615 1693 1648 1745 ad
1671 1696 1792 1748 llarcium

1012 1783 1156 1837 oonsulibus
1177 1784 1319 1835 adstantem
1338 1802 1345 1834 ;
1367 1802 1379 1827 ε
1399 1786 1436 1834 Tu
1448 1797 1523 1846 vero,
1540 1782 1635 1848 inquit,
1649 1796 1793 1849 ogenerose

1013 1894 1026 1919 α
1044 1874 1091 1936 vir,
1102 1887 1147 1924 cur
1155 1872 1197 1923 hic
1206 1873 1272 1937 apud
1291 1871 1359 1923 eires
1370 1874 1426 1922 tuos
1438 1884 1487 1922 non
1498 1884 1590 1937 purges
1600 1870 1721 1935 tedeiia,
1735 1885 1793 1936 quse

1015 1961 1066 2013 «in
1088 1965 1175 2013 senatu
1195 1960 1298 2012 dixisti?
1313 1964 1369 2012 lmo
1387 1973 1448 2010 aero
1466 1972 1511 2010 cur
1528 1972 1577 2010 uon
1591 1959 1736 2024 suppliciter
1750 1974 1794 2011 eos

1015 2070 1028 2095 α
1043 2063 1109 2111 oras,
1120 2050 1231 2113 iramque
1240 2049 1389 2113 deprecaris,
1399 2052 1429 2099 ut
1439 2047 1558 2098 mulctum
1572 2048 1694 2099 leviorem
1704 2047 1749 2099 tibi
1759 2049 1793 2099 ir·

1016 2159 1030 2185 ι
1043 2142 1148 2203 rogent?
1158 2142 1242 2202 Neque
1253 2137 1319 2188 enim
1329 2136 1477 2188 crediderim
1486 2140 1512 2187 te
1520 2135 1621 2187 iniitieri
1634 2149 1678 2198 eo,
1689 2151 1794 2200 quorum

1016 2248 1029 2272 «
1044 2231 1081 2280 tot
1095 2228 1142 2279 riri
1154 2231 1231 2278 testes
1245 2230 1320 2288 suut,
1341 2226 1466 2290 nequead
1486 2225 1655 2290 impudentem
1668 2225 1794 2278 detensio-

1016 2338 1029 2363 ι
1046 2332 1102 2369 uem
1116 2318 1258 2383 confugere,
1272 2330 1351 2380 quum
1365 2316 1400 2366 ais
1421 2314 1546 2376 Marcius,
1558 2316 1584 2365 ei
1600 2314 1707 2365 maiores
1722 2328 1794 2380 geras

1016 2426 1029 2451 α
1044 2407 1163 2472 spiritus,
1177 2420 1253 2470 quam
1265 2404 1391 2470 privatum
1405 2403 1530 2454 homiuem
1542 2402 1630 2454 deceat
1645 2417 1652 2448 z
1665 2404 1712 2454 nisi
1732 2405 1796 2456 torte

1027 2494 1172 2547 consulibua
1183 2493 1286 2559 quidem
1303 2496 1329 2544 et
1347 2491 1457 2557 patriciis
1469 2490 1589 2542 decorum
1599 2493 1639 2542 est
1650 2503 1695 2556 pro
1705 2494 1731 2543 te
1742 2493 1795 2556 ple·

1017 2600 1030 2631 a
1047 2581 1104 2635 bem
1112 2595 1224 2642 exorare,
1235 2584 1261 2631 to
1272 2594 1332 2631 vero
1342 2580 1408 2630 idom
1420 2584 1463 2631 tue
1472 2579 1551 2643 ipsius
1560 2592 1648 2630 caussa
1659 2579 1740 2631 tacere
1751 2579 1796 2631 de-

1019 2690 1030 2712 ν
1045 2668 1125 2720 decet.
1141 2688 1153 2713 ε
1186 2669 1246 2717 linio
1262 2671 1346 2717 autam
1355 2664 1469 2729 dicebat,
1485 2665 1547 2731 quia
1557 2678 1704 2729 persuasum
1720 2666 1795 2719 hebe-

1017 2757 1074 2818 bat,
1086 2757 1167 2807 viram
1179 2754 1250 2805 illum
1265 2755 1450 2818 magnanimum
1467 2766 1594 2816 uunquam
1607 2753 1743 2807 adductum
1754 2755 1795 2817 iri,

1019 2848 1047 2898 ut
1060 2859 1087 2897 se
1107 2846 1160 2910 ipse
1176 2849 1322 2906 ueouaeret,
1333 2847 1372 2905 et,
1385 2843 1457 2910 quasi
1473 2843 1633 2909 deliquisset,
1652 2848 1750 2908 peteret
1767 2847 1797 2895 ut

1018 2947 1092 2999 poena
1103 2933 1259 2995 liberaretur,
1278 2946 1358 2997 neque
1372 2931 1405 2983 ad
1416 2931 1619 2997 lamentationes,
1636 2935 1680 2983 aut
1699 2946 1795 2998 preces,

1018 3025 1108 3089 proeter
1121 3035 1217 3074 rnorem
1231 3036 1304 3071 suum
1323 3035 1379 3072 sese
1398 3034 1593 3083 conversurum
1609 3022 1653 3073 sed
1670 3026 1737 3074 certe
1751 3026 1796 3076 aut

1017 3107 1117 3159 omnino
1138 3118 1251 3160 causeam
1267 3110 1350 3161 dicere
1371 3114 1558 3171 recusaturum,
1577 3115 1622 3160 aut
1641 3123 1687 3174 pro
1712 3111 1797 3164 innata

1018 3196 1175 3262 arrogantia,
1195 3211 1271 3262 quam
1286 3198 1416 3260 retinebat,
1431 3199 1484 3250 sine
1496 3198 1611 3249 omnibus
1625 3197 1752 3251 blanditiis
1764 3201 1797 3251 ad

1018 3284 1115 3350 plebem
1127 3285 1204 3337 verbu
1222 3285 1346 3336 iacturum
1361 3285 1407 3337 :id
1424 3286 1493 3349 quod
1507 3286 1605 3339 accidit.
1640 3288 1716 3338 Facto
1731 3289 1798 3341 enlm

1019 3373 1128 3434 silentio,
1145 3376 1171 3424 et
1193 3372 1243 3424 iere
1261 3375 1377 3426 omnibus
1389 3374 1491 3438 plebeiis
1510 3373 1542 3424 ad
1557 3374 1735 3426 absolvendum
1750 3378 1798 3428 ho·

1018 3461 1111 3513 minem
1122 3460 1265 3525 propensis,
1276 3462 1299 3511 si
1310 3463 1415 3526 tempori
1433 3462 1550 3527 praesenti
1566 3463 1689 3515 inservire
1703 3465 1798 3517 voluis·

1019 3554 1073 3616 set,
1090 3549 1254 3600 annotatione
1267 3553 1363 3601 tentum
1383 3551 1548 3615 arrogantiam
1561 3551 1758 3613 demonstrarit,
1773 3558 1799 3605 et

1017 3653 1062 3690 eos
1077 3637 1140 3688 adeo
1157 3637 1318 3700 contempsit,
1344 3640 1372 3688 ut
1392 3637 1419 3688 in
1442 3638 1551 3688 medium
1567 3654 1713 3704 progressus
1739 3641 1800 3692 nihil

1020 3739 1107 3777 eorum
1114 3723 1269 3785 infitiaretur,
1282 3737 1339 3788 quo
1350 3726 1437 3774 contra
1447 3724 1545 3788 piebem
1558 3725 1582 3773 iu
1592 3728 1679 3776 senatu
1692 3726 1797 3786 dixerat,

1019 3827 1065 3866 nee
1080 3812 1156 3863 utiam
1166 3812 1256 3864 horum
1268 3827 1320 3878 pros
1331 3827 1359 3864 se
1369 3813 1450 3864 ierem
1465 3812 1638 3878 penitentiam
1649 3814 1683 3864 ad
1697 3816 1797 3866 miseri-

1020 3900 1129 3953 cordium
1140 3906 1166 3952 et
1175 3901 1273 3953 reniam
1286 3903 1417 3968 petendam
1429 3917 1456 3954 se
1471 3907 1646 3955 converteret:
1662 3906 1799 3969 quinetiam

1019 4005 1164 4058 prorsusne
1182 3991 1274 4043 iudicio
1287 3993 1388 4058 quidem
1402 4006 1487 4044 eorum
1500 4005 1527 4042 se
1543 3991 1594 4043 ulla
1609 3993 1635 4043 in
1645 4007 1672 4045 re
1691 3995 1799 4047 submit-

1020 4079 1265 4143 tererolebat,quia
1286 4080 1420 4145 legitimam
1437 4078 1563 4130 iudicandi
1576 4082 1726 4146 potestatem
1750 4096 1800 4133 non

1020 4171 1147 4223 haberent.
1181 4169 1255 4226 Quod
1276 4170 1299 4219 si
1309 4170 1366 4233 quis
1376 4168 1441 4233 apud
1458 4167 1586 4231 consules,
1601 4170 1666 4235 apud
1689 4184 1753 4236 quos
1773 4173 1799 4224 id

1017 4264 1130 4327 'legitime
1149 4261 1203 4312 lieri
1225 4264 1331 4325 poterat,
1345 4273 1372 4314 se
1388 4273 1457 4310 reum
1476 4271 1565 4324 agere,
1578 4260 1605 4310 et
1624 4259 1745 4312 laetorum
1760 4260 1800 4312 vel

1021 4352 1147 4402 dictorum
1156 4349 1262 4400 rationm
1278 4362 1294 4399 a
1307 4362 1335 4400 se
1345 4347 1442 4411 exigere
1456 4347 1532 4399 vellet
1541 4387 1547 4409 ‚
1557 4351 1671 4413 peratum
1681 4363 1709 4400 se
1719 4348 1801 4398 uenat

1021 4441 1053 4490 ad
1069 4452 1182 4489 caussam
1193 4437 1331 4488 dicendam.
1365 4439 1385 4485 Α
1402 4435 1505 4499 plebeiis
1525 4439 1719 4496 momentum,
1730 4450 1758 4486 se
1768 4435 1800 4486 ad

1021 4537 1088 4604 ipsos
1107 4535 1228 4602 prodiisse
1238 4532 1354 4594 dicebat,
1370 4533 1460 4597 partim
1482 4536 1511 4583 ut
1524 4533 1716 4597 reprehenderet
1736 4532 1802 4596 ipso·

1021 4645 1077 4681 rum
1090 4628 1219 4680 sceleraet
1241 4623 1338 4689 iniquas
1354 4619 1433 4685 pluris
1457 4618 1563 4671 habendi
1586 4618 1750 4682 cupiditates,
1775 4620 1801 4670 in

1021 4731 1086 4783 quas
1106 4716 1237 4780 eruperunt
1250 4714 1277 4763 et
1292 4707 1443 4760 mcessionis'
1461 4711 1574 4770 tempore
1595 4706 1621 4755 ut
1644 4709 1700 4769 post
1718 4705 1800 4770 ipsum

1022 4815 1143 4873 reditum3
1157 4810 1247 4877 purtim
1259 4810 1288 4859 ut
1299 4805 1416 4857 suaderet
1427 4802 1491 4862 illis,
1510 4805 1538 4851 ut
1553 4799 1654 4851 undem
1670 4800 1802 4865 aliquando

1022 4901 1164 4953 cohiberent
1177 4913 1208 4949 ec
1217 4896 1371 4948 refrenarent
1383 4908 1443 4946 suas
1456 4893 1552 4958 iniquus
1567 4891 1724 4958 cupiditates.
1741 4892 1802 4940 Post
1846 4899 1850 4907 ·

1021 4989 1076 5039 isaac
1098 4986 1186 5038 accitu
1205 4982 1339 5033 admodum
1360 4985 1385 5033 et
1404 4980 1523 5032 audacter
1540 4979 1564 5030 in
1581 4991 1668 5051 omnes
1688 4976 1802 5028 invectus

1021 5080 1072 5138 eat,
1096 5079 1122 5125 et
1141 5073 1265 5139 precipue
1276 5070 1301 5121 in
1317 5071 1385 5135 ipsos
1407 5068 1528 5120 tribums.
1563 5071 1648 5121 Inerat
1670 5069 1754 5118 autem
1776 5068 1801 5117 in

1021 5165 1075 5215 eius
1084 5160 1167 5215 verbis
1180 5172 1229 5211 non
1247 5161 1276 5208 ui
1288 5157 1351 5209 einis
1361 5158 1458 5222 plebem
1470 5156 1627 5208 admonentis
1651 5156 1716 5207 iusta
1730 5170 1801 5208 rere·

1021 5254 1115 5316 reatu,
1125 5265 1172 5304 ueo
1182 5254 1209 5302 ut
1220 5247 1312 5314 privati
1331 5247 1437 5299 hominis
1447 5246 1514 5313 plebi
1532 5247 1612 5300 odiosi
1626 5249 1652 5299 et
1669 5246 1747 5300 verba
1765 5245 1803 5301 se·
