3980 5936
666 411 964 506 nnutnumnn'un
985 435 1133 497 nonin.
1156 436 1229 499 me.
1253 436 1292 497 x.

172 566 282 633 κιύδους
296 564 423 645 γεγονότα
445 566 673 643 ἐπιδεικνύμενος,
696 568 729 626 δι’
750 566 783 638 ήν
798 565 885 628 πολλὰ
901 564 949 645 μίν
976 573 980 593 ⁸

173 657 245 733 αὑτῷ
271 652 406 729 συμόήναι
426 654 523 733 δράσαι
548 656 601 712 τῶν
623 653 778 726 ἀόοολήτων
798 658 825 715 ἰν
844 654 950 736 ἁψιμα-

172 742 258 823 χίαις,
278 740 365 801 πολλὰ
381 741 408 801 δί
425 741 487 809 ίσως
499 742 544 801 καὶ
556 747 669 815 παθεῖν,
685 741 745 804 ούτε
757 742 862 816 ἡλικίας
875 745 902 803 ίν
913 746 952 824 τῷ

173 829 308 912 κρατίστῳ
322 829 378 890 όντι
400 828 460 890 ούτε
474 828 623 911 φρονήσεως
645 833 673 891 is
695 834 734 914 τῷ
755 832 949 913 καθαρωτάτῳ.

132 935 145 973 o
175 917 267 987 Ἠξίου
283 942 312 977 τε
326 917 385 987 τοὺς
401 920 556 993 δημοτικοὺς
578 922 615 997 μή
630 918 709 996 μόνον
723 920 805 1001 όργήν
827 920 865 998 μή
881 920 951 999 ἔχειν

175 1008 216 1088 ἐρ’
231 999 267 1074 οἷς
279 1009 397 1086 ἥμαρτεν
423 1009 458 1074 είς
474 1006 596 1088 ὀλίγους,
611 1007 681 1068 ἁλλδι
695 1008 740 1068 καί
760 1009 839 1090 χάριν
855 1007 952 1068 είδάναι

175 1095 241 1176 ὑπὲρ
257 1087 293 1154 ῶν
309 1094 427 1164 ἅπαντας
438 1092 467 1156 εύ
488 1100 570 1157 ποιῶν
586 1098 613 1155 ἐν
629 1102 684 1166 τοῖς
698 1098 823 1176 πολέμοις
837 1098 949 1159 διετίλε·

174 1203 221 1258 σε,
238 1189 290 1251 τοῖς
312 1182 358 1260 μίν
385 1185 501 1252 ἰδιώταις
526 1187 675 1266 ἐλευθερίαν
699 1187 844 1264 κτώμενος,
865 1192 898 1268 τῇ
922 1186 950 1246 δί

173 1269 279 1349 πατρίδι
293 1271 450 1346 ἡγεμονίαν,
467 1275 553 1354 ἑαυτῷ
573 1273 595 1331 δ’
612 1270 636 1331 εί
649 1295 712 1332 ποτε
734 1274 892 1352 ἁμάρτοιεν
910 1297 952 1356 ρι·

120 1382 146 1421 10
172 1357 340 1437 λανθρωπίαν
363 1360 437 1440 παρδι
452 1364 504 1420 τῶν
521 1361 627 1420 πολλῶν
649 1361 694 1420 καὶ
717 1364 849 1440 βοήθειαν.
896 1363 949 1425 Καί

173 1444 268 1525 διεξῄει
284 1446 330 1514 τάς
351 1471 379 1507 τε
403 1448 543 1530 στρατείας
568 1450 673 1516 ἁπάσας
690 1451 735 1509 καί
758 1452 818 1517 τοὺς
844 1453 949 1531 ἀγῶνας

172 1532 309 1608 άπαντας,
333 1536 359 1607 ἐξ
373 1529 410 1597 ῶν
438 1539 556 1617 ἀριστεῖα
579 1539 624 1596 καί
643 1539 783 1620 στεράνους
809 1541 882 1618 παρὰ
896 1543 950 1598 τῶν

173 1628 328 1703 στρατηγῶν
344 1624 439 1699 ἔλαθε,
455 1627 569 1686 πολιτῶν
583 1650 612 1685 τε
627 1625 730 1687 ὁπόσων
743 1629 771 1686 ἐν
780 1637 838 1696 ταῖς
851 1628 951 1708 μάχαις

173 1714 339 1792 ὑπερήσπισε
352 1717 398 1774 καί
411 1713 511 1796 τείχεσι
524 1715 657 1793 πολεμίων
672 1716 763 1784 ὁσάκις
773 1721 876 1796 πρῶτος
889 1716 951 1776 ἐπί-

119 1826 144 1864 ru
175 1801 221 1874 θη.
238 1806 264 1863 Τ
265 1806 376 1864 ελευτῶν
396 1805 420 1864 δ’
436 1806 471 1873 είς
486 1802 587 1874 οίκτους
602 1803 743 1865 κατύόαινε
764 1805 810 1865 καί
832 1805 948 1880 δεήσεις,

174 1889 232 1949 ἀντὶ
246 1895 292 1962 τῆς
307 1896 400 1952 ἑαυτοῦ
414 1892 477 1973 πρδς
491 1893 608 1961 ἅπαντας
625 1893 766 1961 ἐπιεικείας
789 1895 846 1973 βίου
862 1918 902 1968 τε,
919 1894 947 1964 θς

173 1982 345 2059 ἐμαρτυρεῖτο
371 1982 444 2062 αύτῷ
463 1981 550 2055 πάσης
578 1981 691 2062 καθαρδς
714 1981 858 2055 διαθολῆς,
884 1982 946 2061 μίαν

172 2067 292 2127 ἀπαιτῶν
306 2069 380 2150 παρὰ
403 2075 448 2129 τοῦ
474 2070 558 2146 δήμου
578 2068 672 2149 χάριν,
688 2068 800 2151 φυλάξαι
822 2069 867 2129 τὸν
892 2069 947 2130 υίδν

171 2177 252 2215 ουτω.

117 2256 145 2293 2⁰
211 2246 260 2306 Vi.
285 2243 318 2307 Ὁ
334 2243 383 2324 μίν
397 2235 442 2306 σύν
459 2246 543 2324 δῆμος
556 2245 635 2318 ήδετο
649 2245 722 2306 πάνυ
735 2251 788 2315 τοῖς
802 2246 889 2327 λόγοις
900 2251 946 2308 καλ

171 2333 323 2413 χαρίζεσθαι
332 2335 363 2395 τὸ
378 2334 513 2414 μειράκιον
534 2340 573 2416 τῷ
590 2337 672 2415 πατρί
686 2337 823 2416 πρόθυμος
844 2328 886 2411 ήν.
911 2337 947 2400 ‘0

70 2476 75 2485 ,
171 2422 198 2479 δὲ
222 2423 388 2503 Οὑεργίνιος,
411 2427 479 2504 δρῶν
502 2423 543 2484 ότι
568 2423 606 2501 μή
633 2425 721 2492 δόντος
744 2424 842 2486 ἐκείνου
871 2424 946 2498 δίκην

173 2512 304 2591 ἀφόρητον
321 2513 396 2572 ἔσται
413 2512 445 2572 τδ
468 2512 565 2592 θράσος
583 2516 635 2571 τῶν
650 2515 771 2574 αύθαδῶν
787 2514 945 2593 μειρακίων,

173 2598 312 2658 ἀνίσταται
332 2599 378 2658 καί
393 2621 481 2680 φησιν·
505 2626 518 2654 ιι
539 2600 588 2661 Σοί
612 2604 677 2677 μὲν,
701 2590 723 2660 όν
746 2597 901 2675 Κοίντιε,ή
918 2626 948 2662 τε

116 2711 145 2750 au
173 2712 186 2737 ε
202 2686 271 2760 άλλη
293 2696 465 2770 μαρτυρεῖται
487 2698 561 2748 πθσα
591 2688 672 2769 ἀρετή
696 2691 773 2761 καὶὴ
797 2692 861 2771 πρδς
889 2690 948 2759 τοὺς

114 2804 119 2813 ·
173 2800 186 2828 n
201 2774 358 2852 δημοτικούς
373 2773 478 2851 εὔνοια,
494 2779 550 2839 ἄνθ’
562 2768 599 2839 ῶν
613 2778 644 2838 πθ
656 2778 785 2857 τιμᾶσθαί
799 2801 841 2839 σοι
855 2780 946 2859 περίε-

172 2887 268 2928 ιστιν.
310 2866 349 2926 Ἥ
370 2863 458 2925 δίτοθ
479 2866 616 2946 μειρακίου
639 2867 754 2949 βαρύτης
781 2868 826 2928 καί
853 2867 948 2949 ήπρδς

171 2982 184 3008 ιι
200 2956 320 3024 ἅπαντας
334 2959 405 3033 ἡμᾶς
427 2957 592 3037 ὑπερηφανία
616 2957 777 3037 παραίτησιν
791 2956 809 3032 ή
825 2959 945 3037 συγγνώ-

171 3072 184 3097 ι
199 3070 251 3122 μην
278 3045 402 3124 οὐδεμίαν
432 3044 604 3127 ίπιδίχεται·
634 3046 706 3115 ὅστις
738 3048 789 3108 ύπθ
811 3058 864 3116 τοῖς
893 3056 947 3116 σοῖς

118 3144 146 3183 ου
171 3162 183 3187 ιι
198 3134 272 3207 ἤθεσι
286 3134 412 3216 τραφείς,
425 3132 508 3203 οὑτως
521 3126 578 3197 ούσι
594 3138 744 3214 δημοτικοῖς
759 3137 803 3196 καί
822 3136 947 3217 μετρίοις,

155 3232 184 3275 ἰι
199 3227 234 3289 ὡς
251 3221 366 3291 άπαντεε
380 3221 474 3301 ίσμεν,
492 3226 544 3282 τῶν
558 3221 606 3301 μίν
622 3228 674 3283 σῶν
699 3227 834 3304 ὑπερεῖδεν
851 3228 946 3296 ἐπιτη-

171 3340 182 3363 ι
200 3312 352 3385 δευιεάτων,
370 3310 527 3392 τυραννικήν
542 3311 570 3371 δὲ
583 3313 723 3373 αὐθάδειαν
741 3314 786 3372 καί
804 3312 946 3394 βαρόάρων

171 3428 183 3451 ιι
200 3400 343 3480 ἀνθρώπων
355 3399 430 3480 ὑόριν
448 3399 590 3477 ἠγάπησε,
603 3403 649 3459 καλ
670 3406 792 3477 πονηρῶν
811 3404 888 3474 ζῆλον
910 3404 946 3470 είς

172 3514 184 3539 ιι
201 3486 247 3559 τὴν
262 3488 338 3547 πολιν
347 3492 425 3566 ήμῶν
438 3487 604 3568 είσαγήοχτν.
650 3492 683 3551 Ei
697 3489 746 3566 μὲν
758 3480 802 3548 οὑν
820 3488 946 3549 θλάνθανί

172 3604 184 3627 ιι
200 3600 228 3635 σε
244 3583 357 3646 τοιοῦτος
376 3575 426 3655 διν,
441 3585 484 3638 νῦν
505 3577 542 3637 ὅτ’
561 3576 679 3654 ἔγνωκας
698 3584 857 3659 ἀγανακτεῖν
881 3579 947 3657 ὑπὲρ

172 3693 184 3715 ιι
199 3667 275 3740 ἡμῶν
291 3665 388 3734 δίκαιος
411 3665 443 3725 δν
459 3663 528 3740 είης·
543 3668 565 3725 εί
587 3664 615 3725 δὲ
636 3664 753 3745 συνήθεις
769 3666 855 3726 τεκαὶ
872 3666 945 3726 σαντ’·

171 3782 184 3807 ιι
201 3778 314 3835 πραττες
327 3745 364 3824 οἷς
386 3754 580 3838 προεπηλάκιζε
596 3754 644 3829 τὴν
663 3754 716 3814 τῶν
732 3755 852 3828 πενήτων
865 3756 946 3821 Ιπολι-

170 3870 183 3898 ιι
197 3847 248 3902 τῶν
263 3842 364 3926 τύχην,
386 3846 499 3926 πονηρδς
522 3843 575 3926 άρα
596 3844 642 3905 καί
663 3845 741 3913 αὑτὸς
754 3837 838 3920 ήσθα,
864 3844 947 3917 καλή

171 3937 243 4002 ιιτής
268 3932 463 4015 καλοκάγαθίας
494 3933 556 4004 δόξα
579 3941 627 3995 οὐκ
652 3938 682 3997 ἐκ
701 3945 747 3999 τοῦ
774 3935 875 3997 δικαίου
902 3959 944 3997 σοι

171 4050 184 4075 ιι
201 4022 375 4103 περιγέγονεν.
424 4021 504 4082 Ἀλλά
528 4023 578 4105 γδρ
592 4022 693 4102 ἠγνόεις
717 4024 794 4083 αὑτὸν
812 4025 861 4083 ούκ
884 4025 947 4084 ὄντα

171 4138 184 4163 ι
201 4115 247 4183 τῆς
270 4114 319 4183 σῆς
342 4114 436 4190 δρετῆς
458 4109 541 4178 ἄξιον·
562 4110 615 4188 ίγόν
639 4134 680 4171 σοι
702 4115 779 4171 τοῦτο
805 4110 860 4190 ipio
875 4134 943 4191 μαρ·

171 4204 295 4281 ιιτυρεῖν.
352 4198 485 4261 Ἀπολύων
512 4199 540 4259 δι’
565 4223 594 4260 σε
629 4204 674 4260 τοῦ
712 4199 769 4261 τόττ
798 4200 944 4260 συναδικεῖν

171 4317 183 4342 ι
199 4294 287 4367 ἡμᾶς,
308 4289 448 4370 μέμφομαι
462 4292 508 4348 τοῦ
522 4293 566 4347 νῦν
583 4293 647 4364 ήμῑν
663 4286 701 4366 μή
724 4288 944 4367 συναγανακτεῖν.

171 4406 183 4430 ιι
199 4375 257 4440 Ἵνα
274 4378 301 4438 δί
318 4381 419 4456 μᾶλλον
431 4378 535 4456 μάθῃς,
560 4381 651 4453 ήλίκον
675 4383 726 4465 ἄρα
746 4385 778 4460 τῇ
799 4378 875 4440 πολει
895 4403 946 4439 κα·

130 4502 142 4533 n
170 4494 182 4519 ι
198 4464 243 4525 κόν
256 4464 403 4547 ῖπιτρίρων
418 4466 568 4542 ἐλάνθανες,
582 4471 617 4534 ὡς
633 4470 706 4546 ὠμὸν
720 4469 766 4528 καί
781 4472 944 4546 τυραννικόν,

170 4582 183 4607 ιι
197 4555 242 4613 καλ
257 4554 316 4613 otti
339 4556 418 4635 ρόνου
432 4556 569 4615 πολιτικοὺ
585 4559 715 4637 καθαρόν,
733 4558 846 4617 άκουσον
867 4560 946 4616 αὑτοῦ

170 4670 183 4695 ιι
198 4643 336 4723 ριλότιμον
354 4642 429 4724 ίργον
451 4643 497 4702 καλ
514 4644 753 4726 όντνπαρεξίτασον
770 4649 841 4726 αύτῷ
855 4646 901 4711 adr<
919 4649 946 4706 ίν

171 4758 184 4784 ιι
199 4735 252 4799 τοῖς
265 4732 389 4810 πολέμοις
404 4732 553 4814 ἀριστείας·
566 4733 611 4792 καλ
623 4736 698 4812 ὑμῶν
710 4733 766 4794 όσοι
776 4733 946 4794 συνεπαθιῖτε

171 4846 184 4872 ιι
200 4819 293 4899 ἀρτίως
309 4820 480 4904 οίκτιζομίνῳ
494 4825 533 4902 τῷ
548 4820 623 4900 ἀνδρί
637 4823 776 4895 σκοπεῖτε,
790 4822 813 4878 εί
830 4819 882 4900 ἄρα
896 4844 947 4880 κα-

116 4941 143 4979 n,
171 4935 184 4961 ιι
199 4910 251 4975 id<
270 4913 330 4989 ὑμῖν
345 4910 403 4992 ἔχει
421 4909 540 4971 τοιούτου
553 4910 694 4991 ρείσασθαι
713 4910 860 4969 πολίτου.»

210 4998 275 5059 Vll.
297 5003 392 5067 Ταῦτα
410 4998 510 5071 είπιθν,
526 4998 662 5070 ἀνίστησιν
678 5002 708 5058 in
722 5000 775 5057 τῶν
796 4996 943 5079 συναρχόν·

167 5112 221 5147 των
248 5088 357 5167 Μάρκον
380 5086 558 5150 Οὐολούσκων
583 5084 629 5145 καλ
655 5086 739 5165 λίγειν
755 5086 943 5165 infinitum&

168 5176 269 5240 σύνοιδε
280 5181 318 5258 τῷ
334 5176 476 5259 μειρακίῳ.
494 5177 602 5248 Σιωπῆς
620 5175 648 5235 δὲ
662 5174 802 5254 γενομένης
818 5176 864 5234 καὶ
879 5176 944 5234 πολ·

166 5265 215 5337 λῆς
229 5264 254 5333 ii
270 5264 394 5324 ἁπάντων
412 5262 586 5347 προσδοκίας,
604 5263 697 5344 μικρὸν
711 5260 830 5345 ίπισχθιν
844 5264 859 5320 θ
873 5264 942 5323 Oin-

1728 445 1787 505 58¹1

1006 578 1057 639 tur,
1071 577 1138 640 quod
1163 577 1274 629 noudum
1298 576 1331 627 ad
1356 577 1539 643 integerrimam
1558 579 1668 643 etatem,
1689 595 1735 634 neo
1755 585 1787 635 ad

1006 666 1229 730 exquisitissimam
1258 666 1417 732 prudentiam
1449 667 1616 732 pervenissem
1652 671 1787 739 orabatque

1006 757 1128 821 plebeios,
1146 760 1175 809 ut
1194 771 1243 808 non
1267 746 1348 809 solum
1366 759 1421 824 aina
1432 759 1595 822 petulantiae,
1615 774 1692 826 quarn
1706 765 1787 814 verbis

1006 849 1156 914 prodiderat,
1170 851 1206 900 ira
1215 850 1277 901 moti
1290 848 1357 915 [noni
1373 849 1572 912 recordarentur,
1586 850 1718 903 sedetiam
1730 867 1788 917 gra·

1006 940 1102 990 domei
1125 938 1258 1000 baberent,
1275 940 1343 1004 quod
1360 939 1386 990 in
1406 938 1476 991 bellis
1492 944 1612 1005 perpetuo
1628 941 1660 993 de
1672 943 1788 995 omnibns

1006 1027 1069 1078 bene
1086 1027 1174 1077 inisset
1191 1028 1312 1092 meritus,
1329 1028 1431 1094 priuatis
1445 1028 1593 1093 libertatem,
1608 1032 1696 1096 patria
1707 1034 1787 1098 impe·

1005 1122 1087 1183 rium,
1101 1122 1148 1173 sibi
1169 1123 1272 1187 remisi
1287 1136 1336 1186 qua
1348 1122 1374 1174 in
1388 1136 1417 1175 re
1431 1123 1561 1188 aliquando
1577 1124 1640 1176 torte
1649 1129 1787 1192 peccasset)

1006 1211 1172 1263 multitudiuis
1189 1213 1298 1263 taronem
1318 1215 1344 1263 et
1365 1213 1484 1265 auxilium
1504 1227 1637 1278 querens:
1657 1230 1788 1268 enumera·

1006 1405 1047 1465 iia,
1058 1402 1150 1468 quibus
1168 1400 1201 1451 ob
1216 1401 1385 1461 tortitudinem
1398 1407 1501 1470 premia
1519 1410 1545 1458 et
1565 1421 1668 1460 eorunas
1693 1409 1739 1460 sibi
1756 1411 1787 1461 ab

1006 1498 1196 1564 imperatoribus
1214 1497 1287 1547 datas
1306 1497 1448 1561 retulisset,
1471 1502 1497 1550 et
1518 1504 1581 1564 quot
1598 1500 1666 1552 eires
1679 1502 1704 1551 in
1720 1516 1787 1568 prm-

1007 1591 1046 1641 liis
1075 1588 1238 1651 defendisset,
1267 1594 1293 1642 et
1318 1591 1419 1654 quoties
1443 1592 1551 1642 hostiurn
1580 1595 1670 1644 moenia
1692 1596 1788 1660 prbnus

1005 1684 1195 1735 oonsoeudtsset.
1220 1684 1351 1732 Postremo
1373 1682 1406 1733 ad
1435 1683 1629 1736 misericordiam
1651 1686 1785 1752 implorau-

1005 1774 1072 1835 dam,
1085 1776 1111 1825 et
1123 1771 1157 1823 ad
1179 1784 1264 1836 preces
1277 1785 1304 1821 se
1324 1773 1454 1833 convertit,
1465 1787 1511 1838 pro
1523 1789 1568 1824 sua
1577 1774 1602 1824 in
1615 1790 1701 1828 omnes
1711 1779 1787 1843 [eqni-

1005 1868 1057 1916 tote
1068 1875 1101 1913 σο
1117 1860 1236 1924 leuitate,
1252 1864 1278 1910 et
1291 1860 1342 1911 vita
1356 1862 1466 1913 omnium
1477 1865 1620 1917 testimonio
1631 1867 1663 1917 ad
1674 1868 1700 1920 id
1709 1883 1788 1935 usque

1004 1972 1103 2034 tempus
1122 1969 1265 2019 muooeuter
1278 1969 1349 2028 aem,
1363 1967 1428 2016 bane
1443 1978 1518 2016 uuam
1531 1965 1651 2031 patiam,
1661 1966 1707 2019 tilii
1720 1967 1787 2019 ineo-

1003 2058 1142 2111 lumitatem
1154 2061 1180 2111 et
1195 2060 1281 2111 attam
1294 2070 1433 2123 reposeens.

1035 2251 1079 2302 Vl.
1092 2248 1163 2301 illius
1178 2247 1253 2313 igitur
1273 2230 1354 2298 oratio
1371 2247 1438 2312 plebi
1452 2248 1611 2301 vehementer
1629 2254 1705 2315 grata
1723 2256 1787 2314 erat,

1005 2338 1134 2404 fidumque
1145 2336 1193 2400 ipsi
1202 2336 1284 2400 largiri
1297 2342 1382 2401 parata
1393 2339 1456 2387 erat.
1490 2338 1539 2388 sed
1548 2338 1686 2403 virginius,
1701 2341 1788 2391 ridens

1004 2428 1123 2478 iuvenum
1142 2424 1299 2477 insolentium
1317 2423 1444 2475 andaciam
1460 2425 1622 2489 inposterum
1641 2428 1786 2480 intolerabi-

1005 2515 1054 2566 lem
1068 2514 1127 2573 lem,
1143 2513 1190 2562 nisi
1201 2512 1242 2563 ille
1251 2525 1334 2577 pinnas
1348 2511 1434 2573 duret,
1446 2512 1556 2564 samarit
1565 2518 1590 2563 ei
1600 2513 1662 2565 dixit
1678 2535 1710 2566 ιι
1722 2519 1785 2579 Τυο,

1007 2623 1019 2647 ι
1035 2603 1131 2661 Quinti,
1140 2601 1221 2652 omnis
1230 2601 1321 2657 virtus,
1334 2603 1424 2664 eterna
1433 2600 1532 2665 piebem
1544 2601 1716 2654 benevolentia
1726 2607 1786 2656 satis

1008 2711 1021 2736 ι
1036 2693 1128 2742 testate
1139 2694 1188 2752 est,
1197 2694 1222 2741 et
1233 2690 1280 2741 boe
1294 2688 1392 2740 nomine
1407 2688 1452 2739 tibi
1464 2690 1544 2740 bonor
1555 2690 1668 2743 debetur.
1688 2692 1737 2743 Sed
1753 2696 1788 2743 tut

1008 2802 1020 2827 ι
1036 2781 1081 2832 tilii
1090 2794 1188 2832 morum
1198 2780 1318 2844 asperitas
1328 2817 1335 2841 ,
1345 2782 1371 2829 et
1385 2779 1411 2828 iu
1425 2793 1471 2829 nos
1481 2793 1567 2831 omues
1581 2781 1713 2846 snperbia,
1726 2783 1784 2833 nui-

1007 2891 1019 2915 ι
1036 2870 1087 2921 lam
1110 2869 1324 2934 deprecationem,
1346 2872 1391 2918 ant
1413 2869 1512 2919 reniam
1538 2872 1647 2921 meretur
1671 2890 1678 2920 ι
1713 2872 1784 2934 quia,

1007 2980 1019 3004 ι
1033 2972 1111 3024 qnnrn
1124 2959 1236 3009 sobiam
1248 2955 1361 3023 populari
1378 2961 1405 3008 et
1418 2956 1532 3008 modesto
1553 2962 1625 3022 patre
1639 2959 1714 3010 inerit
1725 2960 1786 3011 edn-

1007 3053 1111 3111 ueatua,
1140 3051 1169 3099 nt
1180 3060 1266 3099 ornnes
1281 3044 1389 3105 selmum
1412 3048 1538 3097 contemta
1552 3046 1690 3098 domestica
1709 3047 1787 3099 disci·

1007 3137 1112 3202 «plina,
1126 3138 1279 3200 tyrannicam
1301 3143 1466 3208 arrogantiam
1481 3146 1507 3193 et
1520 3142 1682 3194 barbarorum
1703 3143 1785 3194 homi·

1007 3247 1020 3271 ι
1036 3240 1096 3277 num
1119 3226 1275 3278 insolentiam
1289 3229 1389 3293 dilexit,
1415 3234 1441 3281 et
1462 3231 1631 3295 improborum
1649 3228 1786 3282 benorum

1008 3314 1148 3379 «exempla
1174 3314 1199 3364 in
1224 3321 1334 3369 nostram
1369 3319 1495 3370 civitatem
1522 3318 1630 3371 induxit.
1662 3321 1688 3371 Si
1712 3320 1787 3384 igitur

1009 3422 1021 3453 ι
1037 3403 1167 3469 ignorabas
1178 3416 1235 3454 enm
1252 3405 1405 3466 talemense,
1421 3412 1447 3458 at
1457 3421 1539 3470 nune,
1555 3422 1633 3472 quum
1646 3409 1672 3459 id
1685 3424 1787 3472 eognos-

1008 3512 1020 3541 ιι
1035 3509 1095 3555 eas,
1110 3508 1210 3560 equum
1225 3500 1264 3548 est
1276 3501 1301 3547 te
1312 3510 1358 3561 pro
1369 3497 1443 3548 uobis
1458 3496 1600 3560 indignari:
1622 3498 1661 3548 sin
1673 3499 1787 3547 eonsoius

1007 3599 1020 3630 ιι
1032 3587 1058 3633 et
1077 3585 1160 3635 soeins
1173 3598 1228 3634 eras
1246 3585 1468 3644 contumeliarum,
1484 3585 1576 3650 quibus
1588 3585 1681 3636 eivium
1693 3598 1785 3648 egene

1007 3684 1090 3722 nrum
1107 3673 1214 3723 ionunas
1242 3673 1378 3735 insultavit,
1400 3678 1468 3724 certe
1489 3677 1518 3724 iu
1539 3687 1638 3737 quoqne
1658 3673 1784 3738 improbus

1007 3772 1020 3803 ι
1034 3770 1098 3819 eras,
1112 3762 1137 3808 at
1149 3756 1273 3807 immerito
1287 3757 1424 3808 honestatis
1436 3761 1462 3808 et
1478 3757 1609 3822 probitatis
1620 3759 1784 3810 existimatio·

1007 3861 1021 3893 ι
1037 3858 1094 3896 nem
1107 3844 1213 3910 adeptus
1228 3858 1264 3897 es.
1286 3845 1334 3896 sed
1352 3847 1417 3897 enim
1427 3858 1484 3896 eum
1500 3849 1543 3896 tna
1555 3844 1646 3896 uirtute
1658 3845 1784 3911 indiguum

1007 3955 1089 3992 nesse
1111 3940 1250 4007 ignorabas.
1282 3944 1334 4007 &a
1350 3941 1400 3991 hoo
1420 3939 1591 3992 testimoninm
1616 3939 1663 3990 tibi
1684 3954 1783 4005 possum

1007 4030 1124 4081 udieere.
1157 4029 1279 4089 Quamvis
1294 4034 1376 4081 numm
1400 4032 1469 4082 teeo
1489 4029 1592 4080 crimine
1604 4027 1743 4093 absolvam,
1757 4035 1783 4081 et

1007 4137 1019 4167 ι
1034 4119 1152 4182 credam,
1166 4121 1193 4169 te
1206 4121 1265 4169 tane
1275 4132 1333 4168 eum
1350 4117 1402 4169 iillo
1412 4118 1483 4170 nobis
1493 4119 1608 4184 injuriam
1619 4133 1668 4170 nou
1681 4120 1781 4181 iecisse,

1006 4235 1017 4258 ι
1036 4219 1155 4266 letamen
1180 4212 1350 4279 reprebendo,
1374 4212 1441 4277 quod
1455 4226 1520 4263 nune
1535 4213 1664 4265 nobiseum
1682 4214 1783 4265 minime

1006 4322 1018 4352 ι
1034 4304 1176 4370 indigneris.
1210 4308 1242 4356 Ut
1263 4306 1345 4353 antem
1358 4299 1446 4351 melius
1464 4299 1536 4359 selas,
1549 4303 1668 4363 qnantum
1690 4301 1783 4350 malum

1005 4392 1060 4443 niu
1084 4391 1226 4458 reipublice
1257 4390 1391 4456 perniciem
1415 4389 1558 4455 imprudens
1577 4392 1682 4451 alueris,
1706 4405 1782 4455 quam

1005 4478 1139 4531 «immane
1159 4482 1185 4531 et
1199 4479 1363 4544 tyrannicum,
1382 4483 1409 4529 et
1433 4492 1464 4529 na
1481 4491 1495 4528 a
1517 4478 1584 4529 civili
1598 4479 1697 4542 quidem
1713 4478 1782 4528 coede

1005 4585 1017 4614 ιι
1032 4581 1131 4632 purum,
1145 4566 1204 4618 nudi
1215 4568 1269 4619 eins
1280 4567 1405 4632 egregium
1425 4567 1530 4627 iaeinns,
1544 4570 1569 4617 et
1585 4567 1668 4616 eonion
1686 4565 1712 4614 id
1724 4579 1782 4617 enm

1005 4657 1105 4708 «elaris
1124 4657 1198 4707 rebus
1214 4655 1310 4706 militias
1324 4656 1422 4707 fortiter
1433 4657 1464 4707 ab
1480 4669 1511 4707 eo
1527 4656 1617 4721 gestis3
1632 4660 1658 4706 et
1670 4668 1729 4715 uns,
1738 4655 1782 4718 qui

1004 4768 1016 4792 ι.
1030 4745 1113 4804 ιιιοθο,
1127 4745 1175 4795 boe
1187 4744 1287 4794 bomine
1296 4744 1492 4795 miserioordtum
1500 4746 1623 4807 captante,
1637 4742 1781 4793 condoluis-

1004 4834 1067 4895 «tis,
1082 4832 1171 4895 ridete,
1188 4846 1219 4881 an
1235 4830 1278 4882 tali
1291 4830 1339 4880 elui
1352 4845 1453 4896 pareere
1462 4844 1508 4882 uos
1518 4831 1612 4881 deceat.
1630 4847 1642 4877 ν

1032 5013 1086 5064 vii,
1100 5014 1160 5062 iitee
1172 5012 1282 5072 loeutus,
1292 5023 1370 5061 unum
1379 5024 1394 5062 e
1402 5008 1554 5074 subegisti.
1565 5006 1699 5069 Volseirur,
1705 5006 1780 5071 iussit

1001 5112 1101 5161 surgere
1117 5103 1142 5149 et
1157 5098 1240 5151 dieere
1252 5111 1417 5163 ηυωουιοηυε
1428 5097 1461 5147 de
1471 5097 1515 5148 iiio
1524 5096 1681 5147 adolescente
1694 5095 1777 5146 sciret.

1001 5193 1077 5242 Facto
1082 5194 1166 5240 autem
1172 5188 1277 5249 silentio,
1284 5187 1447 5252 omnibusque
1455 5186 1638 5252 exspectatione
1643 5183 1716 5235 valde
1725 5195 1779 5233 sus·

1001 5277 1100 5342 pensis,
1110 5276 1272 5342 postbrevem
1282 5273 1430 5326 mammilla
1445 5273 1482 5324 sie
1491 5276 1529 5325 est
1538 5274 1635 5325 Ιοουθεε
1652 5292 1660 5323 2
1674 5290 1686 5315 ι
1699 5268 1775 5335 liqui·
