3980 5936
647 442 939 519 ANTIQUITATUM
960 443 1108 504 ROMAN.
1130 444 1200 506 Llss.
1229 444 1281 505 XI.
1694 441 1750 504 obt

143 604 157 635 n
170 576 341 657 κοδαίμονσς,
361 575 389 644 te
403 579 450 638 οθκ
466 580 497 659 ἐξ
511 575 574 645 nobe
587 576 697 658 ίχοντας
717 577 796 637 αὐτὸν
811 600 918 659 συιφρο·

144 674 236 727 «νεῖν.
278 664 358 728 'titt
382 665 429 733 τθς
451 666 499 741 μὲν
521 665 621 726 τούτων
644 665 802 745 φιλονεικίας
823 666 920 724 ἐάσατε

145 781 158 809 ι
171 755 289 836 χαίρειν·
311 755 329 815 θ
352 753 380 814 δί
395 754 575 837 ψηφισάμενοι
589 759 623 835 τῇ
637 755 713 815 πόλει
730 753 850 832 σωτήρια
875 754 920 812 καὶ

145 848 234 922 «ὑμῖν
249 846 338 912 αθτοῖς
351 842 521 924 προσήκοντα
542 843 631 926 ἐσεσθε
652 843 854 924 βεόουλευμένοε
875 841 921 901 καί

104 955 116 993 s
146 959 159 985 o
174 934 228 1003 τοῖς
242 934 343 1014 θχθροῖς
355 930 472 1015 φοδερδι,
489 930 542 1010 ἐγώ
555 933 718 1013 πειράσομαι
736 932 833 1011 λέγειν.
865 935 921 993 Νῦν

145 1045 158 1072 o
174 1021 222 1098 μέν
237 1021 282 1081 τὸν
302 1019 367 1102 πρδς
383 1017 513 1086 Αἰκανοὺς
524 1023 572 1079 καί
587 1019 717 1088 Σαύίνους
736 1019 851 1099 πόλεμον
865 1023 920 1078 ἐπι·

145 1109 327 1192 «κυρώσατε,
342 1109 389 1171 καὶ
404 1107 451 1176 st<
467 1108 590 1186 δυνάμεις
605 1109 673 1187 μετδε
684 1110 811 1184 πλείστης
825 1115 921 1192 πρυθυ·

144 1224 158 1252 ι
174 1202 234 1277 μίας
254 1201 299 1261 καὶ
316 1200 431 1271 σπουδῆς
444 1197 628 1279 καταγράφετε
641 1197 688 1267 τὰς
703 1199 745 1258 ἐπ’
760 1198 921 1279 ἀμφοτέρους

144 1289 385 1368 υίξελευσομένας.
427 1285 519 1349 Ὅταν
540 1287 568 1347 δέ
589 1286 623 1347 τά
642 1293 688 1347 τοῦ
706 1286 825 1365 πολέμου
847 1288 921 1356 τέλος

93 1392 116 1434 ιο
143 1402 157 1433 α
171 1381 236 1455 ἡμῖν
250 1380 281 1438 nb
292 1377 432 1459 κράτιστον
442 1376 530 1457 λάθῃ,
544 1375 590 1436 καλ
606 1377 805 1458 ἀναστρέψωσιν
821 1379 858 1444 είς
872 1374 920 1447 τὴν

143 1469 247 1527 «πόλιν
270 1472 297 1528 αῖ
320 1467 459 1545 δυνάμεις,
490 1466 594 1547 εἰρήνης
614 1464 771 1545 γενομένης,
794 1465 854 1524 τότε
874 1466 920 1523 καλ

144 1582 157 1610 α
170 1559 231 1636 περὶ
245 1562 290 1616 τοῦ
301 1555 403 1633 κόσμου
416 1560 465 1628 τῆς
480 1553 612 1620 πολιτείας
624 1562 762 1626 σκοπεῖτε,
776 1553 822 1611 καὶ
843 1551 920 1628 λόγον

144 1671 158 1697 ιι
174 1645 310 1703 άπαιτεῖτε
320 1643 379 1710 τοὺς
389 1644 453 1703 δέκα
464 1644 524 1721 περὶ
537 1642 657 1716 πάντων,
668 1633 704 1702 ών
720 1643 763 1701 ἐπὶ
778 1642 825 1713 τῆς
837 1642 921 1721 ἀρχῆς

144 1761 157 1788 u
171 1733 301 1814 ἔπραξαν,
316 1733 362 1793 καί
376 1734 436 1800 νίας
457 1731 543 1813 άρχδις
556 1736 748 1814 ψηφοφορεῖτε,
770 1730 816 1790 καὶ
842 1731 919 1789 δικα-

145 1851 158 1877 u
172 1824 268 1905 στήρια
288 1824 425 1899 καθίζετε,
447 1824 492 1882 καί
511 1822 667 1903 τιμωρεῖσθε
684 1819 729 1880 καλ
744 1827 840 1897 τιμᾶτε
861 1822 920 1886 τοὺς

144 1940 157 1967 n
171 1915 297 1993 ἑκατέρου
321 1914 420 1974 τούτοιν
442 1911 545 1987 ἀξίους,
570 1910 632 1971 όταν
658 1912 699 1991 ἐφ’
727 1913 788 1988 ὑμῖν
810 1909 918 1987 γένηται

145 2026 158 2055 s
171 2005 257 2061 ταῦτα
273 2001 426 2082 ἀμφότερα,
451 1999 576 2076 μαθόντες
599 1999 639 2059 ὅτε
653 2002 683 2058 οὐ
697 2005 751 2065 τοῖς
765 1997 919 2076 πράγμασιν

145 2115 158 2143 ε
173 2091 197 2148 οἱ
212 2090 299 2167 καιροὶ
312 2089 495 2165 δουλεύουσιν,
512 2087 581 2146 ἀλλὰ
593 2096 646 2154 ταῖς
661 2090 762 2166 καιροῖς
782 2086 816 2146 τίε
827 2084 917 2165 πράγ·

145 2201 256 2254 «ματα.
282 2205 295 2230 ν
322 2175 433 2249 Ταύτην
459 2173 665 2251 ἀποδειξαμένου
690 2173 837 2255 Κορνηλίου
869 2175 918 2243 τὴν

93 2275 119 2315 ²⁰
143 2265 268 2344 γνώμην,
291 2269 316 2325 οἱ
345 2265 403 2343 μετ’
431 2267 528 2324 ἐκεῖνον
550 2263 721 2340 ἀνιστάμενοι
748 2262 829 2343 χυιρλς
859 2259 917 2321 ὀλί-

143 2376 196 2432 γων
210 2358 257 2427 τῆς
271 2356 352 2426 αὐτῆς
374 2352 493 2434 ἐγίνοντο
515 2351 705 2432 προαιρέσεως·
724 2354 812 2427 οίμέν
835 2352 918 2427 θνεγ·

143 2443 206 2501 καῖα
218 2444 263 2501 καὶ
279 2446 317 2523 τῷ
331 2442 440 2521 παρόντι
459 2443 545 2520 καιρῷ
564 2445 648 2499 ταῦτα
663 2437 833 2518 προσήκοντα
852 2440 918 2497 ὑπο·

143 2529 323 2609 λαμύιίνυντες
348 2522 434 2603 εἶναι,
460 2532 485 2588 οἱ
509 2528 537 2588 δέ
566 2526 852 2604 ὑποκατακλινόμενοι,
875 2526 920 2584 καὶ

144 2617 329 2700 θεραπεύοντες
342 2617 402 2684 τοὺς
416 2615 499 2688 δέκα,
519 2619 557 2697 τῷ
573 2614 648 2696 φόόῳ
663 2619 710 2687 τῆς
725 2618 820 2695 ἀρχῆς.
864 2603 921 2673 Ἦν

92 2718 118 2756 ²³
147 2707 234 2786 γάρτι
249 2705 295 2765 καὶ
313 2703 481 2785 κατεπτηχθς
500 2703 548 2776 τὴν
570 2703 689 2772 ἐξουσίαν
714 2706 762 2763 οὐκ
783 2704 922 2785 ἐλάχιστον

145 2795 222 2877 μίρος
236 2798 330 2855 ἐκτῶν
345 2793 486 2873 συνέδρων.

184 2880 263 2946 XIX.
287 2881 337 2950 Ὡς
362 2884 388 2944 δέ
409 2884 436 2941 αἱ
462 2881 567 2949 πλείους
590 2884 695 2960 γνῶμαι
718 2879 920 2960 ἠγορεύθησαν,

144 2972 189 3033 καί
204 2972 276 3055 πορθ
301 2971 370 3031 πολὺ
385 2979 491 3051 κρατεῖν
505 2970 611 3030 ἐδόκουν
634 2973 659 3030 οἱ
674 2971 717 3031 τὸν
733 2969 849 3046 πολεμον
864 2973 921 3030 ἐπι·

145 3068 281 3142 κυροῦντες
306 3064 358 3120 τῶν
375 3058 486 3141 λείριον,
511 3061 570 3119 τότε
594 3059 705 3120 Λεύκιον
727 3059 873 3139 Οὐαλέριον
894 3061 922 3118 έν

92 3148 120 3196 ³⁶
144 3154 198 3218 τοῖς
212 3151 334 3230 ἐσχάτοις
348 3151 475 3227 ἐκάλουν,
488 3147 516 3208 δν
531 3146 596 3229 έφην
619 3147 735 3215 εθθθςέν
752 3149 846 3227 ἀρχαῖς
862 3151 924 3226 βου·

145 3238 255 3317 λόμενόν
270 3263 295 3299 τι
309 3239 393 3319 λέγειν
418 3240 584 3298 κεκωλῦσθαι
606 3236 670 3317 πρδς
696 3238 795 3295 αὐτῶν.
838 3233 873 3296 ‘0
895 3235 922 3296 δέ

146 3328 279 3403 θναστδς,
293 3327 423 3394 τοιούτους
444 3325 561 3397 διεξῆλθε
574 3325 680 3406 λόγους·
696 3351 708 3378 u
727 3321 785 3395 Τὴν
803 3323 851 3402 μίν
867 3325 924 3383 έπε-

147 3444 160 3473 ιι
176 3418 273 3498 βουλὴν
287 3420 339 3476 τῶν
351 3417 414 3477 δέκα
427 3418 522 3494 δρᾶτε,
539 3403 561 3472 ώ
576 3414 702 3492 πατίρες,
723 3410 749 3471 σί
762 3415 822 3471 κατ’
838 3412 923 3493 ἀρχάς

148 3530 203 3566 «τι
215 3508 262 3567 obs
281 3502 427 3586 ἐπέτροβιίν
444 3525 489 3579 μοι
506 3501 591 3580 λέγειν
605 3502 654 3560 ὅσα
671 3498 845 3579 προῃρούμην
860 3502 925 3580 πρὸς

92 3604 119 3644 ³⁶
148 3623 161 3649 n
176 3598 259 3671 ὑμᾶς,
273 3594 319 3653 καλ
330 3597 375 3650 νῦν
389 3591 416 3649 ίν
429 3597 484 3656 τοῖς
497 3587 619 3655 θατάτοες
635 3586 819 3645 ἀποδεδώκασι
834 3586 923 3665 λόγον,

148 3710 162 3738 n
177 3683 378 3760 ένθυμηθίντες,
390 3679 455 3759 θπιρ
466 3676 551 3749 εθιιδς,
565 3674 604 3735 ότι
617 3680 651 3754 τῇ
667 3697 696 3733 τι
709 3673 843 3734 Κλαυδίου
855 3674 925 3752 γνώ·

92 1816 116 1855 lb

147 3800 161 3827 «
177 3797 215 3852 μη
229 3769 422 3853 προσθέμενος,
434 3766 508 3827 οθδίν
529 3763 660 3845 ὠφελήσω
681 3764 711 3823 τὸ
724 3762 809 3822 κοινὸν
829 3763 925 3843 ὀλίγων

147 3888 161 3915 ιι
175 3865 242 3940 αὐτῇ
267 3855 470 3939 συνειρηκότων·
494 3853 584 3934 ἑτέραν
605 3875 634 3912 τι
657 3849 766 3932 γνώμην
790 3850 864 3929 παρὰ
879 3851 925 3921 τθς

146 3978 160 4005 α
176 3950 315 4030 είρημένας
331 3946 408 4013 αύτδς
429 3942 644 4025 ἀποφηνάμενος,
667 3939 717 4000 sto
742 3939 776 3999 τδι
797 3940 926 4021 κράτιστα

147 4068 160 4093 ν
176 4037 452 4116 testimonimum<
485 4031 680 4116 ίρραψῳδηιιώς
700 4029 807 4107 έσομαι.
852 4034 927 4094 Εὐα-

147 4157 161 4183 «
177 4127 298 4210 ρίθμητοι
319 4126 372 4207 γάρ
385 4124 452 4192 τινές
466 4125 532 4184 εἰσιν
553 4123 577 4181 σί
595 4123 654 4198 μετ’
676 4120 722 4197 itai
743 4122 926 4198 ἀναστησόμε-

147 4246 160 4272 «
175 4240 214 4278 νσι
223 4263 231 4291 ,
241 4215 284 4283 ab<
298 4217 344 4276 tto
359 4212 479 4279 ἅπαντας
493 4207 683 4290 ὁμογνώμονας
699 4207 792 4283 λάθω,
808 4208 834 4269 τί
848 4210 926 4290 γενή-

147 4334 162 4360 «
177 4306 253 4365 σεταί
269 4327 316 4379 μοι
326 4302 421 4376 πλέον,
436 4296 656 4372 sententiantes
670 4296 753 4369 έξοντι
768 4298 861 4381 μοῖραν
875 4302 927 4359 τῶν

148 4393 317 4474 «Κορνηλίῳ
340 4389 587 4470 συναγορευόντωνς
613 4388 655 4449 Oi
681 4386 734 4466 μὴν
762 4386 815 4467 ἐγώ
843 4392 928 4449 ταῦτα

82 4506 113 4546 ss
147 4512 161 4539 ο
177 4481 356 4564 ὑφορώμενος,
379 4480 484 4551 θκνιξσω
506 4478 554 4550 τὴν
570 4479 685 4553 έμαυτοῖ
699 4476 808 4555 γνώμην
831 4476 924 4539 εἰπεῖν.

148 4600 162 4626 ι
175 4570 264 4632 Ὅταν
278 4569 330 4649 γὰρ
344 4567 476 4639 ἀκούσητε
497 4566 552 4650 [τὰ]
564 4562 707 4636 ἁπάντων,
726 4566 766 4645 έφ’
778 4567 838 4641 ὑμῖν
852 4564 929 4624 ἐσται

148 4684 162 4713 κ
175 4658 210 4718 τδι
226 4658 353 4740 κράτιστα
369 4655 485 4715 έλίσθαι.
531 4654 598 4734 Περὶ
614 4652 661 4731 μίν
679 4642 725 4712 oia
739 4657 786 4725 τῆς
800 4653 929 4731 δεκαδαρ-

148 4773 162 4799 o
178 4747 257 4824 χίας,
281 4743 310 4806 δν
338 4743 434 4824 τρόπον
466 4744 633 4817 ἐπιμελεῖται
660 4744 713 4800 τῶν
740 4743 851 4814 κοινῶν,
878 4739 928 4799 όσα

148 4863 162 4889 s
180 4835 338 4903 Κλαύδιοςθ
357 4831 492 4913 βέλτιστος
507 4821 576 4899 εἶπε,
588 4830 634 4889 καλ
646 4829 706 4908 έμολ
719 4828 845 4907 νομίσατε
858 4830 929 4910 εῐρῆ-

148 4952 162 4978 «ι
178 4928 252 4993 σθαι,
263 4921 307 4980 καί
325 4920 365 4981 ὅτε
384 4920 423 4979 δεῖ
439 4919 499 4988 νέας
514 4918 600 5000 άρχίες
615 4920 819 4998 ἀποδειχθῆναι,
835 4915 928 4996 πρλνῆ

148 5042 162 5068 ι
177 5011 208 5073 τὸ
230 5008 351 5091 περὶτοῦ
371 5006 490 5085 πολίμου
507 5008 629 5087 γενέσθαι
649 5006 793 5089 ψήφισμα·
808 5004 855 5066 καὶ
876 5004 927 5084 γάρ

148 5132 162 5158 n
177 5105 261 5162 ταῦτα
272 5099 376 5181 εἴρηται
389 5099 428 5179 τῷ
439 5097 514 5175 άνδρλ
529 5093 600 5155 κατθ
613 5095 645 5156 τὸ
660 5098 808 5173 βέλτιστον.
851 5093 928 5155 Ἐπεί

148 5222 161 5248 υ
175 5191 203 5253 δέ
222 5188 366 5270 Κορνήλιος
377 5187 413 5254 είς
426 5184 457 5245 τό
474 5182 603 5245 ἀδύνατον
618 5184 730 5262 ἀπάγειν
744 5184 868 5263 ἐπειρᾶτο
880 5183 927 5256 nis

147 5312 161 5339 «
175 5278 304 5365 γνώμην,
326 5272 439 5345 πολλώς
458 5274 520 5345 τοὺς
540 5272 639 5353 μεταξύ
652 5274 760 5356 χρόνους
776 5269 929 5355 ιἰποφαίνυιν

977 603 989 629 ι
1006 598 1093 650 sapere
1104 599 1153 636 non
1164 585 1230 636 sinit.
1246 584 1295 636 Sed
1303 582 1350 636 bas
1369 585 1475 635 istorum
1489 584 1659 635 contentiones
1671 584 1755 636 valere

977 690 1078 742 «sinite.
1112 694 1174 751 Quas
1195 694 1255 742 varo
1283 691 1383 742 decreto
1406 688 1550 753 reipublicae
1571 689 1701 752 niuosis,
1731 694 1756 743 et

977 818 990 841 υ
1004 812 1061 861 quae
1078 799 1192 848 consulta
1214 796 1285 848 nobis
1306 796 1368 861 ipsis
1389 795 1573 858 convenientis,
1594 797 1755 863 hostibusque

978 903 1170 955 «formidabitis
1208 906 1266 953 aunt
1299 902 1397 963 futura,
1424 900 1508 951 dicore
1538 901 1651 954 conabor.
1686 905 1757 954 Nune

978 1028 990 1052 ι
1003 1007 1096 1061 bobum
1111 1011 1197 1059 eontra
1210 1010 1306 1070 AEquos
1315 1009 1340 1057 et
1354 1005 1459 1057 sabinos
1467 1006 1601 1068 decernite,
1617 1010 1757 1059 etmsxima

977 1130 989 1151 ·
1003 1111 1079 1162 anino
1102 1110 1232 1161 alacritate
1251 1110 1385 1173 studioque
1408 1111 1492 1174 oopins
1514 1116 1602 1164 ςοιιῖιε
1626 1115 1758 1177 unumque

977 1237 990 1260 o
1004 1222 1102 1282 gentem
1135 1215 1290 1281 proiecturas
1313 1215 1472 1267 consotibite.
1505 1219 1554 1268 Ubi
1578 1233 1637 1270 sero
1666 1220 1758 1272 betium

977 1344 989 1368 ι
1005 1323 1145 1374 felicissime
1162 1337 1176 1372 a
1191 1322 1263 1372 nobis
1278 1323 1418 1373 contectum
1440 1324 1530 1389 ruent,
1543 1329 1570 1377 et
1587 1327 1663 1393 coptos
1678 1328 1705 1381 in
1718 1348 1759 1385 uf.

977 1453 989 1476 υ
1005 1433 1060 1483 bem
1082 1430 1210 1492 redierint,
1236 1432 1262 1483 in
1286 1444 1347 1496 paee
1361 1435 1421 1483 tune
1440 1438 1466 1483 et
1484 1432 1515 1484 de
1532 1432 1674 1498 reipublicae
1690 1439 1757 1485 statu

977 1556 990 1579 ιι
1004 1536 1156 1594 monuisse.
1174 1540 1200 1587 et
1216 1536 1390 1588 sdeeemvtris
1403 1537 1523 1589 derebus
1537 1539 1652 1590 omnibus
1665 1542 1690 1591 tn
1705 1555 1758 1591 mo·

978 1659 990 1683 ι
1004 1639 1110 1702 mento
1123 1639 1199 1702 gestis
1217 1640 1326 1691 rationes
1350 1640 1454 1704 exigite,
1470 1645 1495 1692 et
1509 1657 1587 1694 novos
1601 1647 1759 1711 magistratus

978 1766 991 1789 ι
1006 1750 1101 1806 create,
1118 1749 1144 1796 et
1167 1744 1259 1810 judicis
1281 1746 1431 1808 constituite,
1450 1749 1476 1798 et
1496 1747 1536 1798 his
1548 1751 1660 1814 utrisque
1672 1750 1759 1816 dignos

979 1850 1135 1911 «honorate,
1152 1850 1194 1901 ubi
1215 1851 1270 1902 haec
1284 1854 1391 1915 utreque
1403 1866 1478 1923 penes
1501 1867 1547 1905 vos
1570 1855 1676 1917 tuerint,
1698 1857 1760 1907 titud

978 1976 992 2003 u
1007 1956 1127 2019 scientes,
1156 1971 1205 2007 uon
1229 1957 1448 2024 robustamque,
1473 1960 1518 2012 sed
1544 1976 1584 2013 ras
1607 1963 1760 2031 temporibus

980 2084 991 2107 u
1007 2062 1134 2115 inservire.
1151 2082 1164 2108 ν
1181 2066 1234 2115 Hoc
1248 2065 1370 2116 mutentia
1387 2079 1403 2117 ε
1418 2066 1532 2118 cornelio
1543 2067 1625 2130 dictu,
1640 2068 1686 2133 qui
1704 2072 1761 2134 post

979 2180 1037 2219 eum
1051 2170 1225 2230 sumserunt,
1247 2170 1338 2231 preter
1359 2181 1454 2233 pausos
1480 2169 1507 2220 in
1530 2169 1644 2222 eamdem
1665 2174 1762 2222 senten-

978 2272 1040 2323 tiam
1052 2271 1152 2322 iverunt
1167 2271 1229 2323 :alii
1247 2272 1302 2324 boe
1316 2272 1472 2334 ιισοοῖειειιο,
1492 2279 1519 2325 et
1537 2277 1654 2340 prasenti
1678 2290 1761 2328 rerum

979 2377 1057 2429 statui
1069 2375 1241 2427 convenientia
1250 2376 1438 2438 existimantem
1453 2378 1495 2428 atii
1507 2391 1567 2429 vero
1578 2382 1646 2430 metu
1660 2380 1757 2444 iinpenii

979 2482 1127 2535 decemuiris
1147 2482 1277 2545 cedentes,
1303 2482 1401 2546 illisque
1423 2484 1596 2547 obsequentes.
1629 2486 1691 2536 Num
1714 2499 1762 2535 non

979 2591 1081 2642 minima
1092 2592 1191 2654 patrum
1212 2600 1270 2652 pers
1297 2588 1465 2653 magnitudine
1490 2590 1622 2654 potestatis
1650 2592 1762 2656 pemutsa

979 2684 1040 2733 enat.

1014 2894 1076 2942 xlx.
1102 2896 1186 2950 Quum
1202 2892 1285 2939 autem
1311 2888 1390 2950 major
1410 2889 1589 2940 sententiosum
1617 2903 1674 2954 paro
1696 2889 1763 2940 dieta

980 2980 1077 3039 fuisset.
1091 2978 1170 3043 etqui
1184 2977 1276 3029 bellom
1288 2975 1472 3040 decernebant,
1486 2992 1591 3029 numero
1609 2966 1680 3042 longe
1693 2954 1764 3044 supe-

981 3069 1060 3120 riores
1073 3068 1128 3119 aliis
1150 3081 1206 3117 esse
1233 3066 1386 3129 viderentur,
1405 3068 1470 3117 inter
1482 3072 1622 3131 postremos
1643 3070 1765 3118 vocarunt

982 3158 1232 3218 tantumtantum,
1254 3170 1346 3221 quem,
1369 3156 1454 3207 statim
1469 3156 1500 3205 ab
1516 3157 1585 3207 initio
1599 3157 1674 3208 verbs
1684 3155 1764 3208 iacere

981 3254 1122 3313 unientem,
1144 3249 1176 3300 ab
1199 3247 1255 3298 otiis
1272 3244 1426 3312 prohibitum
1454 3243 1531 3295 noae
1551 3243 1653 3297 dixisse.
1701 3246 1763 3307 Qui,

981 3356 1058 3407 quum
1081 3337 1241 3397 surrexisset,
1259 3335 1333 3385 tatem
1353 3332 1443 3383 habuit
1458 3333 1596 3384 orationem
1611 3353 1618 3383 ε
1636 3353 1649 3379 ι
1663 3334 1765 3385 insidias

983 3453 995 3475 ι
1010 3427 1207 3483 decemuirorum
1220 3423 1325 3484 videtis,
1342 3426 1429 3474 Patres
1439 3423 1581 3488 consumpti,
1592 3423 1635 3487 qui
1644 3424 1763 3491 principio

982 3533 995 3559 ι
1008 3515 1077 3579 passi
1090 3529 1137 3564 non
1156 3516 1214 3563 sunt
1227 3526 1283 3574 me,
1309 3512 1407 3576 quando
1424 3510 1536 3562 volebam
1552 3512 1628 3563 verba
1640 3513 1705 3578 apud
1718 3529 1763 3567 voa

984 3620 997 3645 a
1013 3601 1104 3661 iaoone,
1118 3605 1144 3651 et
1162 3613 1228 3650 nune
1243 3600 1308 3650 iuter
1331 3602 1473 3664 postremos
1497 3599 1596 3652 dicendi
1616 3602 1767 3669 potestatem

983 3708 996 3732 a
1008 3687 1070 3738 mihi
1096 3687 1222 3746 iecerunt,
1238 3686 1375 3749 cogitantes
1404 3687 1414 3746 (
1424 3684 1450 3735 in
1470 3687 1538 3751 quod
1562 3686 1695 3737 verbimite
1710 3691 1764 3744 eati

984 3778 1073 3838 «tore,
1086 3778 1130 3837 nt,
1152 3776 1174 3825 ai
1185 3789 1232 3840 ogo
1243 3774 1331 3826 claudi
1350 3775 1479 3826 sententies
1499 3776 1650 3839 adboeream,
1675 3777 1762 3841 reipu-

984 3888 998 3915 α
1009 3868 1081 3920 bttea
1103 3865 1164 3918 nlbtt
1180 3864 1286 3930 prosim.
1314 3863 1381 3928 quod
1395 3864 1467 3928 pauci
1485 3864 1512 3915 in
1527 3864 1601 3915 istam
1620 3867 1766 3920 sententiam

984 3977 998 4004 α
1011 3955 1118 4017 ῖνεεῖιιις
1130 3954 1170 4005 sin
1182 3952 1256 4004 uliam
1268 3955 1359 4017 preater
1370 3963 1421 4012 eas,
1435 3964 1492 4015 quas
1501 3951 1533 4001 ab
1542 3950 1602 4016 ipsis
1613 3956 1672 4003 sunt
1682 3951 1765 4011 dictu,

984 4067 997 4093 ι
1009 4046 1145 4113 proteram,
1157 4043 1215 4094 lieet
1236 4041 1361 4107 optimum
1375 4040 1506 4091 eonsilium
1529 4040 1659 4103 dederim,
1676 4041 1767 4092 trustes

984 4156 997 4183 ε
1012 4149 1089 4202 nugas
1104 4133 1222 4185 ettudisse
1244 4132 1338 4183 uidear.
1373 4129 1455 4180 ascite
1473 4130 1540 4180 enim
1563 4129 1688 4181 nummati
1708 4143 1766 4195 pos·

984 4254 998 4279 ι
1011 4235 1079 4291 sunt,
1095 4230 1139 4294 qui
1154 4231 1212 4295 post
1226 4242 1267 4279 mn
1285 4230 1395 4290 surgent.
1429 4224 1478 4283 Qui
1495 4224 1553 4276 lieet
1570 4238 1657 4276 omnes
1668 4237 1767 4276 meeum

984 4343 996 4368 ε
1012 4322 1190 4382 oonaenserint,
1200 4316 1264 4383 quid
1271 4322 1356 4367 tomen
1364 4314 1500 4381 proficiam,
1511 4327 1588 4377 quum
1599 4328 1630 4365 ne
1640 4313 1768 4369 minimam

984 4411 1114 4475 «quidem
1132 4413 1231 4475 partem
1255 4421 1353 4466 eorum,
1380 4403 1424 4469 qui
1442 4401 1556 4473 cornelio
1570 4401 1766 4467 patrocinantur,

984 4519 997 4544 α
1012 4500 1060 4550 sim
1081 4499 1231 4550 habiturus?
1248 4501 1303 4549 Non
1324 4493 1446 4547 dubitabo
1458 4495 1542 4546 tomen
1566 4505 1649 4544 meum
1667 4495 1769 4543 senteu-

984 4607 998 4633 ι
1011 4587 1174 4651 nundinare,
1193 4586 1308 4651 quemvis
1320 4585 1374 4636 Ιιοισ
1396 4582 1516 4648 auspiner.
1537 4579 1589 4631 Ubt
1600 4578 1666 4631 ειιιιιι
1686 4580 1768 4630 omnin

984 4673 1160 4736 «audieritis,
1180 4673 1206 4723 tn
1224 4672 1296 4723 vobis
1311 4672 1358 4722 erit
1384 4670 1479 4735 optima
1496 4666 1576 4732 sequi.
1611 4669 1649 4717 De
1671 4665 1769 4717 ‹tenem-

984 4780 997 4805 ι
1012 4761 1096 4811 simtu
1105 4758 1189 4825 igitur,
1197 4757 1508 4825 quomodorempubtioam
1514 4758 1594 4815 earet,
1604 4768 1769 4819 quocumque

985 4872 997 4896 ι
1011 4851 1132 4903 cousins
1149 4850 1371 4916 prestantiasunus
1389 4848 1462 4909 dixit,
1485 4847 1573 4899 eadem
1590 4858 1659 4896 ame
1669 4859 1768 4909 quoque

986 4940 1106 5005 «putetis
1126 4939 1207 4997 dicta,
1226 4942 1356 4990 πιπίνειν
1372 4936 1493 4988 nonnos
1506 4949 1584 4987 novos
1598 4934 1766 4999 magistratus,

985 5037 998 5063 a
1016 5021 1149 5081 antequam
1163 5017 1258 5070 betium
1280 5017 1447 5079 οεοετιιειιιες
1472 5031 1531 5067 nam
1551 5016 1606 5067 base
1617 5028 1720 5080 quoqne
1736 5013 1769 5065 ab

984 5127 998 5152 ι
1012 5107 1056 5159 ttto
1069 5107 1165 5173 οριῖιιιο
1179 5108 1262 5158 animo
1272 5109 1331 5158 sunt
1344 5107 1422 5158 utetn.
1453 5106 1577 5164 Quoniam
1587 5119 1648 5156 vero
1655 5104 1768 5156 comem

986 5197 1120 5246 εοοιιεῖιιε
1140 5197 1180 5247 ast
1195 5193 1375 5255 demonstrare,
1388 5207 1445 5245 eatn
1456 5192 1605 5244 sententiam
1624 5191 1657 5242 ad
1673 5192 1767 5241 exitum

987 5304 1000 5331 ι
1013 5297 1045 5337 ες
1058 5284 1132 5338 θσειιι
1147 5284 1249 5352 ρετιῖιισῖ
1265 5298 1316 5337 non
1336 5294 1422 5351 posse,
1436 5281 1502 5347 quod
1522 5295 1638 5346 inagnum
1649 5278 1768 5343 temporis
