<?xml version="1.0" encoding="UTF-8"?>
<!DOCTYPE html PUBLIC "-//W3C//DTD XHTML 1.0 Transitional//EN"
    "http://www.w3.org/TR/xhtml1/DTD/xhtml1-transitional.dtd">
<html xmlns="http://www.w3.org/1999/xhtml" xml:lang="en" lang="en">
 <head>
  <title>
</title>
<meta http-equiv="Content-Type" content="text/html;charset=utf-8" />
  <meta name='ocr-system' content='tesseract 3.04.00' />
  <meta name='ocr-capabilities' content='ocr_page ocr_carea ocr_par ocr_line ocrx_word'/>
</head>
<body>
  <div class='ocr_page' id='page_1' title='image "./dionysiihalicar01prougoog_0047.png"; bbox 0 0 4034 5922; ppageno 0'>
   <div class='ocr_carea' id='block_1_1' title="bbox 279 434 327 511">
    <p class='ocr_par' dir='ltr' id='par_1_1' title="bbox 279 434 327 511">
     <span class='ocr_line' id='line_1_1' title="bbox 279 434 327 511; baseline 0 -18"><span class='ocrx_word' id='word_1_1' title='bbox 279 434 327 511; x_wconf 49' lang='grc' dir='ltr'>γδθ</span> 
     </span>
    </p>
   </div>
   <div class='ocr_carea' id='block_1_2' title="bbox 230 559 1066 5064">
    <p class='ocr_par' dir='ltr' id='par_1_2' title="bbox 230 559 1066 5064">
     <span class='ocr_line' id='line_1_2' title="bbox 287 559 1063 644; baseline 0 -23"><span class='ocrx_word' id='word_1_2' title='bbox 287 563 380 644; x_wconf 85' lang='grc' dir='ltr'>χίστου</span> <span class='ocrx_word' id='word_1_3' title='bbox 403 559 496 642; x_wconf 87' lang='grc' dir='ltr'>χρόνου</span> <span class='ocrx_word' id='word_1_4' title='bbox 517 562 629 640; x_wconf 79' lang='grc' dir='ltr'>μεγίστη</span> <span class='ocrx_word' id='word_1_5' title='bbox 654 565 706 621; x_wconf 87' lang='grc' dir='ltr'>τῶν</span> <span class='ocrx_word' id='word_1_6' title='bbox 727 565 857 642; x_wconf 80' lang='grc' dir='ltr'>Τρωῖκῖόν</span> <span class='ocrx_word' id='word_1_7' title='bbox 874 562 986 641; x_wconf 76' lang='grc' dir='ltr'>ἐγένετο.</span> <span class='ocrx_word' id='word_1_8' title='bbox 1027 563 1063 622; x_wconf 90' lang='grc' dir='ltr'>Οί</span> 
     </span>
     <span class='ocr_line' id='line_1_3' title="bbox 289 640 1064 733; baseline 0.001 -24"><span class='ocrx_word' id='word_1_9' title='bbox 289 650 337 727; x_wconf 84' lang='grc' dir='ltr'>μέν</span> <span class='ocrx_word' id='word_1_10' title='bbox 357 640 401 709; x_wconf 69' lang='lat' dir='ltr'>oin</span> <span class='ocrx_word' id='word_1_11' title='bbox 419 650 466 708; x_wconf 84' lang='grc' dir='ltr'>σύν</span> <span class='ocrx_word' id='word_1_12' title='bbox 479 650 567 730; x_wconf 78' lang='grc' dir='ltr'>Αίνείιρ</span> <span class='ocrx_word' id='word_1_13' title='bbox 592 652 762 720; x_wconf 73' lang='grc' dir='ltr'>διασωθέντες</span> <span class='ocrx_word' id='word_1_14' title='bbox 783 653 814 712; x_wconf 80' lang='grc' dir='ltr'>ίκ</span> <span class='ocrx_word' id='word_1_15' title='bbox 827 656 873 724; x_wconf 81' lang='grc' dir='ltr'>τῆς</span> <span class='ocrx_word' id='word_1_16' title='bbox 890 651 1064 733; x_wconf 80' lang='grc' dir='ltr'>καταλήψεως</span> 
     </span>
     <span class='ocr_line' id='line_1_4' title="bbox 288 736 1064 820; baseline 0 -22"><span class='ocrx_word' id='word_1_17' title='bbox 288 740 315 798; x_wconf 87' lang='grc' dir='ltr'>ίν</span> <span class='ocrx_word' id='word_1_18' title='bbox 342 738 443 805; x_wconf 84' lang='grc' dir='ltr'>τούτοις</span> <span class='ocrx_word' id='word_1_19' title='bbox 468 736 640 812; x_wconf 76' lang='grc' dir='ltr'>ὑπομένοντες</span> <span class='ocrx_word' id='word_1_20' title='bbox 658 746 713 806; x_wconf 88' lang='grc' dir='ltr'>τοῖς</span> <span class='ocrx_word' id='word_1_21' title='bbox 728 739 835 820; x_wconf 90' lang='grc' dir='ltr'>χωρίοις</span> <span class='ocrx_word' id='word_1_22' title='bbox 853 741 882 799; x_wconf 89' lang='grc' dir='ltr'>ού</span> <span class='ocrx_word' id='word_1_23' title='bbox 898 739 941 798; x_wconf 79' lang='grc' dir='ltr'>διὰ</span> <span class='ocrx_word' id='word_1_24' title='bbox 960 745 1064 819; x_wconf 82' lang='grc' dir='ltr'>μακροῦ</span> 
     </span>
     <span class='ocr_line' id='line_1_5' title="bbox 287 826 1062 908; baseline 0.001 -23"><span class='ocrx_word' id='word_1_25' title='bbox 287 826 367 886; x_wconf 85' lang='grc' dir='ltr'>πάλιν</span> <span class='ocrx_word' id='word_1_26' title='bbox 386 828 430 884; x_wconf 80' lang='grc' dir='ltr'>ἐπὶ</span> <span class='ocrx_word' id='word_1_27' title='bbox 455 826 489 885; x_wconf 75' lang='grc' dir='ltr'>τὰ</span> <span class='ocrx_word' id='word_1_28' title='bbox 516 827 630 908; x_wconf 76' lang='grc' dir='ltr'>σφέτερα</span> <span class='ocrx_word' id='word_1_29' title='bbox 660 827 862 888; x_wconf 80' lang='grc' dir='ltr'>κατελεύσεσθαι</span> <span class='ocrx_word' id='word_1_30' title='bbox 884 827 994 902; x_wconf 71' lang='grc' dir='ltr'>ἤλπιζον</span> <span class='ocrx_word' id='word_1_31' title='bbox 1010 831 1062 887; x_wconf 81' lang='grc' dir='ltr'>τῶν</span> 
     </span>
     <span class='ocr_line' id='line_1_6' title="bbox 249 916 1066 997; baseline -0.002 -21"><span class='ocrx_word' id='word_1_32' title='bbox 249 945 261 979; x_wconf 81' lang='grc' dir='ltr'>ι</span> <span class='ocrx_word' id='word_1_33' title='bbox 288 917 421 993; x_wconf 85' lang='grc' dir='ltr'>πολεμίων</span> <span class='ocrx_word' id='word_1_34' title='bbox 451 916 685 975; x_wconf 75' lang='grc' dir='ltr'>ἀποπλευσάντων·</span> <span class='ocrx_word' id='word_1_35' title='bbox 725 917 827 997; x_wconf 83' lang='grc' dir='ltr'>Ἀχαιολ</span> <span class='ocrx_word' id='word_1_36' title='bbox 851 919 874 977; x_wconf 80' lang='grc' dir='ltr'>δ’</span> <span class='ocrx_word' id='word_1_37' title='bbox 909 918 1066 995; x_wconf 82' lang='grc' dir='ltr'>ἀνδραποδι-</span> 
     </span>
     <span class='ocr_line' id='line_1_7' title="bbox 290 1002 1064 1088; baseline 0 -25"><span class='ocrx_word' id='word_1_38' title='bbox 290 1004 397 1081; x_wconf 90' lang='grc' dir='ltr'>σάμενοι</span> <span class='ocrx_word' id='word_1_39' title='bbox 411 1002 460 1075; x_wconf 80' lang='grc' dir='ltr'>τὴν</span> <span class='ocrx_word' id='word_1_40' title='bbox 476 1004 551 1063; x_wconf 92' lang='grc' dir='ltr'>πόλιν</span> <span class='ocrx_word' id='word_1_41' title='bbox 567 1003 614 1063; x_wconf 86' lang='grc' dir='ltr'>καί</span> <span class='ocrx_word' id='word_1_42' title='bbox 631 1003 665 1063; x_wconf 80' lang='grc' dir='ltr'>τδ</span> <span class='ocrx_word' id='word_1_43' title='bbox 687 1004 810 1085; x_wconf 85' lang='grc' dir='ltr'>σύνεγγυς</span> <span class='ocrx_word' id='word_1_44' title='bbox 824 1005 911 1085; x_wconf 88' lang='grc' dir='ltr'>χωρία</span> <span class='ocrx_word' id='word_1_45' title='bbox 925 1005 972 1064; x_wconf 82' lang='grc' dir='ltr'>καί</span> <span class='ocrx_word' id='word_1_46' title='bbox 985 1005 1064 1088; x_wconf 86' lang='grc' dir='ltr'>ιρρού-</span> 
     </span>
     <span class='ocr_line' id='line_1_8' title="bbox 290 1092 1064 1172; baseline 0.003 -22"><span class='ocrx_word' id='word_1_47' title='bbox 290 1117 332 1171; x_wconf 89' lang='grc' dir='ltr'>ρια</span> <span class='ocrx_word' id='word_1_48' title='bbox 366 1093 512 1171; x_wconf 77' lang='grc' dir='ltr'>δῃώσαντες</span> <span class='ocrx_word' id='word_1_49' title='bbox 552 1092 776 1172; x_wconf 82' lang='grc' dir='ltr'>παρεσκευάζοντο</span> <span class='ocrx_word' id='word_1_50' title='bbox 805 1093 852 1169; x_wconf 83' lang='grc' dir='ltr'>μέν</span> <span class='ocrx_word' id='word_1_51' title='bbox 872 1096 908 1159; x_wconf 79' lang='grc' dir='ltr'>όις</span> <span class='ocrx_word' id='word_1_52' title='bbox 933 1094 978 1152; x_wconf 84' lang='grc' dir='ltr'>καλ</span> <span class='ocrx_word' id='word_1_53' title='bbox 1005 1093 1064 1161; x_wconf 85' lang='grc' dir='ltr'>τούς</span> 
     </span>
     <span class='ocr_line' id='line_1_9' title="bbox 291 1176 1064 1261; baseline 0 -22"><span class='ocrx_word' id='word_1_54' title='bbox 291 1183 316 1239; x_wconf 78' lang='grc' dir='ltr'>ἐν</span> <span class='ocrx_word' id='word_1_55' title='bbox 332 1188 385 1246; x_wconf 85' lang='grc' dir='ltr'>τοῖς</span> <span class='ocrx_word' id='word_1_56' title='bbox 409 1180 481 1261; x_wconf 85' lang='grc' dir='ltr'>όρεσι</span> <span class='ocrx_word' id='word_1_57' title='bbox 496 1179 700 1261; x_wconf 80' lang='grc' dir='ltr'>χειρωσόμενοι·</span> <span class='ocrx_word' id='word_1_58' title='bbox 722 1176 883 1260; x_wconf 81' lang='grc' dir='ltr'>πεμψάντων</span> <span class='ocrx_word' id='word_1_59' title='bbox 901 1180 928 1240; x_wconf 76' lang='grc' dir='ltr'>δέ</span> <span class='ocrx_word' id='word_1_60' title='bbox 948 1180 1064 1261; x_wconf 79' lang='grc' dir='ltr'>κήρυκας</span> 
     </span>
     <span class='ocr_line' id='line_1_10' title="bbox 291 1270 1064 1352; baseline 0.003 -24"><span class='ocrx_word' id='word_1_61' title='bbox 291 1270 455 1349; x_wconf 80' lang='grc' dir='ltr'>αὐτῶνπερὶ</span> <span class='ocrx_word' id='word_1_62' title='bbox 479 1271 624 1329; x_wconf 85' lang='grc' dir='ltr'>διαλύσεων</span> <span class='ocrx_word' id='word_1_63' title='bbox 652 1270 698 1329; x_wconf 86' lang='grc' dir='ltr'>καλ</span> <span class='ocrx_word' id='word_1_64' title='bbox 720 1271 848 1348; x_wconf 79' lang='grc' dir='ltr'>δεομένων</span> <span class='ocrx_word' id='word_1_65' title='bbox 877 1270 914 1348; x_wconf 77' lang='grc' dir='ltr'>μὴ</span> <span class='ocrx_word' id='word_1_66' title='bbox 937 1279 1005 1352; x_wconf 70' lang='grc' dir='ltr'>ορατ</span> <span class='ocrx_word' id='word_1_67' title='bbox 1029 1274 1064 1338; x_wconf 84' lang='grc' dir='ltr'>είς</span> 
     </span>
     <span class='ocr_line' id='line_1_11' title="bbox 237 1357 1063 1435; baseline 0 -18"><span class='ocrx_word' id='word_1_68' title='bbox 237 1387 260 1427; x_wconf 76' lang='lat'>10</span> <span class='ocrx_word' id='word_1_69' title='bbox 290 1360 405 1435; x_wconf 85' lang='grc' dir='ltr'>ἀνάγκην</span> <span class='ocrx_word' id='word_1_70' title='bbox 431 1360 597 1429; x_wconf 72' lang='grc' dir='ltr'>καταστῆσαι</span> <span class='ocrx_word' id='word_1_71' title='bbox 620 1357 752 1434; x_wconf 88' lang='grc' dir='ltr'>πολέμου,</span> <span class='ocrx_word' id='word_1_72' title='bbox 772 1359 936 1427; x_wconf 83' lang='grc' dir='ltr'>συνελθόντες</span> <span class='ocrx_word' id='word_1_73' title='bbox 958 1360 994 1426; x_wconf 83' lang='grc' dir='ltr'>είς</span> <span class='ocrx_word' id='word_1_74' title='bbox 1017 1362 1063 1418; x_wconf 84' lang='grc' dir='ltr'>ἐκ·</span> 
     </span>
     <span class='ocr_line' id='line_1_12' title="bbox 288 1445 1063 1527; baseline -0.001 -21"><span class='ocrx_word' id='word_1_75' title='bbox 288 1448 401 1519; x_wconf 88' lang='grc' dir='ltr'>κλησίαν</span> <span class='ocrx_word' id='word_1_76' title='bbox 427 1447 470 1504; x_wconf 79' lang='lat' dir='ltr'>ed</span> <span class='ocrx_word' id='word_1_77' title='bbox 489 1447 571 1513; x_wconf 86' lang='grc' dir='ltr'>τοῖςδι</span> <span class='ocrx_word' id='word_1_78' title='bbox 586 1450 722 1506; x_wconf 81' lang='grc' dir='ltr'>ποιοῦνται</span> <span class='ocrx_word' id='word_1_79' title='bbox 748 1445 811 1527; x_wconf 90' lang='grc' dir='ltr'>πρδς</span> <span class='ocrx_word' id='word_1_80' title='bbox 834 1445 928 1512; x_wconf 83' lang='grc' dir='ltr'>αύτούς</span> <span class='ocrx_word' id='word_1_81' title='bbox 947 1445 993 1513; x_wconf 83' lang='grc' dir='ltr'>τίις</span> <span class='ocrx_word' id='word_1_82' title='bbox 1006 1452 1063 1505; x_wconf 86' lang='grc' dir='ltr'>δια·</span> 
     </span>
     <span class='ocr_line' id='line_1_13' title="bbox 289 1531 1063 1615; baseline 0.008 -27"><span class='ocrx_word' id='word_1_83' title='bbox 289 1532 389 1597; x_wconf 89' lang='grc' dir='ltr'>λύσεις·</span> <span class='ocrx_word' id='word_1_84' title='bbox 401 1531 505 1593; x_wconf 79' lang='grc' dir='ltr'>Αἰνείαν</span> <span class='ocrx_word' id='word_1_85' title='bbox 527 1533 574 1608; x_wconf 76' lang='grc' dir='ltr'>μέν</span> <span class='ocrx_word' id='word_1_86' title='bbox 593 1532 639 1593; x_wconf 81' lang='grc' dir='ltr'>καί</span> <span class='ocrx_word' id='word_1_87' title='bbox 652 1532 711 1601; x_wconf 83' lang='grc' dir='ltr'>τούς</span> <span class='ocrx_word' id='word_1_88' title='bbox 731 1533 778 1592; x_wconf 80' lang='grc' dir='ltr'>σύν</span> <span class='ocrx_word' id='word_1_89' title='bbox 800 1537 873 1615; x_wconf 82' lang='grc' dir='ltr'>αύτῷ</span> <span class='ocrx_word' id='word_1_90' title='bbox 888 1536 921 1595; x_wconf 86' lang='grc' dir='ltr'>τδι</span> <span class='ocrx_word' id='word_1_91' title='bbox 935 1535 1063 1615; x_wconf 73' lang='grc' dir='ltr'>χρήματα</span> 
     </span>
     <span class='ocr_line' id='line_1_14' title="bbox 287 1620 1065 1705; baseline 0.006 -26"><span class='ocrx_word' id='word_1_92' title='bbox 287 1621 410 1700; x_wconf 74' lang='grc' dir='ltr'>φέροντας</span> <span class='ocrx_word' id='word_1_93' title='bbox 426 1620 474 1679; x_wconf 82' lang='grc' dir='ltr'>ὅσα</span> <span class='ocrx_word' id='word_1_94' title='bbox 489 1621 649 1682; x_wconf 83' lang='grc' dir='ltr'>διεσώσαντο</span> <span class='ocrx_word' id='word_1_95' title='bbox 663 1621 732 1681; x_wconf 76' lang='grc' dir='ltr'>κατὰ</span> <span class='ocrx_word' id='word_1_96' title='bbox 745 1620 793 1695; x_wconf 77' lang='grc' dir='ltr'>τήν</span> <span class='ocrx_word' id='word_1_97' title='bbox 810 1625 894 1705; x_wconf 71' lang='grc' dir='ltr'>φυγὴν</span> <span class='ocrx_word' id='word_1_98' title='bbox 908 1627 934 1683; x_wconf 82' lang='grc' dir='ltr'>ἐν</span> <span class='ocrx_word' id='word_1_99' title='bbox 948 1623 1065 1705; x_wconf 79' lang='grc' dir='ltr'>ὡρισμέ-</span> 
     </span>
     <span class='ocr_line' id='line_1_15' title="bbox 287 1710 1063 1796; baseline 0.006 -28"><span class='ocrx_word' id='word_1_100' title='bbox 287 1731 339 1776; x_wconf 89' lang='grc' dir='ltr'>νοις</span> <span class='ocrx_word' id='word_1_101' title='bbox 361 1710 413 1768; x_wconf 87' lang='grc' dir='ltr'>τισί</span> <span class='ocrx_word' id='word_1_102' title='bbox 434 1713 536 1792; x_wconf 85' lang='grc' dir='ltr'>χρόνοις</span> <span class='ocrx_word' id='word_1_103' title='bbox 554 1712 585 1770; x_wconf 77' lang='grc' dir='ltr'>ἐκ</span> <span class='ocrx_word' id='word_1_104' title='bbox 609 1716 655 1784; x_wconf 81' lang='grc' dir='ltr'>τῆς</span> <span class='ocrx_word' id='word_1_105' title='bbox 678 1712 804 1793; x_wconf 90' lang='grc' dir='ltr'>Τρωάδος</span> <span class='ocrx_word' id='word_1_106' title='bbox 824 1717 957 1787; x_wconf 81' lang='grc' dir='ltr'>ἀπελθεῖν,</span> <span class='ocrx_word' id='word_1_107' title='bbox 973 1738 1063 1796; x_wconf 89' lang='grc' dir='ltr'>παρα-</span> 
     </span>
     <span class='ocr_line' id='line_1_16' title="bbox 236 1798 1063 1883; baseline 0.005 -27"><span class='ocrx_word' id='word_1_108' title='bbox 236 1827 258 1865; x_wconf 74' lang='lat'>15</span> <span class='ocrx_word' id='word_1_109' title='bbox 287 1798 378 1865; x_wconf 89' lang='grc' dir='ltr'>δόντας</span> <span class='ocrx_word' id='word_1_110' title='bbox 395 1798 508 1879; x_wconf 79' lang='grc' dir='ltr'>Ἀχαιοῖς</span> <span class='ocrx_word' id='word_1_111' title='bbox 523 1798 556 1856; x_wconf 85' lang='grc' dir='ltr'>τδι</span> <span class='ocrx_word' id='word_1_112' title='bbox 583 1801 707 1878; x_wconf 78' lang='grc' dir='ltr'>φρούρια·</span> <span class='ocrx_word' id='word_1_113' title='bbox 729 1799 851 1880; x_wconf 79' lang='grc' dir='ltr'>Ἀχαιούς</span> <span class='ocrx_word' id='word_1_114' title='bbox 866 1799 895 1861; x_wconf 77' lang='grc' dir='ltr'>δύ</span> <span class='ocrx_word' id='word_1_115' title='bbox 915 1806 1063 1883; x_wconf 81' lang='grc' dir='ltr'>παρασχεῖν</span> 
     </span>
     <span class='ocr_line' id='line_1_17' title="bbox 288 1886 1065 1972; baseline 0.008 -30"><span class='ocrx_word' id='word_1_116' title='bbox 288 1887 374 1952; x_wconf 82' lang='grc' dir='ltr'>αὐτοῖς</span> <span class='ocrx_word' id='word_1_117' title='bbox 396 1887 445 1957; x_wconf 74' lang='grc' dir='ltr'>την</span> <span class='ocrx_word' id='word_1_118' title='bbox 469 1887 615 1967; x_wconf 83' lang='grc' dir='ltr'>ἀσράλειαν</span> <span class='ocrx_word' id='word_1_119' title='bbox 631 1886 656 1956; x_wconf 79' lang='grc' dir='ltr'>ἐξ</span> <span class='ocrx_word' id='word_1_120' title='bbox 674 1886 778 1961; x_wconf 72' lang='grc' dir='ltr'>ἁπάσης</span> <span class='ocrx_word' id='word_1_121' title='bbox 796 1887 860 1960; x_wconf 86' lang='grc' dir='ltr'>όσης</span> <span class='ocrx_word' id='word_1_122' title='bbox 878 1890 1003 1972; x_wconf 77' lang='grc' dir='ltr'>ἐκράτουν</span> <span class='ocrx_word' id='word_1_123' title='bbox 1017 1893 1065 1968; x_wconf 77' lang='grc' dir='ltr'>γῆς</span> 
     </span>
     <span class='ocr_line' id='line_1_18' title="bbox 286 1974 1064 2059; baseline 0.001 -26"><span class='ocrx_word' id='word_1_124' title='bbox 286 1975 331 2033; x_wconf 83' lang='grc' dir='ltr'>καὶ</span> <span class='ocrx_word' id='word_1_125' title='bbox 346 1975 476 2048; x_wconf 82' lang='grc' dir='ltr'>θαλάττης</span> <span class='ocrx_word' id='word_1_126' title='bbox 503 1976 610 2035; x_wconf 78' lang='grc' dir='ltr'>ἀπιοῦσι</span> <span class='ocrx_word' id='word_1_127' title='bbox 630 1974 699 2035; x_wconf 83' lang='grc' dir='ltr'>κατίτ</span> <span class='ocrx_word' id='word_1_128' title='bbox 721 1974 768 2042; x_wconf 87' lang='grc' dir='ltr'>τδις</span> <span class='ocrx_word' id='word_1_129' title='bbox 793 1976 942 2059; x_wconf 78' lang='grc' dir='ltr'>ὁμολογίας.</span> <span class='ocrx_word' id='word_1_130' title='bbox 984 1976 1064 2045; x_wconf 77' lang='grc' dir='ltr'>Δεξά-</span> 
     </span>
     <span class='ocr_line' id='line_1_19' title="bbox 290 2062 1064 2143; baseline 0.005 -24"><span class='ocrx_word' id='word_1_131' title='bbox 290 2084 366 2135; x_wconf 86' lang='grc' dir='ltr'>μενος</span> <span class='ocrx_word' id='word_1_132' title='bbox 380 2062 408 2122; x_wconf 79' lang='grc' dir='ltr'>δέ</span> <span class='ocrx_word' id='word_1_133' title='bbox 429 2063 503 2123; x_wconf 79' lang='grc' dir='ltr'>ταῦτ’</span> <span class='ocrx_word' id='word_1_134' title='bbox 527 2065 633 2130; x_wconf 82' lang='grc' dir='ltr'>Αἰνείας</span> <span class='ocrx_word' id='word_1_135' title='bbox 655 2063 701 2123; x_wconf 84' lang='grc' dir='ltr'>καί</span> <span class='ocrx_word' id='word_1_136' title='bbox 724 2063 833 2143; x_wconf 90' lang='grc' dir='ltr'>νομίσας</span> <span class='ocrx_word' id='word_1_137' title='bbox 845 2068 875 2126; x_wconf 87' lang='grc' dir='ltr'>ίκ</span> <span class='ocrx_word' id='word_1_138' title='bbox 889 2070 940 2125; x_wconf 86' lang='grc' dir='ltr'>τῶν</span> <span class='ocrx_word' id='word_1_139' title='bbox 956 2066 1064 2125; x_wconf 74' lang='grc' dir='ltr'>ἐνόντων</span> 
     </span>
     <span class='ocr_line' id='line_1_20' title="bbox 287 2140 1064 2232; baseline 0.008 -27"><span class='ocrx_word' id='word_1_140' title='bbox 287 2148 405 2227; x_wconf 79' lang='grc' dir='ltr'>κράτιστ’</span> <span class='ocrx_word' id='word_1_141' title='bbox 434 2140 517 2224; x_wconf 76' lang='grc' dir='ltr'>εἶναι,</span> <span class='ocrx_word' id='word_1_142' title='bbox 551 2150 694 2210; x_wconf 83' lang='grc' dir='ltr'>Ἀσκάνιον</span> <span class='ocrx_word' id='word_1_143' title='bbox 726 2150 774 2227; x_wconf 78' lang='grc' dir='ltr'>μέν</span> <span class='ocrx_word' id='word_1_144' title='bbox 804 2152 850 2212; x_wconf 82' lang='grc' dir='ltr'>τὸν</span> <span class='ocrx_word' id='word_1_145' title='bbox 883 2150 1064 2232; x_wconf 85' lang='grc' dir='ltr'>πρεσόύτατσν</span> 
     </span>
     <span class='ocr_line' id='line_1_21' title="bbox 231 2232 1065 2320; baseline 0.007 -26"><span class='ocrx_word' id='word_1_146' title='bbox 231 2264 260 2304; x_wconf 67' lang='lat'>20</span> <span class='ocrx_word' id='word_1_147' title='bbox 289 2239 341 2295; x_wconf 84' lang='grc' dir='ltr'>τῖιν</span> <span class='ocrx_word' id='word_1_148' title='bbox 355 2238 457 2296; x_wconf 90' lang='grc' dir='ltr'>παίδων</span> <span class='ocrx_word' id='word_1_149' title='bbox 472 2238 567 2317; x_wconf 81' lang='grc' dir='ltr'>ἔχοντα</span> <span class='ocrx_word' id='word_1_150' title='bbox 581 2245 627 2299; x_wconf 78' lang='grc' dir='ltr'>τοῦ</span> <span class='ocrx_word' id='word_1_151' title='bbox 642 2245 815 2320; x_wconf 76' lang='grc' dir='ltr'>συμμαχικοῦ</span> <span class='ocrx_word' id='word_1_152' title='bbox 833 2264 891 2300; x_wconf 93' lang='grc' dir='ltr'>τινα</span> <span class='ocrx_word' id='word_1_153' title='bbox 908 2249 1017 2320; x_wconf 85' lang='grc' dir='ltr'>μοῖραν,</span> <span class='ocrx_word' id='word_1_154' title='bbox 1034 2232 1065 2313; x_wconf 75' lang='grc' dir='ltr'>ἧς</span> 
     </span>
     <span class='ocr_line' id='line_1_22' title="bbox 287 2318 1063 2405; baseline 0.006 -22"><span class='ocrx_word' id='word_1_155' title='bbox 287 2325 403 2405; x_wconf 80' lang='grc' dir='ltr'>Φρύγιον</span> <span class='ocrx_word' id='word_1_156' title='bbox 420 2318 453 2398; x_wconf 71' lang='grc' dir='ltr'>ἦν</span> <span class='ocrx_word' id='word_1_157' title='bbox 467 2327 498 2387; x_wconf 82' lang='grc' dir='ltr'>τὸ</span> <span class='ocrx_word' id='word_1_158' title='bbox 515 2327 654 2401; x_wconf 87' lang='grc' dir='ltr'>πλεῖστον,</span> <span class='ocrx_word' id='word_1_159' title='bbox 668 2329 703 2395; x_wconf 84' lang='grc' dir='ltr'>είς</span> <span class='ocrx_word' id='word_1_160' title='bbox 718 2328 766 2401; x_wconf 74' lang='grc' dir='ltr'>τὴν</span> <span class='ocrx_word' id='word_1_161' title='bbox 786 2330 946 2389; x_wconf 81' lang='grc' dir='ltr'>Δασκυλῖτιν</span> <span class='ocrx_word' id='word_1_162' title='bbox 968 2331 1063 2389; x_wconf 88' lang='grc' dir='ltr'>καλου·</span> 
     </span>
     <span class='ocr_line' id='line_1_23' title="bbox 240 2413 1065 2497; baseline 0.01 -27"><span class='ocrx_word' id='word_1_163' title='bbox 240 2492 242 2495; x_wconf 78' lang='lat'><em>.</em></span> <span class='ocrx_word' id='word_1_164' title='bbox 290 2413 371 2490; x_wconf 80' lang='grc' dir='ltr'>μένην</span> <span class='ocrx_word' id='word_1_165' title='bbox 386 2418 453 2494; x_wconf 82' lang='grc' dir='ltr'>γῆν,</span> <span class='ocrx_word' id='word_1_166' title='bbox 470 2414 523 2475; x_wconf 71' lang='grc' dir='ltr'>ἀνθ’</span> <span class='ocrx_word' id='word_1_167' title='bbox 538 2417 639 2488; x_wconf 75' lang='grc' dir='ltr'>ἐστινὴ</span> <span class='ocrx_word' id='word_1_168' title='bbox 661 2415 786 2476; x_wconf 79' lang='grc' dir='ltr'>Ἀσκανία</span> <span class='ocrx_word' id='word_1_169' title='bbox 809 2417 908 2496; x_wconf 85' lang='grc' dir='ltr'>λίμνη,</span> <span class='ocrx_word' id='word_1_170' title='bbox 925 2420 1065 2497; x_wconf 87' lang='grc' dir='ltr'>μετάπεμ-</span> 
     </span>
     <span class='ocr_line' id='line_1_24' title="bbox 285 2502 1065 2589; baseline 0.009 -28"><span class='ocrx_word' id='word_1_171' title='bbox 285 2525 351 2561; x_wconf 89' lang='grc' dir='ltr'>πτον</span> <span class='ocrx_word' id='word_1_172' title='bbox 374 2502 424 2562; x_wconf 73' lang='lat' dir='ltr'><strong>tol</strong></span> <span class='ocrx_word' id='word_1_173' title='bbox 438 2507 489 2563; x_wconf 82' lang='grc' dir='ltr'>τῶν</span> <span class='ocrx_word' id='word_1_174' title='bbox 513 2505 648 2585; x_wconf 78' lang='grc' dir='ltr'>ἐγχωρίων</span> <span class='ocrx_word' id='word_1_175' title='bbox 662 2505 800 2583; x_wconf 87' lang='grc' dir='ltr'>γενόμενον</span> <span class='ocrx_word' id='word_1_176' title='bbox 814 2507 858 2566; x_wconf 79' lang='lat' dir='ltr'>ed</span> <span class='ocrx_word' id='word_1_177' title='bbox 880 2507 1002 2589; x_wconf 71' lang='grc' dir='ltr'>βασιλείᾳ</span> <span class='ocrx_word' id='word_1_178' title='bbox 1019 2516 1065 2568; x_wconf 76' lang='grc' dir='ltr'>τοῦ</span> 
     </span>
     <span class='ocr_line' id='line_1_25' title="bbox 286 2589 1064 2674; baseline 0.009 -26"><span class='ocrx_word' id='word_1_179' title='bbox 286 2589 388 2666; x_wconf 85' lang='grc' dir='ltr'>ίθνους,</span> <span class='ocrx_word' id='word_1_180' title='bbox 409 2593 577 2669; x_wconf 83' lang='grc' dir='ltr'>ἀποπέμπει·</span> <span class='ocrx_word' id='word_1_181' title='bbox 608 2593 654 2653; x_wconf 81' lang='grc' dir='ltr'>καὶ</span> <span class='ocrx_word' id='word_1_182' title='bbox 679 2592 782 2674; x_wconf 81' lang='grc' dir='ltr'>ᾤκησεν</span> <span class='ocrx_word' id='word_1_183' title='bbox 816 2596 956 2663; x_wconf 86' lang='grc' dir='ltr'>Ἀσκάνιος</span> <span class='ocrx_word' id='word_1_184' title='bbox 974 2596 1064 2655; x_wconf 85' lang='grc' dir='ltr'>αὐτόθι</span> 
     </span>
     <span class='ocr_line' id='line_1_26' title="bbox 232 2679 1065 2760; baseline 0.011 -26"><span class='ocrx_word' id='word_1_185' title='bbox 232 2718 258 2756; x_wconf 54' lang='grc' dir='ltr'>,χ</span> <span class='ocrx_word' id='word_1_186' title='bbox 286 2679 380 2760; x_wconf 76' lang='grc' dir='ltr'>χρόνον</span> <span class='ocrx_word' id='word_1_187' title='bbox 399 2679 458 2738; x_wconf 83' lang='grc' dir='ltr'>τινδ</span> <span class='ocrx_word' id='word_1_188' title='bbox 472 2683 501 2740; x_wconf 84' lang='grc' dir='ltr'>οὐ</span> <span class='ocrx_word' id='word_1_189' title='bbox 515 2680 608 2742; x_wconf 90' lang='grc' dir='ltr'>πολύν.</span> <span class='ocrx_word' id='word_1_190' title='bbox 652 2680 799 2742; x_wconf 84' lang='grc' dir='ltr'>Ἐλθόντων</span> <span class='ocrx_word' id='word_1_191' title='bbox 815 2684 838 2742; x_wconf 82' lang='grc' dir='ltr'>δ’</span> <span class='ocrx_word' id='word_1_192' title='bbox 854 2687 889 2751; x_wconf 83' lang='grc' dir='ltr'>ὡς</span> <span class='ocrx_word' id='word_1_193' title='bbox 903 2685 980 2743; x_wconf 84' lang='grc' dir='ltr'>αθτδν</span> <span class='ocrx_word' id='word_1_194' title='bbox 996 2686 1065 2743; x_wconf 81' lang='grc' dir='ltr'>Σκα-</span> 
     </span>
     <span class='ocr_line' id='line_1_27' title="bbox 287 2766 1063 2853; baseline 0.01 -30"><span class='ocrx_word' id='word_1_195' title='bbox 287 2766 412 2845; x_wconf 85' lang='grc' dir='ltr'>μανδρίου</span> <span class='ocrx_word' id='word_1_196' title='bbox 432 2792 461 2827; x_wconf 93' lang='grc' dir='ltr'>τε</span> <span class='ocrx_word' id='word_1_197' title='bbox 483 2768 529 2828; x_wconf 84' lang='grc' dir='ltr'>καλ</span> <span class='ocrx_word' id='word_1_198' title='bbox 554 2772 606 2828; x_wconf 83' lang='grc' dir='ltr'>τῶν</span> <span class='ocrx_word' id='word_1_199' title='bbox 629 2769 716 2830; x_wconf 86' lang='grc' dir='ltr'>άλλων</span> <span class='ocrx_word' id='word_1_200' title='bbox 738 2769 897 2851; x_wconf 81' lang='grc' dir='ltr'>Ἑκτοριδῶν</span> <span class='ocrx_word' id='word_1_201' title='bbox 917 2772 1063 2853; x_wconf 77' lang='grc' dir='ltr'>ἀφειμένων</span> 
     </span>
     <span class='ocr_line' id='line_1_28' title="bbox 286 2855 1064 2939; baseline 0.006 -25"><span class='ocrx_word' id='word_1_202' title='bbox 286 2859 316 2915; x_wconf 83' lang='grc' dir='ltr'>έκ</span> <span class='ocrx_word' id='word_1_203' title='bbox 334 2860 381 2927; x_wconf 74' lang='grc' dir='ltr'>τῆς</span> <span class='ocrx_word' id='word_1_204' title='bbox 396 2855 526 2927; x_wconf 77' lang='grc' dir='ltr'>Ἑλλάδος</span> <span class='ocrx_word' id='word_1_205' title='bbox 546 2859 598 2919; x_wconf 83' lang='grc' dir='ltr'>ύπὸ</span> <span class='ocrx_word' id='word_1_206' title='bbox 619 2860 821 2937; x_wconf 74' lang='grc' dir='ltr'>Νεοπτολέμου,</span> <span class='ocrx_word' id='word_1_207' title='bbox 836 2860 958 2939; x_wconf 76' lang='grc' dir='ltr'>κατάγειν</span> <span class='ocrx_word' id='word_1_208' title='bbox 973 2861 1064 2930; x_wconf 72' lang='grc' dir='ltr'>αὐτούς</span> 
     </span>
     <span class='ocr_line' id='line_1_29' title="bbox 286 2945 1063 3027; baseline 0.01 -25"><span class='ocrx_word' id='word_1_209' title='bbox 286 2947 330 3003; x_wconf 78' lang='grc' dir='ltr'>ἐπί</span> <span class='ocrx_word' id='word_1_210' title='bbox 346 2945 394 3003; x_wconf 73' lang='grc' dir='ltr'>τάν</span> <span class='ocrx_word' id='word_1_211' title='bbox 406 2969 460 3004; x_wconf 87' lang='grc' dir='ltr'>πατ</span> <span class='ocrx_word' id='word_1_212' title='bbox 477 2950 532 3005; x_wconf 90' lang='grc' dir='ltr'>ώαν</span> <span class='ocrx_word' id='word_1_213' title='bbox 550 2949 566 3005; x_wconf 83' lang='grc' dir='ltr'>ἀ</span> <span class='ocrx_word' id='word_1_214' title='bbox 584 2947 635 3027; x_wconf 71' lang='grc' dir='ltr'>χὴν</span> <span class='ocrx_word' id='word_1_215' title='bbox 650 2950 721 3015; x_wconf 79' lang='grc' dir='ltr'>είςΤ</span> <span class='ocrx_word' id='word_1_216' title='bbox 737 2952 794 3007; x_wconf 86' lang='grc' dir='ltr'>οίαν</span> <span class='ocrx_word' id='word_1_217' title='bbox 816 2954 824 2973; x_wconf 92' lang='grc'>’</span> <span class='ocrx_word' id='word_1_218' title='bbox 848 2957 966 3009; x_wconf 87' lang='grc' dir='ltr'>ικνεῖται.</span> <span class='ocrx_word' id='word_1_219' title='bbox 1011 2951 1063 3011; x_wconf 83' lang='grc' dir='ltr'>Καὶ</span> 
     </span>
     <span class='ocr_line' id='line_1_30' title="bbox 285 2970 1063 3114; baseline 0.008 -22"><span class='ocrx_word' id='word_1_220' title='bbox 285 2970 954 3114; x_wconf 36' lang='lat' dir='ltr'>cmm</span> <span class='ocrx_word' id='word_1_221' title='bbox 964 3038 987 3096; x_wconf 87' lang='grc' dir='ltr'>δ’</span> <span class='ocrx_word' id='word_1_222' title='bbox 1013 3039 1063 3098; x_wconf 86' lang='grc' dir='ltr'>άλ-</span> 
     </span>
     <span class='ocr_line' id='line_1_31' title="bbox 232 3123 1063 3208; baseline 0.007 -29"><span class='ocrx_word' id='word_1_223' title='bbox 232 3155 257 3197; x_wconf 73' lang='lat'>³0</span> <span class='ocrx_word' id='word_1_224' title='bbox 284 3123 345 3190; x_wconf 91' lang='grc' dir='ltr'>λους</span> <span class='ocrx_word' id='word_1_225' title='bbox 363 3123 461 3190; x_wconf 85' lang='grc' dir='ltr'>παῖδας</span> <span class='ocrx_word' id='word_1_226' title='bbox 476 3124 583 3191; x_wconf 78' lang='grc' dir='ltr'>Αἰνείας</span> <span class='ocrx_word' id='word_1_227' title='bbox 603 3124 767 3203; x_wconf 83' lang='grc' dir='ltr'>παραλαόὼν</span> <span class='ocrx_word' id='word_1_228' title='bbox 784 3124 885 3184; x_wconf 79' lang='grc' dir='ltr'>καὶτὸν</span> <span class='ocrx_word' id='word_1_229' title='bbox 899 3125 1002 3208; x_wconf 85' lang='grc' dir='ltr'>πατέρα</span> <span class='ocrx_word' id='word_1_230' title='bbox 1018 3129 1063 3185; x_wconf 84' lang='grc' dir='ltr'>καί</span> 
     </span>
     <span class='ocr_line' id='line_1_32' title="bbox 284 3210 1063 3293; baseline 0.009 -24"><span class='ocrx_word' id='word_1_231' title='bbox 284 3211 319 3269; x_wconf 87' lang='grc' dir='ltr'>τδι</span> <span class='ocrx_word' id='word_1_232' title='bbox 334 3210 381 3282; x_wconf 69' lang='lat' dir='ltr'><strong>idn</strong></span> <span class='ocrx_word' id='word_1_233' title='bbox 395 3215 448 3270; x_wconf 85' lang='grc' dir='ltr'>τῶν</span> <span class='ocrx_word' id='word_1_234' title='bbox 470 3216 551 3285; x_wconf 80' lang='grc' dir='ltr'>θεῶν,</span> <span class='ocrx_word' id='word_1_235' title='bbox 566 3213 657 3284; x_wconf 78' lang='grc' dir='ltr'>ἐπειδὴ</span> <span class='ocrx_word' id='word_1_236' title='bbox 674 3214 877 3293; x_wconf 84' lang='grc' dir='ltr'>παρεσκευάσθη</span> <span class='ocrx_word' id='word_1_237' title='bbox 896 3213 927 3273; x_wconf 87' lang='grc' dir='ltr'>τδ</span> <span class='ocrx_word' id='word_1_238' title='bbox 942 3216 1063 3276; x_wconf 80' lang='grc' dir='ltr'>ναυτικόν</span> 
     </span>
     <span class='ocr_line' id='line_1_33' title="bbox 287 3299 1062 3382; baseline 0.008 -25"><span class='ocrx_word' id='word_1_239' title='bbox 287 3300 376 3378; x_wconf 80' lang='grc' dir='ltr'>αὐτῷ,</span> <span class='ocrx_word' id='word_1_240' title='bbox 399 3300 506 3359; x_wconf 87' lang='grc' dir='ltr'>διαπλεῖ</span> <span class='ocrx_word' id='word_1_241' title='bbox 536 3301 580 3360; x_wconf 84' lang='grc' dir='ltr'>τὸν</span> <span class='ocrx_word' id='word_1_242' title='bbox 602 3299 800 3374; x_wconf 78' lang='grc' dir='ltr'>Ἑλλήσποντον</span> <span class='ocrx_word' id='word_1_243' title='bbox 827 3301 871 3361; x_wconf 74' lang='lat' dir='ltr'><strong>inl</strong></span> <span class='ocrx_word' id='word_1_244' title='bbox 889 3306 936 3375; x_wconf 80' lang='grc' dir='ltr'>τῆς</span> <span class='ocrx_word' id='word_1_245' title='bbox 956 3303 1062 3382; x_wconf 84' lang='grc' dir='ltr'>ἔγγιστα</span> 
     </span>
     <span class='ocr_line' id='line_1_34' title="bbox 285 3388 1061 3471; baseline 0.009 -26"><span class='ocrx_word' id='word_1_246' title='bbox 285 3388 407 3462; x_wconf 86' lang='grc' dir='ltr'>κειμένης</span> <span class='ocrx_word' id='word_1_247' title='bbox 422 3388 586 3467; x_wconf 83' lang='grc' dir='ltr'>χερρονήσου</span> <span class='ocrx_word' id='word_1_248' title='bbox 607 3388 651 3448; x_wconf 82' lang='grc' dir='ltr'>τόν</span> <span class='ocrx_word' id='word_1_249' title='bbox 675 3391 757 3449; x_wconf 77' lang='grc' dir='ltr'>πλοῦν</span> <span class='ocrx_word' id='word_1_250' title='bbox 777 3390 943 3467; x_wconf 81' lang='grc' dir='ltr'>ποιούμενος,</span> <span class='ocrx_word' id='word_1_251' title='bbox 964 3392 1061 3471; x_wconf 77' lang='grc' dir='ltr'>ἥπρό-</span> 
     </span>
     <span class='ocr_line' id='line_1_35' title="bbox 284 3476 1061 3556; baseline 0.01 -25"><span class='ocrx_word' id='word_1_252' title='bbox 284 3495 370 3532; x_wconf 88' lang='grc' dir='ltr'>κειται</span> <span class='ocrx_word' id='word_1_253' title='bbox 398 3476 445 3549; x_wconf 85' lang='grc' dir='ltr'>μίν</span> <span class='ocrx_word' id='word_1_254' title='bbox 473 3483 521 3549; x_wconf 64' lang='grc' dir='ltr'>τῆς</span> <span class='ocrx_word' id='word_1_255' title='bbox 545 3476 692 3556; x_wconf 78' lang='grc' dir='ltr'>Εὐρώπης,</span> <span class='ocrx_word' id='word_1_256' title='bbox 714 3481 835 3538; x_wconf 90' lang='grc' dir='ltr'>καλεῖται</span> <span class='ocrx_word' id='word_1_257' title='bbox 857 3479 885 3539; x_wconf 82' lang='grc' dir='ltr'>δέ</span> <span class='ocrx_word' id='word_1_258' title='bbox 919 3482 1061 3555; x_wconf 77' lang='grc' dir='ltr'>Παλλήνη,</span> 
     </span>
     <span class='ocr_line' id='line_1_36' title="bbox 231 3554 1062 3651; baseline 0.017 -36"><span class='ocrx_word' id='word_1_259' title='bbox 231 3575 257 3615; x_wconf 80' lang='lat' dir='ltr'><strong>to</strong></span> <span class='ocrx_word' id='word_1_260' title='bbox 284 3560 357 3629; x_wconf 82' lang='grc' dir='ltr'>ἔθνος</span> <span class='ocrx_word' id='word_1_261' title='bbox 376 3563 400 3620; x_wconf 83' lang='grc' dir='ltr'>δ’</span> <span class='ocrx_word' id='word_1_262' title='bbox 422 3554 492 3643; x_wconf 79' lang='grc' dir='ltr'>εἶχεν</span> <span class='ocrx_word' id='word_1_263' title='bbox 507 3566 589 3639; x_wconf 73' lang='grc' dir='ltr'>αὐτην</span> <span class='ocrx_word' id='word_1_264' title='bbox 611 3564 728 3649; x_wconf 73' lang='grc' dir='ltr'>Θρηίκιον</span> <span class='ocrx_word' id='word_1_265' title='bbox 743 3566 900 3648; x_wconf 88' lang='grc' dir='ltr'>σύμμαχον,</span> <span class='ocrx_word' id='word_1_266' title='bbox 916 3572 1062 3651; x_wconf 83' lang='grc' dir='ltr'>Κρουσαῖον</span> 
     </span>
     <span class='ocr_line' id='line_1_37' title="bbox 284 3649 1059 3739; baseline 0.012 -32"><span class='ocrx_word' id='word_1_267' title='bbox 284 3649 444 3726; x_wconf 86' lang='grc' dir='ltr'>καλούμενον</span> <span class='ocrx_word' id='word_1_268' title='bbox 453 3652 577 3739; x_wconf 84' lang='grc' dir='ltr'>Ιἀπάντων</span> <span class='ocrx_word' id='word_1_269' title='bbox 591 3655 789 3733; x_wconf 86' lang='grc' dir='ltr'>προθυμότατον</span> <span class='ocrx_word' id='word_1_270' title='bbox 805 3659 857 3715; x_wconf 84' lang='grc' dir='ltr'>τῶν</span> <span class='ocrx_word' id='word_1_271' title='bbox 870 3658 1059 3737; x_wconf 85' lang='grc' dir='ltr'>συναραμένων</span> 
     </span>
     <span class='ocr_line' id='line_1_38' title="bbox 285 3738 576 3819; baseline 0.027 -25"><span class='ocrx_word' id='word_1_272' title='bbox 285 3738 372 3805; x_wconf 80' lang='grc' dir='ltr'>αὐτοῖς</span> <span class='ocrx_word' id='word_1_273' title='bbox 387 3744 433 3798; x_wconf 77' lang='grc' dir='ltr'>τοῦ</span> <span class='ocrx_word' id='word_1_274' title='bbox 450 3740 576 3819; x_wconf 82' lang='grc' dir='ltr'>πολέμου.</span> 
     </span>
     <span class='ocr_line' id='line_1_39' title="bbox 324 3822 1061 3917; baseline 0.009 -30"><span class='ocrx_word' id='word_1_275' title='bbox 324 3827 455 3891; x_wconf 81' lang='lat' dir='ltr'>XLVlH.</span> <span class='ocrx_word' id='word_1_276' title='bbox 467 3828 500 3891; x_wconf 86' lang='grc' dir='ltr'>Ὁ</span> <span class='ocrx_word' id='word_1_277' title='bbox 511 3829 558 3906; x_wconf 76' lang='grc' dir='ltr'>μέν</span> <span class='ocrx_word' id='word_1_278' title='bbox 571 3822 616 3891; x_wconf 69' lang='lat' dir='ltr'><strong>oin</strong></span> <span class='ocrx_word' id='word_1_279' title='bbox 628 3833 783 3911; x_wconf 84' lang='grc' dir='ltr'>πιστότατος</span> <span class='ocrx_word' id='word_1_280' title='bbox 795 3839 848 3893; x_wconf 81' lang='grc' dir='ltr'>τῶν</span> <span class='ocrx_word' id='word_1_281' title='bbox 861 3834 964 3914; x_wconf 87' lang='grc' dir='ltr'>λόγων,</span> <span class='ocrx_word' id='word_1_282' title='bbox 979 3826 1001 3917; x_wconf 72' lang='grc' dir='ltr'><em>ᾧ</em></span> <span class='ocrx_word' id='word_1_283' title='bbox 1017 3835 1061 3894; x_wconf 88' lang='grc' dir='ltr'>κε’·</span> 
     </span>
     <span class='ocr_line' id='line_1_40' title="bbox 283 3921 1062 4003; baseline 0.013 -30"><span class='ocrx_word' id='word_1_284' title='bbox 283 3938 382 3995; x_wconf 87' lang='grc' dir='ltr'>χρηται</span> <span class='ocrx_word' id='word_1_285' title='bbox 400 3921 452 3977; x_wconf 84' lang='grc' dir='ltr'>τῶν</span> <span class='ocrx_word' id='word_1_286' title='bbox 468 3922 588 3979; x_wconf 83' lang='grc' dir='ltr'>παλαιῶν</span> <span class='ocrx_word' id='word_1_287' title='bbox 603 3921 773 4003; x_wconf 83' lang='grc' dir='ltr'>συγγραρέων</span> <span class='ocrx_word' id='word_1_288' title='bbox 790 3922 946 3991; x_wconf 78' lang='grc' dir='ltr'>Ἑλλάνικος</span> <span class='ocrx_word' id='word_1_289' title='bbox 967 3926 993 3983; x_wconf 82' lang='grc' dir='ltr'>ίν</span> <span class='ocrx_word' id='word_1_290' title='bbox 1009 3933 1062 3991; x_wconf 86' lang='grc' dir='ltr'>τοῖς</span> 
     </span>
     <span class='ocr_line' id='line_1_41' title="bbox 230 4005 1060 4089; baseline 0.01 -28"><span class='ocrx_word' id='word_1_291' title='bbox 230 4024 257 4062; x_wconf 80' lang='grc' dir='ltr'>ιιι</span> <span class='ocrx_word' id='word_1_292' title='bbox 284 4005 414 4082; x_wconf 84' lang='grc' dir='ltr'>Τρωικοῖς</span> <span class='ocrx_word' id='word_1_293' title='bbox 428 4008 488 4088; x_wconf 81' lang='grc' dir='ltr'>περὶ</span> <span class='ocrx_word' id='word_1_294' title='bbox 502 4011 549 4078; x_wconf 78' lang='grc' dir='ltr'>τῆς</span> <span class='ocrx_word' id='word_1_295' title='bbox 565 4008 669 4068; x_wconf 77' lang='grc' dir='ltr'>Αἰνείου</span> <span class='ocrx_word' id='word_1_296' title='bbox 685 4014 767 4089; x_wconf 75' lang='grc' dir='ltr'>φυγῆς</span> <span class='ocrx_word' id='word_1_297' title='bbox 789 4011 879 4077; x_wconf 76' lang='grc' dir='ltr'>τοιόςδ</span> <span class='ocrx_word' id='word_1_298' title='bbox 905 4010 986 4073; x_wconf 76' lang='grc' dir='ltr'>ἐστίν.</span> <span class='ocrx_word' id='word_1_299' title='bbox 1013 4012 1060 4071; x_wconf 61' lang='lat' dir='ltr'><strong>lita</strong></span> 
     </span>
     <span class='ocr_line' id='line_1_42' title="bbox 287 4093 1062 4180; baseline 0.014 -30"><span class='ocrx_word' id='word_1_300' title='bbox 287 4116 378 4172; x_wconf 88' lang='grc' dir='ltr'>ρηνται</span> <span class='ocrx_word' id='word_1_301' title='bbox 397 4093 425 4152; x_wconf 79' lang='grc' dir='ltr'>δὲ</span> <span class='ocrx_word' id='word_1_302' title='bbox 449 4098 495 4155; x_wconf 86' lang='grc' dir='ltr'>καὶ</span> <span class='ocrx_word' id='word_1_303' title='bbox 510 4097 598 4164; x_wconf 89' lang='grc' dir='ltr'>άλλοις</span> <span class='ocrx_word' id='word_1_304' title='bbox 616 4101 668 4156; x_wconf 89' lang='grc' dir='ltr'>τισὶ</span> <span class='ocrx_word' id='word_1_305' title='bbox 684 4102 744 4180; x_wconf 84' lang='grc' dir='ltr'>περί</span> <span class='ocrx_word' id='word_1_306' title='bbox 762 4102 814 4158; x_wconf 83' lang='grc' dir='ltr'>τῶν</span> <span class='ocrx_word' id='word_1_307' title='bbox 835 4101 920 4158; x_wconf 75' lang='grc' dir='ltr'>αύτιῖιν</span> <span class='ocrx_word' id='word_1_308' title='bbox 942 4103 972 4158; x_wconf 87' lang='grc' dir='ltr'>ού</span> <span class='ocrx_word' id='word_1_309' title='bbox 992 4102 1062 4161; x_wconf 74' lang='grc' dir='ltr'>κατὰ</span> 
     </span>
     <span class='ocr_line' id='line_1_43' title="bbox 285 4180 1061 4267; baseline 0.015 -30"><span class='ocrx_word' id='word_1_310' title='bbox 285 4181 360 4239; x_wconf 83' lang='grc' dir='ltr'>ταῦτ’</span> <span class='ocrx_word' id='word_1_311' title='bbox 370 4180 473 4260; x_wconf 84' lang='grc' dir='ltr'>ἔχοντες</span> <span class='ocrx_word' id='word_1_312' title='bbox 482 4184 569 4260; x_wconf 88' lang='grc' dir='ltr'>λόγοι,</span> <span class='ocrx_word' id='word_1_313' title='bbox 584 4184 628 4252; x_wconf 89' lang='grc' dir='ltr'>οθς</span> <span class='ocrx_word' id='word_1_314' title='bbox 641 4181 721 4257; x_wconf 75' lang='grc' dir='ltr'>ἧττον</span> <span class='ocrx_word' id='word_1_315' title='bbox 737 4188 819 4267; x_wconf 86' lang='grc' dir='ltr'>έγωγε</span> <span class='ocrx_word' id='word_1_316' title='bbox 832 4187 926 4248; x_wconf 85' lang='grc' dir='ltr'>τούτου</span> <span class='ocrx_word' id='word_1_317' title='bbox 938 4189 1061 4259; x_wconf 83' lang='grc' dir='ltr'>πιθανούς</span> 
     </span>
     <span class='ocr_line' id='line_1_44' title="bbox 285 4258 1063 4352; baseline 0.008 -27"><span class='ocrx_word' id='word_1_318' title='bbox 285 4258 351 4325; x_wconf 76' lang='grc' dir='ltr'>εἶναι</span> <span class='ocrx_word' id='word_1_319' title='bbox 371 4270 479 4344; x_wconf 77' lang='grc' dir='ltr'>νομίζω.</span> <span class='ocrx_word' id='word_1_320' title='bbox 513 4270 632 4352; x_wconf 81' lang='grc' dir='ltr'>Κρινέτω</span> <span class='ocrx_word' id='word_1_321' title='bbox 642 4273 666 4333; x_wconf 86' lang='grc' dir='ltr'>δ’</span> <span class='ocrx_word' id='word_1_322' title='bbox 677 4273 788 4343; x_wconf 82' lang='grc' dir='ltr'>ίκαστος</span> <span class='ocrx_word' id='word_1_323' title='bbox 800 4280 853 4336; x_wconf 86' lang='grc' dir='ltr'>τῶν</span> <span class='ocrx_word' id='word_1_324' title='bbox 866 4275 1012 4336; x_wconf 87' lang='grc' dir='ltr'>ἀκουόντων</span> <span class='ocrx_word' id='word_1_325' title='bbox 1027 4282 1063 4348; x_wconf 76' lang='grc' dir='ltr'>ὡς</span> 
     </span>
     <span class='ocr_line' id='line_1_45' title="bbox 286 4355 1063 4445; baseline 0.015 -32"><span class='ocrx_word' id='word_1_326' title='bbox 286 4355 417 4436; x_wconf 85' lang='grc' dir='ltr'>βούλεται.</span> <span class='ocrx_word' id='word_1_327' title='bbox 458 4360 594 4438; x_wconf 77' lang='grc' dir='ltr'>Σοροκλῆς</span> <span class='ocrx_word' id='word_1_328' title='bbox 611 4362 658 4440; x_wconf 86' lang='grc' dir='ltr'>μὲν</span> <span class='ocrx_word' id='word_1_329' title='bbox 679 4363 902 4445; x_wconf 83' lang='grc' dir='ltr'>δτραγιρδοποιδς</span> <span class='ocrx_word' id='word_1_330' title='bbox 917 4367 944 4424; x_wconf 76' lang='grc' dir='ltr'>ἓν</span> <span class='ocrx_word' id='word_1_331' title='bbox 958 4365 1063 4425; x_wconf 87' lang='grc' dir='ltr'>Ααοκό·</span> 
     </span>
     <span class='ocr_line' id='line_1_46' title="bbox 230 4444 1061 4524; baseline 0.012 -20"><span class='ocrx_word' id='word_1_332' title='bbox 230 4478 256 4516; x_wconf 62' lang='lat'>45,</span> <span class='ocrx_word' id='word_1_333' title='bbox 285 4468 352 4504; x_wconf 92' lang='grc' dir='ltr'>ωντι</span> <span class='ocrx_word' id='word_1_334' title='bbox 364 4444 492 4524; x_wconf 88' lang='grc' dir='ltr'>δράματι,</span> <span class='ocrx_word' id='word_1_335' title='bbox 507 4447 653 4523; x_wconf 85' lang='grc' dir='ltr'>μελλούσης</span> <span class='ocrx_word' id='word_1_336' title='bbox 668 4451 823 4513; x_wconf 75' lang='grc' dir='ltr'>ἁλίσκεσθαι</span> <span class='ocrx_word' id='word_1_337' title='bbox 836 4456 883 4524; x_wconf 80' lang='grc' dir='ltr'>τῆς</span> <span class='ocrx_word' id='word_1_338' title='bbox 897 4452 999 4522; x_wconf 87' lang='grc' dir='ltr'>πόλεως</span> <span class='ocrx_word' id='word_1_339' title='bbox 1011 4476 1061 4514; x_wconf 81' lang='grc' dir='ltr'>πε·</span> 
     </span>
     <span class='ocr_line' id='line_1_47' title="bbox 285 4533 1060 4619; baseline 0.01 -28"><span class='ocrx_word' id='word_1_340' title='bbox 285 4533 377 4605; x_wconf 90' lang='grc' dir='ltr'>ποίηκε</span> <span class='ocrx_word' id='word_1_341' title='bbox 394 4535 438 4593; x_wconf 83' lang='grc' dir='ltr'>τὸν</span> <span class='ocrx_word' id='word_1_342' title='bbox 454 4534 561 4594; x_wconf 86' lang='grc' dir='ltr'>Αίνείαν</span> <span class='ocrx_word' id='word_1_343' title='bbox 582 4539 824 4619; x_wconf 84' lang='grc' dir='ltr'>ἀνασκευαζόμενον</span> <span class='ocrx_word' id='word_1_344' title='bbox 848 4544 883 4609; x_wconf 90' lang='grc' dir='ltr'>είς</span> <span class='ocrx_word' id='word_1_345' title='bbox 904 4541 952 4615; x_wconf 69' lang='grc' dir='ltr'>τὴν</span> <span class='ocrx_word' id='word_1_346' title='bbox 967 4540 1060 4618; x_wconf 81' lang='grc' dir='ltr'>Ἴδην,</span> 
     </span>
     <span class='ocr_line' id='line_1_48' title="bbox 284 4622 1060 4714; baseline 0.01 -34"><span class='ocrx_word' id='word_1_347' title='bbox 284 4622 448 4714; x_wconf 70' lang='grc' dir='ltr'>κελευσθένθ</span> <span class='ocrx_word' id='word_1_348' title='bbox 461 4625 512 4682; x_wconf 77' lang='lat' dir='ltr'>eni</span> <span class='ocrx_word' id='word_1_349' title='bbox 524 4629 570 4682; x_wconf 79' lang='grc' dir='ltr'>τοῦ</span> <span class='ocrx_word' id='word_1_350' title='bbox 589 4628 686 4704; x_wconf 80' lang='grc' dir='ltr'>πατρὸς</span> <span class='ocrx_word' id='word_1_351' title='bbox 697 4628 827 4709; x_wconf 81' lang='grc' dir='ltr'>Ἀγχίσου</span> <span class='ocrx_word' id='word_1_352' title='bbox 839 4627 909 4689; x_wconf 75' lang='grc' dir='ltr'>κατὰ</span> <span class='ocrx_word' id='word_1_353' title='bbox 927 4634 975 4702; x_wconf 82' lang='grc' dir='ltr'>τήν</span> <span class='ocrx_word' id='word_1_354' title='bbox 989 4630 1060 4707; x_wconf 77' lang='grc' dir='ltr'>μνή-</span> 
     </span>
     <span class='ocr_line' id='line_1_49' title="bbox 286 4712 1061 4796; baseline 0.017 -32"><span class='ocrx_word' id='word_1_355' title='bbox 286 4732 351 4786; x_wconf 86' lang='grc' dir='ltr'>μην,</span> <span class='ocrx_word' id='word_1_356' title='bbox 367 4715 403 4769; x_wconf 86' lang='grc' dir='ltr'>όιν</span> <span class='ocrx_word' id='word_1_357' title='bbox 418 4712 556 4795; x_wconf 77' lang='grc' dir='ltr'>Ἀφροδίτη</span> <span class='ocrx_word' id='word_1_358' title='bbox 576 4713 728 4796; x_wconf 77' lang='grc' dir='ltr'>ἐπέσκηψε,</span> <span class='ocrx_word' id='word_1_359' title='bbox 752 4717 798 4777; x_wconf 87' lang='grc' dir='ltr'>καλ</span> <span class='ocrx_word' id='word_1_360' title='bbox 818 4717 871 4776; x_wconf 80' lang='grc' dir='ltr'>ἀπὸ</span> <span class='ocrx_word' id='word_1_361' title='bbox 893 4720 945 4776; x_wconf 84' lang='grc' dir='ltr'>τῶν</span> <span class='ocrx_word' id='word_1_362' title='bbox 967 4719 1061 4777; x_wconf 80' lang='grc' dir='ltr'>νεωστὶ</span> 
     </span>
     <span class='ocr_line' id='line_1_50' title="bbox 284 4798 1060 4885; baseline 0.015 -31"><span class='ocrx_word' id='word_1_363' title='bbox 284 4798 429 4876; x_wconf 85' lang='grc' dir='ltr'>γενομένων</span> <span class='ocrx_word' id='word_1_364' title='bbox 444 4801 505 4881; x_wconf 86' lang='grc' dir='ltr'>περί</span> <span class='ocrx_word' id='word_1_365' title='bbox 514 4800 574 4868; x_wconf 87' lang='grc' dir='ltr'>τούς</span> <span class='ocrx_word' id='word_1_366' title='bbox 586 4804 786 4872; x_wconf 82' lang='grc' dir='ltr'>Λαοκοωντίδας</span> <span class='ocrx_word' id='word_1_367' title='bbox 801 4806 919 4883; x_wconf 88' lang='grc' dir='ltr'>σημείων</span> <span class='ocrx_word' id='word_1_368' title='bbox 932 4805 977 4865; x_wconf 87' lang='grc' dir='ltr'>τδν</span> <span class='ocrx_word' id='word_1_369' title='bbox 993 4807 1060 4885; x_wconf 82' lang='grc' dir='ltr'>μέλ·</span> 
     </span>
     <span class='ocr_line' id='line_1_51' title="bbox 230 4886 1061 4976; baseline 0.014 -35"><span class='ocrx_word' id='word_1_370' title='bbox 230 4909 256 4946; x_wconf 81' lang='grc' dir='ltr'>ιιι</span> <span class='ocrx_word' id='word_1_371' title='bbox 284 4886 352 4945; x_wconf 85' lang='grc' dir='ltr'>λοντ’</span> <span class='ocrx_word' id='word_1_372' title='bbox 368 4887 472 4967; x_wconf 86' lang='grc' dir='ltr'>ὀλεθρον</span> <span class='ocrx_word' id='word_1_373' title='bbox 494 4893 541 4960; x_wconf 71' lang='grc' dir='ltr'>τῆς</span> <span class='ocrx_word' id='word_1_374' title='bbox 555 4889 655 4955; x_wconf 81' lang='grc' dir='ltr'>πολεως</span> <span class='ocrx_word' id='word_1_375' title='bbox 673 4893 931 4974; x_wconf 88' lang='grc' dir='ltr'>συντεκμηραμένου.</span> <span class='ocrx_word' id='word_1_376' title='bbox 980 4893 1061 4976; x_wconf 81' lang='grc' dir='ltr'>Ἔχει</span> 
     </span>
     <span class='ocr_line' id='line_1_52' title="bbox 284 4973 1059 5064; baseline 0.015 -33"><span class='ocrx_word' id='word_1_377' title='bbox 284 4973 307 5031; x_wconf 87' lang='grc' dir='ltr'>δ’</span> <span class='ocrx_word' id='word_1_378' title='bbox 321 4976 348 5033; x_wconf 84' lang='grc' dir='ltr'>ίν</span> <span class='ocrx_word' id='word_1_379' title='bbox 365 4977 437 5057; x_wconf 83' lang='grc' dir='ltr'>αύτῷ</span> <span class='ocrx_word' id='word_1_380' title='bbox 451 4975 485 5034; x_wconf 85' lang='grc' dir='ltr'>τά</span> <span class='ocrx_word' id='word_1_381' title='bbox 498 4976 607 5054; x_wconf 76' lang='grc' dir='ltr'>ίαμόεῖα</span> <span class='ocrx_word' id='word_1_382' title='bbox 623 4977 763 5059; x_wconf 81' lang='grc' dir='ltr'>ίξαγγέλου</span> <span class='ocrx_word' id='word_1_383' title='bbox 779 4983 914 5064; x_wconf 80' lang='grc' dir='ltr'>προσώπῳ</span> <span class='ocrx_word' id='word_1_384' title='bbox 927 4982 1059 5063; x_wconf 87' lang='grc' dir='ltr'>λεγόμενα</span> 
     </span>
    </p>
   </div>
   <div class='ocr_carea' id='block_1_3' title="bbox 283 5052 350 5121">
    <p class='ocr_par' dir='ltr' id='par_1_3' title="bbox 283 5052 350 5121">
     <span class='ocr_line' id='line_1_53' title="bbox 283 5052 350 5121; baseline -0.015 0"><span class='ocrx_word' id='word_1_385' title='bbox 283 5052 350 5121; x_wconf 80' lang='grc' dir='ltr'>ώδε·</span> 
     </span>
    </p>
   </div>
   <div class='ocr_carea' id='block_1_4' title="bbox 344 5177 880 5321">
    <p class='ocr_par' dir='ltr' id='par_1_4' title="bbox 344 5177 880 5321">
     <span class='ocr_line' id='line_1_54' title="bbox 345 5177 833 5242; baseline 0.008 -12"><span class='ocrx_word' id='word_1_386' title='bbox 345 5178 395 5230; x_wconf 75' lang='grc' dir='ltr'>Νῦν</span> <span class='ocrx_word' id='word_1_387' title='bbox 407 5177 427 5227; x_wconf 78' lang='grc' dir='ltr'>δ’</span> <span class='ocrx_word' id='word_1_388' title='bbox 437 5179 461 5228; x_wconf 79' lang='grc' dir='ltr'>ἐν</span> <span class='ocrx_word' id='word_1_389' title='bbox 474 5180 586 5231; x_wconf 83' lang='grc' dir='ltr'>πύλαισιν</span> <span class='ocrx_word' id='word_1_390' title='bbox 600 5182 682 5240; x_wconf 80' lang='grc' dir='ltr'>Αἰνέας</span> <span class='ocrx_word' id='word_1_391' title='bbox 698 5183 763 5242; x_wconf 76' lang='grc' dir='ltr'>θεῆς</span> <span class='ocrx_word' id='word_1_392' title='bbox 780 5186 833 5234; x_wconf 80' lang='grc' dir='ltr'>θεοῦ</span> 
     </span>
     <span class='ocr_line' id='line_1_55' title="bbox 344 5248 880 5321; baseline 0.015 -23"><span class='ocrx_word' id='word_1_393' title='bbox 344 5248 441 5314; x_wconf 79' lang='grc' dir='ltr'>πάρεστ’</span> <span class='ocrx_word' id='word_1_394' title='bbox 454 5250 490 5302; x_wconf 78' lang='lat' dir='ltr'><strong>ior&#39;</strong></span> <span class='ocrx_word' id='word_1_395' title='bbox 499 5251 572 5315; x_wconf 78' lang='grc' dir='ltr'>ὤμων</span> <span class='ocrx_word' id='word_1_396' title='bbox 585 5252 667 5317; x_wconf 77' lang='grc' dir='ltr'>πατέρ’</span> <span class='ocrx_word' id='word_1_397' title='bbox 683 5253 746 5318; x_wconf 87' lang='grc' dir='ltr'>ίχων</span> <span class='ocrx_word' id='word_1_398' title='bbox 757 5257 880 5321; x_wconf 84' lang='grc' dir='ltr'>κεραυνίου</span> 
     </span>
    </p>
   </div>
   <div class='ocr_carea' id='block_1_5' title="bbox 810 430 1378 493">
    <p class='ocr_par' dir='ltr' id='par_1_5' title="bbox 810 430 1378 493">
     <span class='ocr_line' id='line_1_56' title="bbox 810 430 1378 493; baseline 0.004 -3"><span class='ocrx_word' id='word_1_399' title='bbox 810 430 981 493; x_wconf 76' lang='lat' dir='ltr'><strong>nlulllsll</strong></span> <span class='ocrx_word' id='word_1_400' title='bbox 1003 430 1378 492; x_wconf 75' lang='lat' dir='ltr'>HALICARNASSENSIS</span> 
     </span>
    </p>
   </div>
   <div class='ocr_carea' id='block_1_6' title="bbox 1118 572 1900 1669">
    <p class='ocr_par' dir='ltr' id='par_1_6' title="bbox 1118 572 1900 1669">
     <span class='ocr_line' id='line_1_57' title="bbox 1120 572 1900 637; baseline 0.005 -16"><span class='ocrx_word' id='word_1_401' title='bbox 1120 572 1280 627; x_wconf 71' lang='lat' dir='ltr'><strong>Troianorum</strong></span> <span class='ocrx_word' id='word_1_402' title='bbox 1291 572 1368 636; x_wconf 84' lang='lat' dir='ltr'><strong>copie</strong></span> <span class='ocrx_word' id='word_1_403' title='bbox 1374 573 1487 623; x_wconf 84' lang='lat' dir='ltr'><strong>maxime</strong></span> <span class='ocrx_word' id='word_1_404' title='bbox 1495 572 1571 624; x_wconf 74' lang='lat' dir='ltr'><strong>raom</strong></span> <span class='ocrx_word' id='word_1_405' title='bbox 1583 576 1650 624; x_wconf 89' lang='lat' dir='ltr'><strong>sunt.</strong></span> <span class='ocrx_word' id='word_1_406' title='bbox 1684 574 1732 633; x_wconf 85' lang='lat' dir='ltr'>Qui</span> <span class='ocrx_word' id='word_1_407' title='bbox 1742 573 1824 637; x_wconf 72' lang='lat' dir='ltr'><strong>igitur,</strong></span> <span class='ocrx_word' id='word_1_408' title='bbox 1840 586 1900 624; x_wconf 89' lang='lat' dir='ltr'>cum</span> 
     </span>
     <span class='ocr_line' id='line_1_58' title="bbox 1120 673 1900 738; baseline 0 -15"><span class='ocrx_word' id='word_1_409' title='bbox 1120 675 1196 724; x_wconf 79' lang='lat' dir='ltr'><strong>AEnea</strong></span> <span class='ocrx_word' id='word_1_410' title='bbox 1207 686 1240 723; x_wconf 86' lang='lat' dir='ltr'>ex</span> <span class='ocrx_word' id='word_1_411' title='bbox 1255 673 1319 725; x_wconf 84' lang='lat' dir='ltr'><strong>urbe</strong></span> <span class='ocrx_word' id='word_1_412' title='bbox 1334 676 1406 737; x_wconf 88' lang='lat' dir='ltr'><strong>capta</strong></span> <span class='ocrx_word' id='word_1_413' title='bbox 1425 673 1570 738; x_wconf 69' lang='lat' dir='ltr'><strong>superstites</strong></span> <span class='ocrx_word' id='word_1_414' title='bbox 1585 677 1730 735; x_wconf 82' lang='lat' dir='ltr'><strong>evaserant,</strong></span> <span class='ocrx_word' id='word_1_415' title='bbox 1742 673 1768 723; x_wconf 88' lang='lat' dir='ltr'><strong>in</strong></span> <span class='ocrx_word' id='word_1_416' title='bbox 1783 673 1823 723; x_wconf 80' lang='lat' dir='ltr'><strong>lats</strong></span> <span class='ocrx_word' id='word_1_417' title='bbox 1836 673 1900 724; x_wconf 83' lang='lat' dir='ltr'><strong>locis</strong></span> 
     </span>
     <span class='ocr_line' id='line_1_59' title="bbox 1120 773 1899 841; baseline -0.006 -13"><span class='ocrx_word' id='word_1_418' title='bbox 1120 778 1274 827; x_wconf 86' lang='lat' dir='ltr'><strong>remanentes</strong></span> <span class='ocrx_word' id='word_1_419' title='bbox 1292 776 1316 826; x_wconf 90' lang='lat' dir='ltr'><strong>in</strong></span> <span class='ocrx_word' id='word_1_420' title='bbox 1334 775 1426 841; x_wconf 87' lang='lat' dir='ltr'><strong>patrias</strong></span> <span class='ocrx_word' id='word_1_421' title='bbox 1438 774 1510 826; x_wconf 89' lang='lat' dir='ltr'><strong>sedes</strong></span> <span class='ocrx_word' id='word_1_422' title='bbox 1521 787 1549 826; x_wconf 87' lang='lat' dir='ltr'>se</span> <span class='ocrx_word' id='word_1_423' title='bbox 1560 773 1630 825; x_wconf 85' lang='lat' dir='ltr'><strong>brari</strong></span> <span class='ocrx_word' id='word_1_424' title='bbox 1643 776 1700 839; x_wconf 89' lang='lat' dir='ltr'><strong>post</strong></span> <span class='ocrx_word' id='word_1_425' title='bbox 1715 774 1828 824; x_wconf 79' lang='lat' dir='ltr'><strong>hostibus</strong></span> <span class='ocrx_word' id='word_1_426' title='bbox 1842 787 1899 838; x_wconf 90' lang='lat' dir='ltr'><strong>pro·</strong></span> 
     </span>
     <span class='ocr_line' id='line_1_60' title="bbox 1119 878 1899 943; baseline 0 -13"><span class='ocrx_word' id='word_1_427' title='bbox 1119 881 1192 931; x_wconf 85' lang='lat' dir='ltr'><strong>tectis</strong></span> <span class='ocrx_word' id='word_1_428' title='bbox 1212 880 1334 931; x_wconf 86' lang='lat' dir='ltr'><strong>redituros</strong></span> <span class='ocrx_word' id='word_1_429' title='bbox 1353 880 1490 943; x_wconf 77' lang='lat' dir='ltr'><strong>sperabant.</strong></span> <span class='ocrx_word' id='word_1_430' title='bbox 1523 878 1573 930; x_wconf 85' lang='lat' dir='ltr'><strong>sod</strong></span> <span class='ocrx_word' id='word_1_431' title='bbox 1587 878 1683 942; x_wconf 80' lang='lat' dir='ltr'><strong>Greci,</strong></span> <span class='ocrx_word' id='word_1_432' title='bbox 1697 893 1754 930; x_wconf 81' lang='lat' dir='ltr'><strong>carm</strong></span> <span class='ocrx_word' id='word_1_433' title='bbox 1773 878 1861 930; x_wconf 85' lang='lat' dir='ltr'><strong>urbem</strong></span> <span class='ocrx_word' id='word_1_434' title='bbox 1873 884 1899 931; x_wconf 87' lang='lat' dir='ltr'>et</span> 
     </span>
     <span class='ocr_line' id='line_1_61' title="bbox 1121 983 1899 1050; baseline -0.001 -14"><span class='ocrx_word' id='word_1_435' title='bbox 1121 986 1199 1036; x_wconf 84' lang='lat' dir='ltr'><strong>vicina</strong></span> <span class='ocrx_word' id='word_1_436' title='bbox 1219 984 1309 1050; x_wconf 86' lang='lat' dir='ltr'><strong>oppida</strong></span> <span class='ocrx_word' id='word_1_437' title='bbox 1324 985 1476 1049; x_wconf 87' lang='lat' dir='ltr'><strong>castellaque</strong></span> <span class='ocrx_word' id='word_1_438' title='bbox 1494 984 1519 1035; x_wconf 93' lang='lat' dir='ltr'>iu</span> <span class='ocrx_word' id='word_1_439' title='bbox 1532 997 1603 1035; x_wconf 91' lang='lat' dir='ltr'><strong>snam</strong></span> <span class='ocrx_word' id='word_1_440' title='bbox 1619 985 1765 1049; x_wconf 82' lang='lat' dir='ltr'><strong>potestatem</strong></span> <span class='ocrx_word' id='word_1_441' title='bbox 1786 983 1899 1035; x_wconf 78' lang='lat' dir='ltr'><strong>reductas</strong></span> 
     </span>
     <span class='ocr_line' id='line_1_62' title="bbox 1118 1084 1897 1151; baseline 0.003 -16"><span class='ocrx_word' id='word_1_442' title='bbox 1118 1086 1268 1136; x_wconf 75' lang='lat' dir='ltr'><strong>delevissent</strong></span> <span class='ocrx_word' id='word_1_443' title='bbox 1285 1085 1425 1151; x_wconf 72' lang='lat' dir='ltr'><strong>incolasque</strong></span> <span class='ocrx_word' id='word_1_444' title='bbox 1453 1085 1479 1136; x_wconf 91' lang='lat' dir='ltr'>tu</span> <span class='ocrx_word' id='word_1_445' title='bbox 1499 1085 1644 1136; x_wconf 80' lang='lat' dir='ltr'><strong>servitutem</strong></span> <span class='ocrx_word' id='word_1_446' title='bbox 1667 1084 1854 1148; x_wconf 76' lang='lat' dir='ltr'>abstraxissent,</span> <span class='ocrx_word' id='word_1_447' title='bbox 1870 1099 1897 1137; x_wconf 86' lang='lat' dir='ltr'><strong>ac</strong></span> 
     </span>
     <span class='ocr_line' id='line_1_63' title="bbox 1119 1188 1896 1255; baseline 0.005 -19"><span class='ocrx_word' id='word_1_448' title='bbox 1119 1188 1150 1237; x_wconf 88' lang='lat' dir='ltr'>ad</span> <span class='ocrx_word' id='word_1_449' title='bbox 1172 1188 1268 1238; x_wconf 87' lang='lat' dir='ltr'><strong>illorum</strong></span> <span class='ocrx_word' id='word_1_450' title='bbox 1292 1202 1392 1253; x_wconf 81' lang='grc' dir='ltr'>ιγιιοηιιο</span> <span class='ocrx_word' id='word_1_451' title='bbox 1410 1188 1454 1252; x_wconf 81' lang='lat' dir='ltr'><strong>qni</strong></span> <span class='ocrx_word' id='word_1_452' title='bbox 1474 1189 1499 1238; x_wconf 90' lang='lat' dir='ltr'><strong>in</strong></span> <span class='ocrx_word' id='word_1_453' title='bbox 1526 1188 1650 1239; x_wconf 83' lang='lat' dir='ltr'><strong>mmtihus</strong></span> <span class='ocrx_word' id='word_1_454' title='bbox 1673 1192 1744 1239; x_wconf 90' lang='lat' dir='ltr'><strong>erant</strong></span> <span class='ocrx_word' id='word_1_455' title='bbox 1768 1201 1896 1255; x_wconf 76' lang='lat' dir='ltr'><strong>oppugna·</strong></span> 
     </span>
     <span class='ocr_line' id='line_1_64' title="bbox 1119 1288 1897 1353; baseline 0.006 -16"><span class='ocrx_word' id='word_1_456' title='bbox 1119 1288 1211 1338; x_wconf 84' lang='lat' dir='ltr'><strong>tionem</strong></span> <span class='ocrx_word' id='word_1_457' title='bbox 1240 1288 1369 1352; x_wconf 83' lang='lat' dir='ltr'><strong>parabant.</strong></span> <span class='ocrx_word' id='word_1_458' title='bbox 1416 1289 1463 1340; x_wconf 86' lang='lat' dir='ltr'>Sed</span> <span class='ocrx_word' id='word_1_459' title='bbox 1488 1302 1546 1341; x_wconf 87' lang='lat' dir='ltr'>cum</span> <span class='ocrx_word' id='word_1_460' title='bbox 1572 1289 1607 1347; x_wconf 85' lang='lat' dir='ltr'><strong>illi</strong></span> <span class='ocrx_word' id='word_1_461' title='bbox 1632 1290 1726 1353; x_wconf 77' lang='lat' dir='ltr'><strong>legatos</strong></span> <span class='ocrx_word' id='word_1_462' title='bbox 1759 1290 1897 1353; x_wconf 73' lang='lat' dir='ltr'><strong>misissent,</strong></span> 
     </span>
     <span class='ocr_line' id='line_1_65' title="bbox 1118 1374 1899 1457; baseline 0.006 -18"><span class='ocrx_word' id='word_1_463' title='bbox 1118 1392 1193 1452; x_wconf 89' lang='lat' dir='ltr'><strong>atqua</strong></span> <span class='ocrx_word' id='word_1_464' title='bbox 1217 1374 1330 1455; x_wconf 69' lang='lat' dir='ltr'><strong>rogarent</strong></span> <span class='ocrx_word' id='word_1_465' title='bbox 1349 1405 1380 1443; x_wconf 91' lang='lat' dir='ltr'>ne</span> <span class='ocrx_word' id='word_1_466' title='bbox 1412 1404 1440 1442; x_wconf 83' lang='lat' dir='ltr'>se</span> <span class='ocrx_word' id='word_1_467' title='bbox 1471 1392 1502 1442; x_wconf 89' lang='lat' dir='ltr'>ad</span> <span class='ocrx_word' id='word_1_468' title='bbox 1524 1391 1583 1442; x_wconf 85' lang='lat' dir='ltr'><strong>beili</strong></span> <span class='ocrx_word' id='word_1_469' title='bbox 1606 1392 1706 1457; x_wconf 80' lang='lat' dir='ltr'><strong>gerendi</strong></span> <span class='ocrx_word' id='word_1_470' title='bbox 1725 1393 1899 1444; x_wconf 83' lang='lat' dir='ltr'><strong>necessitatem</strong></span> 
     </span>
     <span class='ocr_line' id='line_1_66' title="bbox 1119 1489 1899 1557; baseline 0.008 -18"><span class='ocrx_word' id='word_1_471' title='bbox 1119 1489 1256 1554; x_wconf 81' lang='lat' dir='ltr'><strong>adigerent,</strong></span> <span class='ocrx_word' id='word_1_472' title='bbox 1277 1493 1391 1544; x_wconf 88' lang='lat' dir='ltr'><strong>contione</strong></span> <span class='ocrx_word' id='word_1_473' title='bbox 1418 1496 1552 1543; x_wconf 79' lang='lat' dir='ltr'><strong>convocata</strong></span> <span class='ocrx_word' id='word_1_474' title='bbox 1571 1506 1656 1557; x_wconf 87' lang='lat' dir='ltr'><strong>pacem</strong></span> <span class='ocrx_word' id='word_1_475' title='bbox 1681 1491 1751 1544; x_wconf 77' lang='lat' dir='ltr'><strong>hisce</strong></span> <span class='ocrx_word' id='word_1_476' title='bbox 1774 1493 1899 1545; x_wconf 86' lang='lat' dir='ltr'><strong>conditio·</strong></span> 
     </span>
     <span class='ocr_line' id='line_1_67' title="bbox 1120 1589 1899 1669; baseline 0.009 -32"><span class='ocrx_word' id='word_1_477' title='bbox 1120 1589 1191 1639; x_wconf 86' lang='lat' dir='ltr'><strong>nibus</strong></span> <span class='ocrx_word' id='word_1_478' title='bbox 1215 1605 1272 1641; x_wconf 86' lang='lat' dir='ltr'>cum</span> <span class='ocrx_word' id='word_1_479' title='bbox 1300 1591 1348 1642; x_wconf 86' lang='lat' dir='ltr'><strong>illis</strong></span> <span class='ocrx_word' id='word_1_480' title='bbox 1377 1592 1487 1643; x_wconf 83' lang='lat' dir='ltr'><strong>iecerunt</strong></span> <span class='ocrx_word' id='word_1_481' title='bbox 1513 1612 1520 1642; x_wconf 83' lang='grc' dir='ltr'>ι</span> <span class='ocrx_word' id='word_1_482' title='bbox 1544 1594 1574 1643; x_wconf 91' lang='lat' dir='ltr'><strong>nt</strong></span> <span class='ocrx_word' id='word_1_483' title='bbox 1588 1595 1685 1669; x_wconf 62' lang='lat' dir='ltr'><strong>‚AEueas</strong></span> <span class='ocrx_word' id='word_1_484' title='bbox 1712 1592 1815 1658; x_wconf 82' lang='lat' dir='ltr'><strong>eiusque</strong></span> <span class='ocrx_word' id='word_1_485' title='bbox 1838 1594 1899 1644; x_wconf 89' lang='lat' dir='ltr'><strong>socii</strong></span> 
     </span>
    </p>
   </div>
   <div class='ocr_carea' id='block_1_7' title="bbox 1119 1692 1905 1759">
    <p class='ocr_par' dir='ltr' id='par_1_7' title="bbox 1119 1692 1905 1759">
     <span class='ocr_line' id='line_1_68' title="bbox 1119 1692 1905 1759; baseline 0.004 -19"><span class='ocrx_word' id='word_1_486' title='bbox 1119 1704 1176 1741; x_wconf 87' lang='lat' dir='ltr'>cum</span> <span class='ocrx_word' id='word_1_487' title='bbox 1197 1692 1272 1742; x_wconf 82' lang='lat' dir='ltr'><strong>rebus</strong></span> <span class='ocrx_word' id='word_1_488' title='bbox 1285 1692 1408 1753; x_wconf 84' lang='lat' dir='ltr'><strong>omnibus,</strong></span> <span class='ocrx_word' id='word_1_489' title='bbox 1421 1707 1485 1759; x_wconf 88' lang='lat' dir='ltr'><strong>quas</strong></span> <span class='ocrx_word' id='word_1_490' title='bbox 1500 1694 1524 1742; x_wconf 88' lang='lat' dir='ltr'>iu</span> <span class='ocrx_word' id='word_1_491' title='bbox 1541 1693 1594 1757; x_wconf 83' lang='lat' dir='ltr'><strong>ipsa</strong></span> <span class='ocrx_word' id='word_1_492' title='bbox 1611 1694 1669 1759; x_wconf 78' lang='lat' dir='ltr'><strong>iuga</strong></span> <span class='ocrx_word' id='word_1_493' title='bbox 1682 1696 1793 1745; x_wconf 82' lang='lat' dir='ltr'><strong>serratas</strong></span> <span class='ocrx_word' id='word_1_494' title='bbox 1811 1704 1905 1759; x_wconf 75' lang='lat' dir='ltr'><strong>aspor·‘</strong></span> 
     </span>
    </p>
   </div>
   <div class='ocr_carea' id='block_1_8' title="bbox 1117 1792 1899 3340">
    <p class='ocr_par' dir='ltr' id='par_1_8' title="bbox 1117 1792 1899 3340">
     <span class='ocr_line' id='line_1_69' title="bbox 1119 1792 1899 1858; baseline 0.001 -17"><span class='ocrx_word' id='word_1_495' title='bbox 1119 1794 1240 1853; x_wconf 79' lang='lat' dir='ltr'><strong>tererent,</strong></span> <span class='ocrx_word' id='word_1_496' title='bbox 1267 1792 1332 1842; x_wconf 89' lang='lat' dir='ltr'><strong>intra</strong></span> <span class='ocrx_word' id='word_1_497' title='bbox 1353 1797 1447 1843; x_wconf 83' lang='lat' dir='ltr'><strong>certum</strong></span> <span class='ocrx_word' id='word_1_498' title='bbox 1471 1806 1500 1843; x_wconf 87' lang='lat' dir='ltr'><strong>nc</strong></span> <span class='ocrx_word' id='word_1_499' title='bbox 1520 1796 1642 1845; x_wconf 87' lang='lat' dir='ltr'><strong>statutum</strong></span> <span class='ocrx_word' id='word_1_500' title='bbox 1662 1796 1761 1856; x_wconf 86' lang='lat' dir='ltr'><strong>tempus</strong></span> <span class='ocrx_word' id='word_1_501' title='bbox 1782 1806 1813 1844; x_wconf 83' lang='lat' dir='ltr'>ex</span> <span class='ocrx_word' id='word_1_502' title='bbox 1840 1806 1899 1858; x_wconf 73' lang='lat' dir='ltr'><strong>agro</strong></span> 
     </span>
     <span class='ocr_line' id='line_1_70' title="bbox 1118 1893 1895 1959; baseline 0.004 -17"><span class='ocrx_word' id='word_1_503' title='bbox 1118 1893 1223 1943; x_wconf 82' lang='lat' dir='ltr'><strong>Troiano</strong></span> <span class='ocrx_word' id='word_1_504' title='bbox 1244 1893 1356 1955; x_wconf 74' lang='lat' dir='ltr'><strong>abirem,</strong></span> <span class='ocrx_word' id='word_1_505' title='bbox 1379 1894 1522 1959; x_wconf 76' lang='lat' dir='ltr'><strong>Graecisque</strong></span> <span class='ocrx_word' id='word_1_506' title='bbox 1544 1894 1645 1947; x_wconf 75' lang='lat' dir='ltr'><strong>orsella</strong></span> <span class='ocrx_word' id='word_1_507' title='bbox 1667 1893 1798 1957; x_wconf 79' lang='lat' dir='ltr'><strong>dederent3</strong></span> <span class='ocrx_word' id='word_1_508' title='bbox 1815 1895 1895 1946; x_wconf 78' lang='lat' dir='ltr'><strong>Greci</strong></span> 
     </span>
     <span class='ocr_line' id='line_1_71' title="bbox 1120 1995 1894 2062; baseline 0.004 -18"><span class='ocrx_word' id='word_1_509' title='bbox 1120 2008 1179 2046; x_wconf 85' lang='lat' dir='ltr'><strong>vero</strong></span> <span class='ocrx_word' id='word_1_510' title='bbox 1212 1995 1259 2045; x_wconf 91' lang='lat' dir='ltr'><strong>illis</strong></span> <span class='ocrx_word' id='word_1_511' title='bbox 1280 2009 1311 2045; x_wconf 86' lang='lat' dir='ltr'>ex</span> <span class='ocrx_word' id='word_1_512' title='bbox 1341 1997 1410 2047; x_wconf 90' lang='lat' dir='ltr'><strong>omni</strong></span> <span class='ocrx_word' id='word_1_513' title='bbox 1437 2011 1496 2062; x_wconf 80' lang='lat' dir='ltr'><strong>agro</strong></span> <span class='ocrx_word' id='word_1_514' title='bbox 1517 1998 1644 2062; x_wconf 84' lang='lat' dir='ltr'><strong>marique,</strong></span> <span class='ocrx_word' id='word_1_515' title='bbox 1674 1999 1745 2048; x_wconf 89' lang='lat' dir='ltr'><strong>cuiue</strong></span> <span class='ocrx_word' id='word_1_516' title='bbox 1765 1997 1894 2061; x_wconf 83' lang='lat' dir='ltr'><strong>imperinm</strong></span> 
     </span>
     <span class='ocr_line' id='line_1_72' title="bbox 1119 2093 1897 2163; baseline 0.001 -15"><span class='ocrx_word' id='word_1_517' title='bbox 1119 2093 1252 2156; x_wconf 84' lang='lat' dir='ltr'><strong>haberent,</strong></span> <span class='ocrx_word' id='word_1_518' title='bbox 1283 2100 1337 2148; x_wconf 90' lang='lat' dir='ltr'><strong>tuto</strong></span> <span class='ocrx_word' id='word_1_519' title='bbox 1375 2097 1519 2149; x_wconf 88' lang='lat' dir='ltr'><strong>discedendi</strong></span> <span class='ocrx_word' id='word_1_520' title='bbox 1548 2097 1644 2162; x_wconf 86' lang='lat' dir='ltr'><strong>copiam</strong></span> <span class='ocrx_word' id='word_1_521' title='bbox 1667 2112 1698 2149; x_wconf 83' lang='lat' dir='ltr'>ex</span> <span class='ocrx_word' id='word_1_522' title='bbox 1725 2100 1798 2163; x_wconf 89' lang='lat' dir='ltr'><strong>pacto</strong></span> <span class='ocrx_word' id='word_1_523' title='bbox 1828 2097 1897 2149; x_wconf 79' lang='lat' dir='ltr'><strong>eoo-</strong></span> 
     </span>
     <span class='ocr_line' id='line_1_73' title="bbox 1119 2197 1899 2265; baseline -0.001 -16"><span class='ocrx_word' id='word_1_524' title='bbox 1119 2203 1182 2251; x_wconf 87' lang='lat' dir='ltr'><strong>rent.</strong></span> <span class='ocrx_word' id='word_1_525' title='bbox 1215 2201 1305 2250; x_wconf 77' lang='lat' dir='ltr'><strong>AEneas</strong></span> <span class='ocrx_word' id='word_1_526' title='bbox 1328 2199 1404 2264; x_wconf 77' lang='lat' dir='ltr'><strong>igitur</strong></span> <span class='ocrx_word' id='word_1_527' title='bbox 1428 2197 1468 2250; x_wconf 89' lang='lat' dir='ltr'>his</span> <span class='ocrx_word' id='word_1_528' title='bbox 1491 2199 1672 2252; x_wconf 77' lang='lat' dir='ltr'><strong>molitionibus</strong></span> <span class='ocrx_word' id='word_1_529' title='bbox 1696 2199 1813 2265; x_wconf 81' lang='lat' dir='ltr'><strong>acceptis,</strong></span> <span class='ocrx_word' id='word_1_530' title='bbox 1836 2212 1899 2262; x_wconf 81' lang='lat' dir='ltr'><strong>quas</strong></span> 
     </span>
     <span class='ocr_line' id='line_1_74' title="bbox 1119 2296 1898 2374; baseline 0 -28"><span class='ocrx_word' id='word_1_531' title='bbox 1119 2310 1164 2361; x_wconf 91' lang='lat' dir='ltr'>pro</span> <span class='ocrx_word' id='word_1_532' title='bbox 1181 2300 1297 2374; x_wconf 71' lang='lat' dir='ltr'><strong>presenti</strong></span> <span class='ocrx_word' id='word_1_533' title='bbox 1312 2311 1395 2349; x_wconf 89' lang='lat' dir='ltr'><strong>rerum</strong></span> <span class='ocrx_word' id='word_1_534' title='bbox 1413 2302 1480 2348; x_wconf 87' lang='lat' dir='ltr'><strong>statu</strong></span> <span class='ocrx_word' id='word_1_535' title='bbox 1496 2297 1603 2362; x_wconf 86' lang='lat' dir='ltr'><strong>optimas</strong></span> <span class='ocrx_word' id='word_1_536' title='bbox 1625 2312 1681 2349; x_wconf 88' lang='lat' dir='ltr'><strong>ease</strong></span> <span class='ocrx_word' id='word_1_537' title='bbox 1695 2296 1830 2359; x_wconf 82' lang='lat' dir='ltr'><strong>iudicabat,</strong></span> <span class='ocrx_word' id='word_1_538' title='bbox 1849 2301 1898 2346; x_wconf 81' lang='grc' dir='ltr'>Αε-</span> 
     </span>
     <span class='ocr_line' id='line_1_75' title="bbox 1119 2393 1897 2460; baseline -0.006 -14"><span class='ocrx_word' id='word_1_539' title='bbox 1119 2395 1220 2446; x_wconf 71' lang='lat' dir='ltr'><strong>camum</strong></span> <span class='ocrx_word' id='word_1_540' title='bbox 1235 2395 1342 2446; x_wconf 89' lang='lat' dir='ltr'><strong>tiliorum</strong></span> <span class='ocrx_word' id='word_1_541' title='bbox 1353 2401 1414 2447; x_wconf 85' lang='lat' dir='ltr'><strong>natu</strong></span> <span class='ocrx_word' id='word_1_542' title='bbox 1426 2396 1564 2445; x_wconf 77' lang='lat' dir='ltr'><strong>maximum</strong></span> <span class='ocrx_word' id='word_1_543' title='bbox 1578 2408 1635 2446; x_wconf 87' lang='lat' dir='ltr'>cum</span> <span class='ocrx_word' id='word_1_544' title='bbox 1650 2393 1760 2460; x_wconf 87' lang='lat' dir='ltr'><strong>quadarn</strong></span> <span class='ocrx_word' id='word_1_545' title='bbox 1773 2393 1897 2445; x_wconf 86' lang='lat' dir='ltr'><strong>sociorum</strong></span> 
     </span>
     <span class='ocr_line' id='line_1_76' title="bbox 1119 2491 1898 2557; baseline -0.003 -16"><span class='ocrx_word' id='word_1_546' title='bbox 1119 2496 1196 2556; x_wconf 86' lang='lat' dir='ltr'><strong>parte,</strong></span> <span class='ocrx_word' id='word_1_547' title='bbox 1211 2507 1269 2556; x_wconf 74' lang='lat' dir='ltr'><strong>quas</strong></span> <span class='ocrx_word' id='word_1_548' title='bbox 1281 2507 1311 2543; x_wconf 83' lang='lat' dir='ltr'>er</span> <span class='ocrx_word' id='word_1_549' title='bbox 1323 2491 1464 2557; x_wconf 77' lang='lat' dir='ltr'><strong>Phrygibus</strong></span> <span class='ocrx_word' id='word_1_550' title='bbox 1484 2493 1535 2544; x_wconf 89' lang='lat' dir='ltr'><strong>tere</strong></span> <span class='ocrx_word' id='word_1_551' title='bbox 1554 2495 1609 2543; x_wconf 80' lang='lat' dir='ltr'>mn</span> <span class='ocrx_word' id='word_1_552' title='bbox 1620 2492 1761 2553; x_wconf 77' lang='lat' dir='ltr'><strong>meetabet,</strong></span> <span class='ocrx_word' id='word_1_553' title='bbox 1773 2492 1799 2542; x_wconf 88' lang='lat' dir='ltr'><strong>in</strong></span> <span class='ocrx_word' id='word_1_554' title='bbox 1810 2504 1898 2555; x_wconf 66' lang='grc' dir='ltr'>αατυια</span> 
     </span>
     <span class='ocr_line' id='line_1_77' title="bbox 1118 2586 1899 2655; baseline -0.009 -11"><span class='ocrx_word' id='word_1_555' title='bbox 1118 2589 1163 2655; x_wconf 79' lang='lat' dir='ltr'>qut</span> <span class='ocrx_word' id='word_1_556' title='bbox 1177 2590 1344 2654; x_wconf 65' lang='lat' dir='ltr'><strong>Duellitlcus</strong></span> <span class='ocrx_word' id='word_1_557' title='bbox 1361 2595 1467 2640; x_wconf 76' lang='lat' dir='ltr'><strong>rocotm</strong></span> <span class='ocrx_word' id='word_1_558' title='bbox 1484 2590 1540 2654; x_wconf 83' lang='lat' dir='ltr'><strong>(uini</strong></span> <span class='ocrx_word' id='word_1_559' title='bbox 1565 2593 1605 2641; x_wconf 86' lang='lat' dir='ltr'>cst</span> <span class='ocrx_word' id='word_1_560' title='bbox 1625 2590 1694 2641; x_wconf 85' lang='lat' dir='ltr'><strong>lacus</strong></span> <span class='ocrx_word' id='word_1_561' title='bbox 1709 2586 1844 2652; x_wconf 79' lang='grc' dir='ltr'>Αεοιιιιίιιο)</span> <span class='ocrx_word' id='word_1_562' title='bbox 1865 2586 1899 2637; x_wconf 87' lang='lat' dir='ltr'>ab</span> 
     </span>
     <span class='ocr_line' id='line_1_78' title="bbox 1119 2685 1899 2755; baseline -0.005 -15"><span class='ocrx_word' id='word_1_563' title='bbox 1119 2689 1184 2740; x_wconf 85' lang='lat' dir='ltr'><strong>illine</strong></span> <span class='ocrx_word' id='word_1_564' title='bbox 1201 2688 1306 2755; x_wconf 75' lang='lat' dir='ltr'><strong>regionis</strong></span> <span class='ocrx_word' id='word_1_565' title='bbox 1318 2687 1405 2738; x_wconf 85' lang='grc' dir='ltr'>ἰιισοΙίε</span> <span class='ocrx_word' id='word_1_566' title='bbox 1416 2687 1525 2753; x_wconf 79' lang='lat' dir='ltr'><strong>adrogat</strong></span> <span class='ocrx_word' id='word_1_567' title='bbox 1538 2686 1778 2738; x_wconf 77' lang='lat' dir='ltr'><strong>administrationem</strong></span> <span class='ocrx_word' id='word_1_568' title='bbox 1792 2685 1899 2736; x_wconf 79' lang='lat' dir='ltr'><strong>aedium</strong></span> 
     </span>
     <span class='ocr_line' id='line_1_79' title="bbox 1119 2782 1897 2851; baseline -0.008 -14"><span class='ocrx_word' id='word_1_569' title='bbox 1119 2788 1193 2839; x_wconf 86' lang='lat' dir='ltr'><strong>misit.</strong></span> <span class='ocrx_word' id='word_1_570' title='bbox 1226 2790 1307 2851; x_wconf 80' lang='lat' dir='ltr'><strong>Atque</strong></span> <span class='ocrx_word' id='word_1_571' title='bbox 1323 2787 1439 2838; x_wconf 80' lang='grc' dir='ltr'>Αεοιιιιίιιι</span> <span class='ocrx_word' id='word_1_572' title='bbox 1462 2786 1494 2836; x_wconf 90' lang='lat' dir='ltr'>ibt</span> <span class='ocrx_word' id='word_1_573' title='bbox 1511 2798 1560 2836; x_wconf 91' lang='lat' dir='ltr'>non</span> <span class='ocrx_word' id='word_1_574' title='bbox 1582 2784 1626 2836; x_wconf 90' lang='lat' dir='ltr'>diu</span> <span class='ocrx_word' id='word_1_575' title='bbox 1641 2784 1748 2845; x_wconf 87' lang='lat' dir='ltr'><strong>mansit,</strong></span> <span class='ocrx_word' id='word_1_576' title='bbox 1772 2782 1816 2833; x_wconf 87' lang='lat' dir='ltr'>sed</span> <span class='ocrx_word' id='word_1_577' title='bbox 1838 2794 1897 2832; x_wconf 90' lang='lat' dir='ltr'>cum</span> 
     </span>
     <span class='ocr_line' id='line_1_80' title="bbox 1118 2878 1898 2942; baseline -0.008 -9"><span class='ocrx_word' id='word_1_578' title='bbox 1118 2883 1293 2934; x_wconf 83' lang='lat' dir='ltr'><strong>Scamandrius</strong></span> <span class='ocrx_word' id='word_1_579' title='bbox 1318 2886 1344 2934; x_wconf 90' lang='lat' dir='ltr'>et</span> <span class='ocrx_word' id='word_1_580' title='bbox 1371 2882 1445 2933; x_wconf 86' lang='lat' dir='ltr'><strong>ceteri</strong></span> <span class='ocrx_word' id='word_1_581' title='bbox 1471 2880 1611 2933; x_wconf 82' lang='lat' dir='ltr'><strong>Hectoride</strong></span> <span class='ocrx_word' id='word_1_582' title='bbox 1640 2894 1655 2931; x_wconf 93' lang='lat' dir='ltr'><strong>a</strong></span> <span class='ocrx_word' id='word_1_583' title='bbox 1684 2878 1840 2942; x_wconf 88' lang='lat' dir='ltr'><strong>Neoptolemo</strong></span> <span class='ocrx_word' id='word_1_584' title='bbox 1865 2888 1898 2927; x_wconf 81' lang='lat' dir='ltr'>ex</span> 
     </span>
     <span class='ocr_line' id='line_1_81' title="bbox 1119 2974 1899 3043; baseline -0.014 -9"><span class='ocrx_word' id='word_1_585' title='bbox 1119 2983 1215 3035; x_wconf 77' lang='lat' dir='ltr'><strong>Gracia</strong></span> <span class='ocrx_word' id='word_1_586' title='bbox 1235 2980 1332 3031; x_wconf 78' lang='lat' dir='ltr'><strong>dimissi</strong></span> <span class='ocrx_word' id='word_1_587' title='bbox 1350 2979 1382 3030; x_wconf 88' lang='lat' dir='ltr'>ad</span> <span class='ocrx_word' id='word_1_588' title='bbox 1403 2979 1484 3043; x_wconf 87' lang='lat' dir='ltr'><strong>ipsum</strong></span> <span class='ocrx_word' id='word_1_589' title='bbox 1501 2977 1640 3036; x_wconf 74' lang='lat' dir='ltr'><strong>venissem,</strong></span> <span class='ocrx_word' id='word_1_590' title='bbox 1665 2974 1748 3025; x_wconf 85' lang='lat' dir='ltr'><strong>cosin</strong></span> <span class='ocrx_word' id='word_1_591' title='bbox 1767 2975 1899 3039; x_wconf 82' lang='lat' dir='ltr'><strong>paternum</strong></span> 
     </span>
     <span class='ocr_line' id='line_1_82' title="bbox 1119 3069 1896 3145; baseline -0.013 -15"><span class='ocrx_word' id='word_1_592' title='bbox 1119 3093 1220 3145; x_wconf 80' lang='lat' dir='ltr'><strong>regnum</strong></span> <span class='ocrx_word' id='word_1_593' title='bbox 1227 3075 1541 3130; x_wconf 81' lang='lat' dir='ltr'><strong>deduconsTroiamrediit.</strong></span> <span class='ocrx_word' id='word_1_594' title='bbox 1552 3078 1631 3138; x_wconf 80' lang='lat' dir='ltr'><strong>Atque</strong></span> <span class='ocrx_word' id='word_1_595' title='bbox 1641 3072 1697 3124; x_wconf 86' lang='lat' dir='ltr'><strong>haec</strong></span> <span class='ocrx_word' id='word_1_596' title='bbox 1704 3071 1803 3137; x_wconf 87' lang='lat' dir='ltr'><strong>quidem</strong></span> <span class='ocrx_word' id='word_1_597' title='bbox 1810 3069 1842 3121; x_wconf 90' lang='lat' dir='ltr'>de</span> <span class='ocrx_word' id='word_1_598' title='bbox 1849 3074 1896 3121; x_wconf 83' lang='grc' dir='ltr'>Ατ-</span> 
     </span>
     <span class='ocr_line' id='line_1_83' title="bbox 1118 3172 1896 3236; baseline -0.012 -6"><span class='ocrx_word' id='word_1_599' title='bbox 1118 3179 1188 3230; x_wconf 88' lang='lat' dir='ltr'><strong>canio</strong></span> <span class='ocrx_word' id='word_1_600' title='bbox 1199 3178 1338 3230; x_wconf 88' lang='lat' dir='ltr'><strong>truduntur.</strong></span> <span class='ocrx_word' id='word_1_601' title='bbox 1349 3180 1439 3228; x_wconf 76' lang='lat' dir='ltr'><strong>AEueas</strong></span> <span class='ocrx_word' id='word_1_602' title='bbox 1450 3188 1510 3228; x_wconf 85' lang='lat' dir='ltr'><strong>rere</strong></span> <span class='ocrx_word' id='word_1_603' title='bbox 1524 3188 1581 3225; x_wconf 86' lang='lat' dir='ltr'>cum</span> <span class='ocrx_word' id='word_1_604' title='bbox 1591 3173 1690 3236; x_wconf 76' lang='lat' dir='ltr'><strong>redonis</strong></span> <span class='ocrx_word' id='word_1_605' title='bbox 1703 3172 1787 3222; x_wconf 87' lang='lat' dir='ltr'><strong>liberis</strong></span> <span class='ocrx_word' id='word_1_606' title='bbox 1795 3174 1820 3222; x_wconf 86' lang='lat' dir='ltr'>et</span> <span class='ocrx_word' id='word_1_607' title='bbox 1827 3175 1896 3234; x_wconf 85' lang='lat' dir='ltr'><strong>patre</strong></span> 
     </span>
     <span class='ocr_line' id='line_1_84' title="bbox 1117 3272 1895 3340; baseline -0.015 -10"><span class='ocrx_word' id='word_1_608' title='bbox 1117 3284 1143 3330; x_wconf 89' lang='lat' dir='ltr'><strong>at</strong></span> <span class='ocrx_word' id='word_1_609' title='bbox 1157 3279 1260 3331; x_wconf 84' lang='lat' dir='ltr'><strong>deorum</strong></span> <span class='ocrx_word' id='word_1_610' title='bbox 1272 3278 1420 3340; x_wconf 72' lang='lat' dir='ltr'><strong>simulacris,</strong></span> <span class='ocrx_word' id='word_1_611' title='bbox 1435 3275 1514 3327; x_wconf 80' lang='lat' dir='ltr'><strong>clause</strong></span> <span class='ocrx_word' id='word_1_612' title='bbox 1534 3276 1585 3326; x_wconf 89' lang='lat' dir='ltr'><strong>iam</strong></span> <span class='ocrx_word' id='word_1_613' title='bbox 1601 3276 1695 3339; x_wconf 89' lang='lat' dir='ltr'><strong>parata,</strong></span> <span class='ocrx_word' id='word_1_614' title='bbox 1711 3272 1895 3336; x_wconf 78' lang='lat' dir='ltr'><strong>Hellespontum</strong></span> 
     </span>
    </p>
   </div>
   <div class='ocr_carea' id='block_1_9' title="bbox 1117 3370 1897 3532">
    <p class='ocr_par' dir='ltr' id='par_1_9' title="bbox 1117 3370 1897 3532">
     <span class='ocr_line' id='line_1_85' title="bbox 1117 3370 1897 3444; baseline -0.014 -13"><span class='ocrx_word' id='word_1_615' title='bbox 1117 3380 1212 3431; x_wconf 88' lang='lat' dir='ltr'><strong>traiecit</strong></span> <span class='ocrx_word' id='word_1_616' title='bbox 1224 3379 1249 3429; x_wconf 93' lang='lat' dir='ltr'><strong>in</strong></span> <span class='ocrx_word' id='word_1_617' title='bbox 1260 3378 1396 3444; x_wconf 85' lang='lat' dir='ltr'><strong>proximam</strong></span> <span class='ocrx_word' id='word_1_618' title='bbox 1406 3376 1565 3441; x_wconf 73' lang='lat' dir='ltr'><strong>peninsulam</strong></span> <span class='ocrx_word' id='word_1_619' title='bbox 1576 3372 1706 3437; x_wconf 56' lang='lat' dir='ltr'><strong>naimone,</strong></span> <span class='ocrx_word' id='word_1_620' title='bbox 1717 3384 1775 3435; x_wconf 81' lang='lat' dir='ltr'>que</span> <span class='ocrx_word' id='word_1_621' title='bbox 1792 3370 1817 3421; x_wconf 89' lang='lat' dir='ltr'><strong>in</strong></span> <span class='ocrx_word' id='word_1_622' title='bbox 1828 3382 1897 3420; x_wconf 83' lang='lat' dir='ltr'><strong>mare</strong></span> 
     </span>
     <span class='ocr_line' id='line_1_86' title="bbox 1118 3461 1893 3532; baseline -0.014 -13"><span class='ocrx_word' id='word_1_623' title='bbox 1118 3481 1265 3532; x_wconf 81' lang='lat' dir='ltr'><strong>procurrens</strong></span> <span class='ocrx_word' id='word_1_624' title='bbox 1282 3471 1338 3518; x_wconf 90' lang='lat' dir='ltr'><strong>ante</strong></span> <span class='ocrx_word' id='word_1_625' title='bbox 1366 3469 1488 3530; x_wconf 79' lang='lat' dir='ltr'><strong>Europum</strong></span> <span class='ocrx_word' id='word_1_626' title='bbox 1516 3463 1592 3524; x_wconf 80' lang='lat' dir='ltr'><strong>tacet,</strong></span> <span class='ocrx_word' id='word_1_627' title='bbox 1622 3466 1647 3514; x_wconf 88' lang='lat' dir='ltr'>et</span> <span class='ocrx_word' id='word_1_628' title='bbox 1664 3461 1762 3512; x_wconf 85' lang='lat' dir='ltr'><strong>Pallene</strong></span> <span class='ocrx_word' id='word_1_629' title='bbox 1782 3463 1893 3512; x_wconf 76' lang='lat' dir='ltr'><strong>nouum.</strong></span> 
     </span>
    </p>
   </div>
   <div class='ocr_carea' id='block_1_10' title="bbox 1116 3557 1896 3730">
    <p class='ocr_par' dir='ltr' id='par_1_10' title="bbox 1116 3557 1896 3730">
     <span class='ocr_line' id='line_1_87' title="bbox 1118 3557 1896 3626; baseline -0.014 -10"><span class='ocrx_word' id='word_1_630' title='bbox 1118 3569 1188 3616; x_wconf 88' lang='lat' dir='ltr'><strong>lianc</strong></span> <span class='ocrx_word' id='word_1_631' title='bbox 1203 3567 1288 3616; x_wconf 84' lang='lat' dir='ltr'><strong>antem</strong></span> <span class='ocrx_word' id='word_1_632' title='bbox 1306 3562 1409 3615; x_wconf 85' lang='lat' dir='ltr'><strong>Thracia</strong></span> <span class='ocrx_word' id='word_1_633' title='bbox 1419 3574 1478 3626; x_wconf 78' lang='lat' dir='ltr'><strong>gens</strong></span> <span class='ocrx_word' id='word_1_634' title='bbox 1491 3561 1569 3612; x_wconf 50' lang='lat' dir='ltr'><strong>saeta*</strong></span> <span class='ocrx_word' id='word_1_635' title='bbox 1578 3557 1715 3618; x_wconf 80' lang='lat' dir='ltr'><strong>incolebat,</strong></span> <span class='ocrx_word' id='word_1_636' title='bbox 1726 3569 1784 3621; x_wconf 71' lang='lat' dir='ltr'><strong>quo</strong></span> <span class='ocrx_word' id='word_1_637' title='bbox 1795 3558 1896 3606; x_wconf 80' lang='lat' dir='ltr'><strong>crusea</strong></span> 
     </span>
     <span class='ocr_line' id='line_1_88' title="bbox 1116 3655 1894 3730; baseline -0.012 -18"><span class='ocrx_word' id='word_1_638' title='bbox 1116 3666 1262 3726; x_wconf 77' lang='lat' dir='ltr'><strong>nocebatur,</strong></span> <span class='ocrx_word' id='word_1_639' title='bbox 1275 3667 1350 3730; x_wconf 87' lang='lat' dir='ltr'><strong>atque</strong></span> <span class='ocrx_word' id='word_1_640' title='bbox 1366 3662 1476 3714; x_wconf 82' lang='lat' dir='ltr'><strong>omniunt</strong></span> <span class='ocrx_word' id='word_1_641' title='bbox 1488 3661 1611 3712; x_wconf 89' lang='lat' dir='ltr'><strong>sociorum</strong></span> <span class='ocrx_word' id='word_1_642' title='bbox 1627 3658 1652 3708; x_wconf 88' lang='lat' dir='ltr'><strong>in</strong></span> <span class='ocrx_word' id='word_1_643' title='bbox 1663 3655 1728 3708; x_wconf 82' lang='lat' dir='ltr'><strong>bello</strong></span> <span class='ocrx_word' id='word_1_644' title='bbox 1737 3655 1894 3721; x_wconf 77' lang='lat' dir='ltr'><strong>gerendopa·</strong></span> 
     </span>
    </p>
   </div>
   <div class='ocr_carea' id='block_1_11' title="bbox 1116 3760 1894 4112">
    <p class='ocr_par' dir='ltr' id='par_1_11' title="bbox 1117 3760 1577 3827">
     <span class='ocr_line' id='line_1_89' title="bbox 1117 3760 1577 3827; baseline -0.013 -12"><span class='ocrx_word' id='word_1_645' title='bbox 1117 3764 1264 3815; x_wconf 86' lang='lat' dir='ltr'><strong>ratissimam</strong></span> <span class='ocrx_word' id='word_1_646' title='bbox 1282 3776 1382 3827; x_wconf 85' lang='lat' dir='ltr'><strong>opernm</strong></span> <span class='ocrx_word' id='word_1_647' title='bbox 1401 3760 1450 3812; x_wconf 88' lang='lat' dir='ltr'><strong>tllts</strong></span> <span class='ocrx_word' id='word_1_648' title='bbox 1467 3761 1577 3810; x_wconf 82' lang='lat' dir='ltr'><strong>navarat.</strong></span> 
     </span>
    </p>

    <p class='ocr_par' dir='ltr' id='par_1_12' title="bbox 1116 3851 1894 4112">
     <span class='ocr_line' id='line_1_90' title="bbox 1149 3851 1893 3926; baseline -0.016 -14"><span class='ocrx_word' id='word_1_649' title='bbox 1149 3864 1260 3912; x_wconf 81' lang='lat' dir='ltr'><strong>xll&#39;ltl.</strong></span> <span class='ocrx_word' id='word_1_650' title='bbox 1278 3860 1366 3926; x_wconf 88' lang='lat' dir='ltr'><strong>Opinio</strong></span> <span class='ocrx_word' id='word_1_651' title='bbox 1385 3857 1459 3922; x_wconf 75' lang='lat' dir='ltr'><strong>igitur</strong></span> <span class='ocrx_word' id='word_1_652' title='bbox 1472 3856 1600 3908; x_wconf 74' lang='lat' dir='ltr'><strong>daenes</strong></span> <span class='ocrx_word' id='word_1_653' title='bbox 1620 3856 1676 3918; x_wconf 80' lang='lat' dir='ltr'><strong>iuga</strong></span> <span class='ocrx_word' id='word_1_654' title='bbox 1691 3856 1743 3906; x_wconf 81' lang='lat' dir='ltr'><strong>veri</strong></span> <span class='ocrx_word' id='word_1_655' title='bbox 1755 3851 1893 3912; x_wconf 84' lang='lat' dir='ltr'><strong>simillime,</strong></span> 
     </span>
     <span class='ocr_line' id='line_1_91' title="bbox 1116 3954 1894 4024; baseline -0.009 -16"><span class='ocrx_word' id='word_1_656' title='bbox 1116 3974 1190 4024; x_wconf 83' lang='grc' dir='ltr'>ιγυαιιν</span> <span class='ocrx_word' id='word_1_657' title='bbox 1219 3961 1284 4011; x_wconf 85' lang='lat' dir='ltr'><strong>inter</strong></span> <span class='ocrx_word' id='word_1_658' title='bbox 1307 3957 1423 4021; x_wconf 84' lang='lat' dir='ltr'><strong>antiques</strong></span> <span class='ocrx_word' id='word_1_659' title='bbox 1447 3955 1579 4022; x_wconf 83' lang='lat' dir='ltr'><strong>scriptores</strong></span> <span class='ocrx_word' id='word_1_660' title='bbox 1601 3955 1740 4006; x_wconf 75' lang='lat' dir='ltr'><strong>Hellanicus</strong></span> <span class='ocrx_word' id='word_1_661' title='bbox 1767 3954 1792 4004; x_wconf 85' lang='lat' dir='ltr'>iu</span> <span class='ocrx_word' id='word_1_662' title='bbox 1820 3954 1894 4004; x_wconf 78' lang='grc' dir='ltr'>ιιείιιιι</span> 
     </span>
     <span class='ocr_line' id='line_1_92' title="bbox 1116 4050 1894 4112; baseline -0.013 -3"><span class='ocrx_word' id='word_1_663' title='bbox 1116 4058 1226 4109; x_wconf 77' lang='lat' dir='ltr'><strong>Troianis</strong></span> <span class='ocrx_word' id='word_1_664' title='bbox 1240 4056 1408 4108; x_wconf 80' lang='lat' dir='ltr'><strong>describendis</strong></span> <span class='ocrx_word' id='word_1_665' title='bbox 1421 4059 1461 4106; x_wconf 88' lang='lat' dir='ltr'>eat</span> <span class='ocrx_word' id='word_1_666' title='bbox 1474 4058 1590 4112; x_wconf 80' lang='lat' dir='ltr'><strong>secutus,</strong></span> <span class='ocrx_word' id='word_1_667' title='bbox 1605 4053 1660 4103; x_wconf 80' lang='lat' dir='ltr'><strong>trec</strong></span> <span class='ocrx_word' id='word_1_668' title='bbox 1673 4057 1720 4102; x_wconf 86' lang='lat' dir='ltr'><strong>est.</strong></span> <span class='ocrx_word' id='word_1_669' title='bbox 1752 4050 1894 4102; x_wconf 79' lang='lat' dir='ltr'><strong>Traduntur·</strong></span> 
     </span>
    </p>
   </div>
   <div class='ocr_carea' id='block_1_12' title="bbox 1116 4150 1997 4211">
    <p class='ocr_par' dir='ltr' id='par_1_13' title="bbox 1116 4150 1997 4211">
     <span class='ocr_line' id='line_1_93' title="bbox 1116 4150 1997 4211; baseline -0.014 0"><span class='ocrx_word' id='word_1_670' title='bbox 1116 4161 1199 4211; x_wconf 77' lang='grc' dir='ltr'>αυιοιιι</span> <span class='ocrx_word' id='word_1_671' title='bbox 1220 4155 1252 4207; x_wconf 80' lang='lat' dir='ltr'>al)</span> <span class='ocrx_word' id='word_1_672' title='bbox 1267 4155 1322 4205; x_wconf 88' lang='lat' dir='ltr'><strong>aliis</strong></span> <span class='ocrx_word' id='word_1_673' title='bbox 1335 4155 1366 4205; x_wconf 89' lang='lat' dir='ltr'>de</span> <span class='ocrx_word' id='word_1_674' title='bbox 1381 4152 1455 4206; x_wconf 83' lang='lat' dir='ltr'><strong>rebus</strong></span> <span class='ocrx_word' id='word_1_675' title='bbox 1470 4152 1559 4204; x_wconf 76' lang='grc' dir='ltr'>ἰίεθοτιι</span> <span class='ocrx_word' id='word_1_676' title='bbox 1577 4166 1626 4203; x_wconf 90' lang='lat' dir='ltr'>non</span> <span class='ocrx_word' id='word_1_677' title='bbox 1643 4152 1729 4203; x_wconf 83' lang='lat' dir='ltr'><strong>eodem</strong></span> <span class='ocrx_word' id='word_1_678' title='bbox 1742 4150 1817 4201; x_wconf 86' lang='lat' dir='ltr'><strong>mado</strong></span> <span class='ocrx_word' id='word_1_679' title='bbox 1829 4163 1895 4201; x_wconf 81' lang='lat' dir='ltr'><strong>conr·</strong></span> <span class='ocrx_word' id='word_1_680' title='bbox 1996 4180 1997 4185; x_wconf 24' lang='grc' dir='ltr'>κ</span> 
     </span>
    </p>
   </div>
   <div class='ocr_carea' id='block_1_13' title="bbox 1115 4250 1893 5150">
    <p class='ocr_par' dir='ltr' id='par_1_14' title="bbox 1115 4250 1893 5150">
     <span class='ocr_line' id='line_1_94' title="bbox 1116 4250 1892 4317; baseline -0.012 -13"><span class='ocrx_word' id='word_1_681' title='bbox 1116 4254 1203 4317; x_wconf 73' lang='lat' dir='ltr'><strong>positae</strong></span> <span class='ocrx_word' id='word_1_682' title='bbox 1216 4252 1378 4311; x_wconf 85' lang='lat' dir='ltr'><strong>narrationes,</strong></span> <span class='ocrx_word' id='word_1_683' title='bbox 1392 4263 1455 4315; x_wconf 83' lang='lat' dir='ltr'><strong>quas</strong></span> <span class='ocrx_word' id='word_1_684' title='bbox 1467 4250 1550 4301; x_wconf 76' lang='lat' dir='ltr'><strong>murus</strong></span> <span class='ocrx_word' id='word_1_685' title='bbox 1570 4250 1710 4315; x_wconf 71' lang='lat' dir='ltr'><strong>probabiles</strong></span> <span class='ocrx_word' id='word_1_686' title='bbox 1722 4250 1791 4314; x_wconf 89' lang='lat' dir='ltr'><strong>puto.</strong></span> <span class='ocrx_word' id='word_1_687' title='bbox 1811 4252 1892 4300; x_wconf 82' lang='lat' dir='ltr'><strong>Unus.</strong></span> 
     </span>
     <span class='ocr_line' id='line_1_95' title="bbox 1115 4347 1893 4417; baseline -0.006 -14"><span class='ocrx_word' id='word_1_688' title='bbox 1115 4354 1221 4417; x_wconf 85' lang='grc' dir='ltr'>ηυὶεηιιο</span> <span class='ocrx_word' id='word_1_689' title='bbox 1240 4353 1325 4401; x_wconf 76' lang='lat' dir='ltr'><strong>tannen</strong></span> <span class='ocrx_word' id='word_1_690' title='bbox 1351 4361 1450 4409; x_wconf 83' lang='lat' dir='ltr'><strong>corum,</strong></span> <span class='ocrx_word' id='word_1_691' title='bbox 1475 4348 1520 4411; x_wconf 90' lang='lat' dir='ltr'>qui</span> <span class='ocrx_word' id='word_1_692' title='bbox 1545 4348 1599 4398; x_wconf 76' lang='lat' dir='ltr'><strong>triac</strong></span> <span class='ocrx_word' id='word_1_693' title='bbox 1623 4347 1742 4408; x_wconf 71' lang='lat' dir='ltr'><strong>erudiunt,</strong></span> <span class='ocrx_word' id='word_1_694' title='bbox 1765 4361 1796 4399; x_wconf 83' lang='lat' dir='ltr'>ex</span> <span class='ocrx_word' id='word_1_695' title='bbox 1818 4349 1893 4398; x_wconf 88' lang='lat' dir='ltr'><strong>auirnt</strong></span> 
     </span>
     <span class='ocr_line' id='line_1_96' title="bbox 1115 4438 1892 4505; baseline -0.009 -9"><span class='ocrx_word' id='word_1_696' title='bbox 1115 4442 1236 4496; x_wconf 69' lang='lat' dir='ltr'><strong>mutantia</strong></span> <span class='ocrx_word' id='word_1_697' title='bbox 1252 4441 1352 4492; x_wconf 85' lang='lat' dir='ltr'><strong>iudicet.</strong></span> <span class='ocrx_word' id='word_1_698' title='bbox 1384 4438 1518 4505; x_wconf 87' lang='lat' dir='ltr'><strong>Sophocles</strong></span> <span class='ocrx_word' id='word_1_699' title='bbox 1537 4439 1624 4505; x_wconf 80' lang='lat' dir='ltr'><strong>igitur,</strong></span> <span class='ocrx_word' id='word_1_700' title='bbox 1641 4444 1714 4504; x_wconf 88' lang='lat' dir='ltr'><strong>poeta</strong></span> <span class='ocrx_word' id='word_1_701' title='bbox 1732 4440 1854 4502; x_wconf 76' lang='lat' dir='ltr'><strong>tragicus,</strong></span> <span class='ocrx_word' id='word_1_702' title='bbox 1868 4442 1892 4489; x_wconf 89' lang='lat' dir='ltr'><strong>tn</strong></span> 
     </span>
     <span class='ocr_line' id='line_1_97' title="bbox 1117 4528 1891 4594; baseline -0.005 -12"><span class='ocrx_word' id='word_1_703' title='bbox 1117 4531 1199 4583; x_wconf 81' lang='lat' dir='ltr'><strong>inbuta</strong></span> <span class='ocrx_word' id='word_1_704' title='bbox 1225 4532 1376 4594; x_wconf 82' lang='lat' dir='ltr'><strong>Laocoonte,</strong></span> <span class='ocrx_word' id='word_1_705' title='bbox 1399 4542 1459 4581; x_wconf 86' lang='lat' dir='ltr'>cum</span> <span class='ocrx_word' id='word_1_706' title='bbox 1478 4530 1504 4579; x_wconf 91' lang='lat' dir='ltr'><strong>in</strong></span> <span class='ocrx_word' id='word_1_707' title='bbox 1528 4542 1557 4579; x_wconf 88' lang='grc' dir='ltr'>εο</span> <span class='ocrx_word' id='word_1_708' title='bbox 1572 4534 1654 4587; x_wconf 87' lang='lat' dir='ltr'><strong>essct,</strong></span> <span class='ocrx_word' id='word_1_709' title='bbox 1673 4533 1701 4580; x_wconf 88' lang='lat' dir='ltr'>ut</span> <span class='ocrx_word' id='word_1_710' title='bbox 1728 4528 1787 4578; x_wconf 82' lang='lat' dir='ltr'><strong>uros</strong></span> <span class='ocrx_word' id='word_1_711' title='bbox 1817 4541 1891 4592; x_wconf 89' lang='lat' dir='ltr'><strong>caps·</strong></span> 
     </span>
     <span class='ocr_line' id='line_1_98' title="bbox 1116 4620 1892 4684; baseline -0.006 -10"><span class='ocrx_word' id='word_1_712' title='bbox 1116 4628 1197 4684; x_wconf 84' lang='lat' dir='ltr'><strong>retur,</strong></span> <span class='ocrx_word' id='word_1_713' title='bbox 1210 4622 1307 4673; x_wconf 80' lang='lat' dir='ltr'><strong>inducit</strong></span> <span class='ocrx_word' id='word_1_714' title='bbox 1326 4625 1427 4673; x_wconf 76' lang='lat' dir='ltr'><strong>AEneam</strong></span> <span class='ocrx_word' id='word_1_715' title='bbox 1440 4635 1497 4672; x_wconf 88' lang='lat' dir='ltr'>cum</span> <span class='ocrx_word' id='word_1_716' title='bbox 1520 4620 1595 4672; x_wconf 78' lang='lat' dir='ltr'><strong>rebus</strong></span> <span class='ocrx_word' id='word_1_717' title='bbox 1611 4621 1663 4671; x_wconf 87' lang='lat' dir='ltr'><strong>suia</strong></span> <span class='ocrx_word' id='word_1_718' title='bbox 1681 4620 1852 4671; x_wconf 72' lang='lat' dir='ltr'><strong>abmcdentem</strong></span> <span class='ocrx_word' id='word_1_719' title='bbox 1868 4620 1892 4670; x_wconf 90' lang='lat' dir='ltr'><strong>in</strong></span> 
     </span>
     <span class='ocr_line' id='line_1_99' title="bbox 1116 4706 1892 4781; baseline -0.008 -13"><span class='ocrx_word' id='word_1_720' title='bbox 1116 4717 1195 4773; x_wconf 84' lang='lat' dir='ltr'><strong>ldurn.</strong></span> <span class='ocrx_word' id='word_1_721' title='bbox 1208 4717 1278 4768; x_wconf 89' lang='lat' dir='ltr'><strong>iussu</strong></span> <span class='ocrx_word' id='word_1_722' title='bbox 1296 4717 1376 4781; x_wconf 88' lang='lat' dir='ltr'><strong>patris</strong></span> <span class='ocrx_word' id='word_1_723' title='bbox 1392 4715 1505 4765; x_wconf 78' lang='lat' dir='ltr'><strong>Anchise</strong></span> <span class='ocrx_word' id='word_1_724' title='bbox 1526 4732 1533 4763; x_wconf 80' lang='grc' dir='ltr'>ι</span> <span class='ocrx_word' id='word_1_725' title='bbox 1549 4714 1591 4778; x_wconf 92' lang='lat' dir='ltr'>qui</span> <span class='ocrx_word' id='word_1_726' title='bbox 1612 4706 1707 4764; x_wconf 75' lang='grc' dir='ltr'>ιιιόιιιοτ</span> <span class='ocrx_word' id='word_1_727' title='bbox 1720 4712 1892 4764; x_wconf 83' lang='lat' dir='ltr'><strong>mandatorum</strong></span> 
     </span>
     <span class='ocr_line' id='line_1_100' title="bbox 1115 4803 1885 4871; baseline -0.006 -11"><span class='ocrx_word' id='word_1_728' title='bbox 1115 4825 1130 4860; x_wconf 86' lang='lat' dir='ltr'><strong>u</strong></span> <span class='ocrx_word' id='word_1_729' title='bbox 1148 4815 1245 4861; x_wconf 82' lang='lat' dir='ltr'><strong>venere</strong></span> <span class='ocrx_word' id='word_1_730' title='bbox 1257 4812 1424 4871; x_wconf 86' lang='lat' dir='ltr'><strong>acceptorum,</strong></span> <span class='ocrx_word' id='word_1_731' title='bbox 1437 4810 1460 4857; x_wconf 91' lang='lat' dir='ltr'>et</span> <span class='ocrx_word' id='word_1_732' title='bbox 1473 4806 1595 4857; x_wconf 74' lang='lat' dir='ltr'><strong>adductae</strong></span> <span class='ocrx_word' id='word_1_733' title='bbox 1612 4805 1686 4870; x_wconf 74' lang='lat' dir='ltr'><strong>signis</strong></span> <span class='ocrx_word' id='word_1_734' title='bbox 1709 4803 1885 4870; x_wconf 74' lang='lat' dir='ltr'><strong>prodigiorum.</strong></span> 
     </span>
     <span class='ocr_line' id='line_1_101' title="bbox 1115 4893 1893 4966; baseline -0.013 -12"><span class='ocrx_word' id='word_1_735' title='bbox 1115 4916 1173 4966; x_wconf 78' lang='lat' dir='ltr'><strong>quae</strong></span> <span class='ocrx_word' id='word_1_736' title='bbox 1196 4899 1369 4951; x_wconf 78' lang='lat' dir='ltr'><strong>Laocoontidis</strong></span> <span class='ocrx_word' id='word_1_737' title='bbox 1397 4912 1482 4949; x_wconf 83' lang='lat' dir='ltr'><strong>recens</strong></span> <span class='ocrx_word' id='word_1_738' title='bbox 1504 4897 1657 4956; x_wconf 86' lang='lat' dir='ltr'><strong>acciderant,</strong></span> <span class='ocrx_word' id='word_1_739' title='bbox 1684 4895 1814 4946; x_wconf 84' lang='lat' dir='ltr'><strong>imminens</strong></span> <span class='ocrx_word' id='word_1_740' title='bbox 1838 4893 1893 4945; x_wconf 87' lang='lat' dir='ltr'><strong>urbi</strong></span> 
     </span>
     <span class='ocr_line' id='line_1_102' title="bbox 1116 4985 1893 5052; baseline -0.01 -8"><span class='ocrx_word' id='word_1_741' title='bbox 1116 4994 1239 5044; x_wconf 83' lang='lat' dir='ltr'><strong>excidium</strong></span> <span class='ocrx_word' id='word_1_742' title='bbox 1252 4992 1397 5043; x_wconf 83' lang='lat' dir='ltr'><strong>coniecerat.</strong></span> <span class='ocrx_word' id='word_1_743' title='bbox 1431 4989 1491 5040; x_wconf 87' lang='lat' dir='ltr'><strong>Eius</strong></span> <span class='ocrx_word' id='word_1_744' title='bbox 1509 4997 1592 5040; x_wconf 88' lang='lat' dir='ltr'><strong>antem</strong></span> <span class='ocrx_word' id='word_1_745' title='bbox 1614 4989 1704 5049; x_wconf 82' lang='lat' dir='ltr'><strong>iambi,</strong></span> <span class='ocrx_word' id='word_1_746' title='bbox 1719 5001 1763 5052; x_wconf 79' lang='lat' dir='ltr'><strong>qun</strong></span> <span class='ocrx_word' id='word_1_747' title='bbox 1784 4985 1893 5038; x_wconf 88' lang='lat' dir='ltr'><strong>anuntii</strong></span> 
     </span>
     <span class='ocr_line' id='line_1_103' title="bbox 1116 5081 1647 5150; baseline -0.009 -15"><span class='ocrx_word' id='word_1_748' title='bbox 1116 5099 1218 5150; x_wconf 71' lang='lat' dir='ltr'><strong>persona</strong></span> <span class='ocrx_word' id='word_1_749' title='bbox 1229 5085 1426 5149; x_wconf 85' lang='lat' dir='ltr'><strong>pronuntiantur,</strong></span> <span class='ocrx_word' id='word_1_750' title='bbox 1441 5084 1476 5134; x_wconf 84' lang='lat' dir='ltr'>ita</span> <span class='ocrx_word' id='word_1_751' title='bbox 1488 5096 1515 5133; x_wconf 89' lang='lat' dir='ltr'>se</span> <span class='ocrx_word' id='word_1_752' title='bbox 1528 5081 1620 5132; x_wconf 82' lang='lat' dir='ltr'><strong>habeut</strong></span> <span class='ocrx_word' id='word_1_753' title='bbox 1641 5101 1647 5131; x_wconf 76' lang='grc' dir='ltr'>ι</span> 
     </span>
    </p>
   </div>
   <div class='ocr_carea' id='block_1_14' title="bbox 1168 5181 1803 5310">
    <p class='ocr_par' dir='ltr' id='par_1_15' title="bbox 1168 5181 1803 5310">
     <span class='ocr_line' id='line_1_104' title="bbox 1168 5181 1615 5239; baseline -0.011 -10"><span class='ocrx_word' id='word_1_754' title='bbox 1168 5184 1238 5229; x_wconf 85' lang='grc' dir='ltr'>Νιικο</span> <span class='ocrx_word' id='word_1_755' title='bbox 1248 5184 1381 5239; x_wconf 74' lang='lat' dir='ltr'><strong>autpertum</strong></span> <span class='ocrx_word' id='word_1_756' title='bbox 1393 5183 1482 5225; x_wconf 81' lang='lat' dir='ltr'><strong>AEnens</strong></span> <span class='ocrx_word' id='word_1_757' title='bbox 1490 5181 1538 5226; x_wconf 82' lang='lat' dir='ltr'><strong>deoe</strong></span> <span class='ocrx_word' id='word_1_758' title='bbox 1543 5181 1615 5236; x_wconf 74' lang='lat' dir='ltr'><strong>fliius</strong></span> 
     </span>
     <span class='ocr_line' id='line_1_105' title="bbox 1169 5249 1803 5310; baseline -0.013 -9"><span class='ocrx_word' id='word_1_759' title='bbox 1169 5255 1250 5309; x_wconf 75' lang='lat' dir='ltr'><strong>Adest,</strong></span> <span class='ocrx_word' id='word_1_760' title='bbox 1260 5254 1365 5299; x_wconf 72' lang='lat' dir='ltr'><strong>ilumeris</strong></span> <span class='ocrx_word' id='word_1_761' title='bbox 1373 5258 1463 5310; x_wconf 78' lang='lat' dir='ltr'><strong>putrem</strong></span> <span class='ocrx_word' id='word_1_762' title='bbox 1478 5253 1561 5307; x_wconf 73' lang='lat' dir='ltr'><strong>senas,</strong></span> <span class='ocrx_word' id='word_1_763' title='bbox 1577 5252 1620 5308; x_wconf 75' lang='lat' dir='ltr'>cui</span> <span class='ocrx_word' id='word_1_764' title='bbox 1629 5264 1659 5296; x_wconf 74' lang='grc' dir='ltr'>τε</span> <span class='ocrx_word' id='word_1_765' title='bbox 1666 5249 1803 5306; x_wconf 78' lang='lat' dir='ltr'><strong>Jrrimt’noto</strong></span> 
     </span>
    </p>
   </div>
   <div class='ocr_carea' id='block_1_15' title="bbox 0 0 2022 5922">
    <p class='ocr_par' dir='ltr' id='par_1_16' title="bbox 0 0 2022 5922">
     <span class='ocr_line' id='line_1_106' title="bbox 0 0 2022 5922; baseline 0 1"><span class='ocrx_word' id='word_1_766' title='bbox 0 0 2022 5922; x_wconf 95' lang='lat' dir='ltr'> </span> 
     </span>
    </p>
   </div>
   <div class='ocr_carea' id='block_1_16' title="bbox 1916 4780 1992 5469">
    <p class='ocr_par' dir='ltr' id='par_1_17' title="bbox 1916 4780 1992 5469">
     <span class='ocr_line' id='line_1_107' title="bbox 1990 4780 1992 4903; baseline 0 0"><span class='ocrx_word' id='word_1_767' title='bbox 1990 4780 1992 4903; x_wconf 90' lang='lat' dir='ltr'><strong>l</strong></span> 
     </span>
     <span class='ocr_line' id='line_1_108' title="bbox 1916 5332 1988 5469; baseline -0.014 1"><span class='ocrx_word' id='word_1_768' title='bbox 1916 5332 1925 5353; x_wconf 76' lang='grc'><em>”</em></span> <span class='ocrx_word' id='word_1_769' title='bbox 1985 5350 1988 5469; x_wconf 91' lang='lat' dir='ltr'><strong>l</strong></span> 
     </span>
    </p>
   </div>
  </div>
 </body>
</html>
