4068 5924
655 411 949 487 ANTIQUITATUM
967 412 1111 474 ROMAN.
1137 414 1208 474 ΗΒ.
1234 414 1283 474 ill.
1706 418 1760 475 tii

167 548 217 626 μὲν
226 547 318 607 ἑαυτὸν
326 546 455 619 ἐδήλωσεν
465 544 535 611 ὅστις
541 535 584 617 ῆν,
594 543 674 603 ἔπειθ’
685 545 724 604 ὅτι
733 552 862 603 κατοικεῖν
870 548 934 623 ἐντῆ

167 635 243 695 πόλει
257 634 413 714 βουλόμενος
426 633 524 713 παρῄει
542 641 630 690 πᾶσαν
640 631 687 704 τήν
701 632 833 712 πατρικήν
848 632 937 690 οὐσίαν

167 725 345 803 ἐπαγόμενος,
364 722 397 794 ήν
418 727 455 789 είς
484 721 515 780 τὸ
538 721 621 780 κοινὸν
641 720 690 802 ίφη
711 724 749 802 τῷ
767 723 871 799 βασιλεῖ
893 720 939 779 καί

165 817 201 893 τῇ
225 811 371 888 Ῥωμαίων
396 811 471 869 πόλει
494 810 591 869 τιθέναι
624 810 719 887 μείζον’
740 801 820 868 οὖσαν
842 808 860 880 ἢ
881 807 939 867 κατ’

127 920 141 960 a
166 904 274 973 ἰδιώτην
289 901 370 979 ἄνδρα
384 902 536 969 κατῆσθαι.
565 896 696 975 Ἀσμίνως
711 896 738 956 δὲ
752 902 798 956 τού
812 895 940 976 βασιλέως

20 990 21 995 ’
166 990 246 1048 αὐτὸν
266 985 473 1064 ὑποδεξαμένου,
498 984 542 1043 καί
562 984 792 1065 καταχωρίσαντος
811 984 869 1061 ἅμα
886 992 941 1050 τοῖς

167 1083 348 1155 συμπαροῦσιν
368 1077 438 1154 αὐτῷ
450 1077 594 1152 Τυρρηνῶν
609 1077 644 1141 είς
656 1073 739 1154 φυλήν
754 1096 783 1131 τε
798 1073 844 1130 καί
866 1080 940 1151 φρᾶ-

166 1189 248 1244 τραν,
261 1163 344 1223 οἰκίαν
360 1186 388 1221 τε
404 1161 631 1231 κατασκευάζεται
653 1160 732 1220 τόπον
749 1159 882 1239 διαλαχὼν
894 1163 942 1231 τῆς

20 1322 21 1327 ¹
166 1254 269 1319 πόλεως
292 1250 335 1310 τδν
362 1254 509 1331 ἀρκοῦντα,
542 1250 586 1307 καί
611 1254 659 1326 γῆς
680 1248 811 1323 λαμόάνει
831 1250 939 1327 κλῆρον.

20 1352 21 1387 l
115 1360 138 1398 ro
169 1341 252 1401 Ἐπεὶ
264 1339 290 1398 δὲ
302 1344 386 1397 ταῦτα
399 1338 546 1414 διοικήσασα
557 1336 601 1395 καί
612 1341 663 1395 τῶν
672 1340 757 1397 ἀστῶν
771 1326 807 1403 εἷς
817 1339 941 1414 ἐγεγόνει,

166 1427 260 1502 μαθὼν
276 1425 314 1484 δτι
341 1417 489 1502 ‘Perpetua'
508 1423 612 1503 ἑκάστῳ
632 1425 716 1484 κοινόν
735 1425 760 1481 τ’
784 1422 866 1500 ὄνομα
887 1431 943 1482 κεῖ·

165 1541 230 1588 ται,
254 1516 300 1574 καὶ
312 1515 380 1591 pena
392 1515 422 1571 τὸ
436 1513 519 1572 κοινδν
536 1512 639 1591 ἕτερον,
653 1512 667 1571 θ
681 1510 714 1583 δή
728 1511 877 1591 συγγενικὸν
895 1513 943 1569 αὐ-

166 1613 224 1670 τοῖς
235 1606 290 1663 ἐστι
312 1604 358 1661 καί
377 1602 595 1680 πατρωνυμικόν,
610 1600 788 1677 ἐξομοιοῦσθαι
802 1600 847 1658 καί
873 1598 943 1659 κατὰ

167 1692 242 1752 τοῦτ’
256 1694 344 1760 αὐτοῖς
363 1690 532 1770 βουλόμενος,
551 1688 662 1748 Λεύκιον
679 1687 725 1765 μὲν
741 1686 798 1745 ἀντὶ
814 1688 944 1764 Λοκόμω-

119 1804 142 1843 ie
167 1805 212 1847 νος
228 1783 313 1859 ίαυτῷ
326 1777 425 1837 τίθεται
435 1777 464 1835 τὸ
479 1775 564 1836 κοινὸν
580 1773 679 1851 ὄνομα,
694 1775 841 1853 Ταρκύνιον
864 1772 892 1832 δὲ
912 1774 944 1832 τδ

168 1868 324 1947 συγγενικὸν
339 1867 382 1925 ἐπὶ
395 1871 443 1936 τῆς
467 1866 588 1941 πολεως,
611 1867 638 1923 ἐν
659 1854 678 1941 ή
699 1859 824 1939 γενέσεώς
847 1884 876 1919 τε
899 1861 945 1920 καί

167 1958 268 2038 τροφῆς
278 1956 364 2034 ίιυχε·
378 1952 504 2034 βασιλέως
518 1975 547 2010 τε
563 1953 634 2032 φίλος
644 1954 670 2010 ἐν
685 1950 764 2030 ὀλίγῳ
777 1950 847 2008 πάνυ
858 1947 944 2029 χρόνῳ

168 2045 288 2122 γίνεται,
305 2044 377 2121 δῶρα
402 2040 502 2113 διδούς,
527 2032 564 2099 ῶν
579 2040 658 2099 αὐτὸν
684 2041 710 2097 ἀν
729 2038 806 2118 χρεία
828 2038 944 2114 μάλιστα

168 2132 306 2211 γινόμενον
321 2129 464 2209 ᾐσθάνετο,
484 2127 529 2186 καὶ
543 2127 671 2208 χρήματα
695 2123 820 2206 παρέχων
843 2125 878 2191 είς
900 2123 946 2190 τάς

121 2248 146 2286 2⁰
168 2219 319 2296 nottepulle
331 2218 422 2297 χρείας
435 2215 502 2275 ὅσων
522 2218 619 2286 ἐδεῖτο,
634 2216 660 2274 ἐν
683 2214 711 2273 δδ
727 2221 785 2281 ταῖς
800 2211 947 2291 στρατείαις

170 2310 297 2368 ἁπάντων
310 2308 438 2384 κράτιστα
448 2307 532 2372 πεζῶν
542 2327 571 2363 τε
580 2302 625 2362 καί
635 2301 734 2361 ἱππίων
750 2299 946 2378 ἀγωνιζόμενος,

171 2396 280 2475 γνώμης
294 2396 316 2453 θ’
331 2392 396 2453 ὅπου
422 2392 537 2463 δεήσειεν
551 2395 650 2470 ἀγαθῆς
662 2394 694 2470 Ιἐν
709 2397 762 2455 τοῖς
775 2388 844 2448 πάνυ
864 2388 949 2468 φρονί·

173 2508 231 2562 μοις
241 2486 293 2542 τῶν
304 2482 459 2558 συμόούλων
469 2480 666 2560 ἀριθμούμενος.
684 2478 824 2555 Γενόμενος
835 2475 862 2535 δὲ
873 2476 947 2555 παρδι

173 2575 210 2648 τῷ
231 2568 336 2649 βασιλεῖ
355 2567 459 2643 τίμιος,
478 2567 536 2623 οὐδὲ
560 2568 606 2636 τῆς
628 2566 679 2622 τῶν
695 2562 782 2622 ἄλλων
806 2560 947 2637 Ῥωμαίων

125 2683 150 2721 ae
178 2659 273 2724 εὐνοίας
286 2655 450 2735 διήμαρτεν,
464 2655 532 2713 ἀλλά
552 2655 596 2712 καὶ
611 2658 662 2712 τῶν
677 2653 821 2732 πατρικίων
835 2650 949 2717 πολλοὺς

178 2751 233 2812 ταῖς
244 2744 399 2825 εὐεργεσίαις
413 2742 578 2822 ὑπηγάγετο,
596 2742 640 2800 καί
654 2741 683 2799 τδ
699 2738 839 2817 δημοτικὸν
852 2741 949 2809 πλῆθος

177 2834 274 2901 οἰκείως
300 2833 370 2913 ἔχειν
390 2833 475 2909 ἑαυτῷ
494 2829 691 2909 παρεσκεύασεν
710 2827 911 2906 εὐπροσηγόροις
923 2829 948 2884 τ’

178 2925 328 2998 ἀσπασμοῖς
338 2921 384 2980 καὶ
399 2919 602 2999 κεχαρισμέναις
618 2916 731 2996 ὁμιλίαις
745 2917 790 2975 καὶ
803 2915 948 2993 χρημάτων

178 3011 315 3088 μεταδόσει
328 3009 373 3067 καί
384 3015 442 3075 ταῖς
456 3007 549 3073 άλλαις
562 3002 770 3087 φιλοφροσύναις.

124 3111 152 3149 ³⁰
220 3098 321 3158 XLIX.
340 3099 463 3162 Τοιοῦτος
480 3093 526 3170 μὲν
541 3093 573 3164 δή
587 3117 625 3161 τις
639 3097 653 3152 θ
674 3090 821 3168 Ταρκύνιος
839 3080 889 3163 ήν,
904 3090 950 3148 καὶ

180 3183 223 3244 διδ
251 3183 345 3249 ταύτας
363 3182 409 3249 τάς
430 3180 514 3248 αἰτίας
535 3179 628 3250 ζῶντός
642 3203 671 3239 τε
701 3177 823 3256 Μαρκίου
843 3175 949 3235 πάντων

179 3273 282 3351 ἐγένετο
296 3272 438 3349 Ῥωμαίων
452 3270 676 3351 ἐπιφανέστατος,
691 3267 736 3325 καί
750 3263 951 3335 τελευτήσαντος

179 3362 277 3421 ίκείνου
301 3365 348 3432 τῆς
376 3360 509 3438 βασιλείας
535 3357 586 3416 ὑπὸ
613 3357 718 3416 πάντων
747 3354 816 3420 άξιος
852 3352 950 3432 ἐκρίθη.

179 3448 291 3519 Ἐπειδὴ
314 3447 342 3507 δὲ
366 3446 501 3525 παρελαόε
515 3444 563 3517 τήν
586 3444 687 3524 ἀρχήν,
710 3439 874 3521 πρῶτονμὲν
890 3442 952 3498 ἐπο-

127 3549 152 3586 35
179 3536 277 3611 λίμησε
290 3543 343 3601 τοῖς
357 3537 527 3609 καλουμένοις
550 3532 727 3604 Ἀπιολανοῖς,
743 3528 818 3588 πόλει
832 3533 877 3585 τοῦ
892 3532 949 3587 Λα·

181 3621 257 3680 τίνων
275 3624 361 3689 ἔθνους
383 3623 430 3682 οὐκ
454 3621 557 3701 ἀφανεῖ.
612 3622 648 3679 Οἱ
668 3617 719 3697 γάρ
734 3616 880 3676 Ἀπιολανοὶ
906 3612 951 3673 καί

182 3714 295 3771 οίάλλοι
309 3712 455 3785 σύμπαντες
477 3710 587 3770 Λατῖνοι
606 3707 672 3784 μετά
697 3704 741 3765 τὸν
765 3701 860 3780 Ἀγκου
876 3705 951 3780 liap-

182 3798 239 3859 κίον
254 3801 360 3858 θάνατον
372 3797 496 3857 λελύσθαι
508 3795 554 3865 τὰς
568 3795 683 3875 περὶτῆς
696 3792 799 3874 εἰρήνης
814 3791 953 3868 ὁμολογίας

181 3890 298 3967 οἰόμενοι
312 3886 444 3967 λῃστείαις
469 3909 497 3944 τε
511 3885 557 3944 καί
578 3884 721 3965 προνομαῖς
738 3879 785 3951 τήν
810 3877 951 3954 Ῥωμαίων

128 4006 154 4042 ιο
179 3982 229 4054 γῆν
254 3976 388 4056 ἐπόρθουν·
413 3976 468 4033 ἀνθ’
491 3964 528 4047 ῶν
559 3970 759 4051 τιμωρήσασθαι
797 3964 953 4045 βουλόμενος

181 4064 274 4131 αύτούς
291 4070 305 4124 ὁ
320 4063 464 4141 Ταρκύνιος
475 4060 656 4140 ἐξεστράτευσε
670 4058 756 4132 πολλῇ
768 4053 893 4130 δυνάμει,
907 4052 953 4111 καί

179 4159 226 4227 τῆς
240 4158 288 4232 γῆς
302 4154 388 4210 αὐτῶν
400 4149 449 4221 τήν
461 4148 603 4229 κρατίστην
618 4145 741 4226 ἐδῄωσεν·
754 4139 913 4220 ἀφικομένης
928 4141 952 4199 δ’

178 4244 208 4302 ἐκ
233 4243 285 4300 τῶν
309 4238 500 4318 πλησιοχώρων
523 4235 644 4297 Λατίνων
667 4229 816 4308 ἐπικουρίας
838 4228 954 4305 μεγάλης

177 4338 233 4397 τοῖς
253 4328 428 4406 Ἀπιολανοῖς,
443 4324 530 4391 διττθς
543 4324 642 4382 τίθεται
662 4321 725 4401 πρὸς
744 4315 835 4382 αθτοὺς
851 4314 953 4394 μάχας·

129 4433 153 4469 fd
178 4416 316 4500 κρατήσας
329 4414 353 4473 δ’
366 4419 393 4474 ἔν
414 4413 574 4496 ἀμφοτέραις
595 4408 655 4490 περὶ
670 4408 718 4479 τήν
732 4405 886 4484 πολιορκίαν
906 4408 954 4475 τῆς

178 4507 283 4573 πόλεως
299 4505 410 4581 ἀγίνετο,
433 4502 479 4560 καί
501 4504 617 4580 προσῆγε
634 4498 686 4564 τοῖς
700 4494 799 4574 τείχεσι
812 4491 859 4559 τάς
874 4490 955 4549 δυνά-

180 4618 240 4671 μεις
256 4596 286 4653 aa
299 4593 433 4671 διαδοχῆς·
447 4592 472 4649 οῖ
491 4590 513 4648 δ’
523 4590 552 4646 ίκ
573 4591 620 4658 τῆς
640 4585 740 4650 πόλεως
757 4584 840 4659 ὀλίγοι
854 4603 882 4638 τε
891 4578 954 4657 πρὸς

180 4681 292 4748 πολλοὺς
307 4679 452 4761 μαχόμενοι
471 4676 516 4737 καί
538 4678 600 4734 κατ’
611 4673 703 4732 ούδίνα
721 4670 811 4751 καιρδν
830 4667 954 4726 ἀναπαύ-

180 4793 249 4838 σεως
260 4768 435 4848 τυγχάνοντες
446 4763 605 4843 ίξῃρίθησαν
619 4760 666 4820 aba
677 4760 775 4839 χρόνῳ.
793 4756 916 4826 Ἁλούσης
927 4753 954 4812 δὲ

128 4880 154 4919 ιο
178 4859 251 4919 κατά
265 4858 358 4938 κρότος
378 4858 425 4926 τῆς
442 4852 555 4924 πολεως,
571 4853 595 4910 oi
610 4849 658 4927 μὲν
677 4848 781 4912 πλείους
800 4848 852 4903 τῶν
867 4842 954 4900 Ἀπιο-

178 4950 268 5008 λανῶν
284 4944 428 5025 μαχόμενοι
446 4937 667 5020 κατεσφάγησαν,
682 4933 765 5011 ὀλίγοι
785 4929 813 4989 δὲ
831 4929 863 4989 τά
884 4926 953 4985 ὅπλα

178 5033 341 5115 παραδόντες
361 5030 419 5107 ἀμα
439 5037 493 5095 τοῖς
520 5028 608 5093 ἄλλοις
627 5022 754 5104 λαφύροις
783 5017 950 5097 ἐπράθησαν,

179 5124 273 5191 παῖδες
285 5123 405 5180 τάθτῶν
426 5118 472 5177 καὶ
492 5119 610 5193 γυναῖκες
636 5105 883 5190 ἀνδραποδισθέντες
903 5101 953 5160 ὑπὸ

179 5210 326 5289 Ῥωμαίων
352 5206 527 5286 ἀπήχθησαν,
556 5204 602 5260 καὶ
626 5203 643 5271 ή
674 5199 749 5263 πολις
773 5190 954 5273 διαρπασθεῖσ’

992 564 1019 602 ιε
1039 566 1097 602 cum
1119 556 1171 603 tolo
1192 567 1237 603 eno
1254 554 1400 617 patrimonio
1418 554 1516 605 venisse
1529 554 1554 604 in
1577 554 1680 617 urbem,
1695 556 1764 618 quod

991 642 1017 691 in
1033 657 1062 694 ca
1079 645 1190 697 babitare
1202 646 1289 709 rebat,
1306 647 1380 709 idque
1402 648 1426 698 in
1451 647 1562 711 publicas
1576 650 1642 709 regis
1667 651 1693 698 el
1714 649 1764 699 rci-

993 736 1097 798 publicae
1119 742 1235 789 Romanae
1256 726 1317 790 usus
1333 740 1494 801 collaturum,
1513 740 1580 802 quod
1598 740 1678 789 maius
1700 744 1766 791 easet

993 843 1068 892 quam
1089 832 1178 895 privati
1197 831 1303 882 bominis
1330 834 1439 882 rationes
1463 832 1570 891 terrent,
1597 833 1667 882 dixit.
1701 812 1766 885 cum

993 923 1076 971 autem
1101 922 1208 973 libenter
1228 935 1274 973 rex
1298 936 1355 973 eum
1382 921 1534 986 recepisset,
1562 924 1589 972 et
1614 934 1674 971 cnm
1696 923 1799 972 omui·

994 1013 1041 1063 bna
1057 1015 1182 1075 Etruscis,
1199 1015 1240 1078 qui
1259 1030 1316 1067 cum
1330 1016 1383 1079 ipso
1394 1019 1520 1076 venerant,
1540 1015 1566 1065 in
1578 1015 1645 1066 tribu
1661 1017 1687 1066 et
1699 1012 1772 1065 curia

993 1109 1149 1171 collocasset,
1174 1114 1232 1174 ipse
1253 1111 1357 1161 domum
1377 1111 1523 1172 aedificarit,
1547 1113 1646 1161 tantuna
1666 1108 1716 1159 loci
1741 1107 1767 1156 in

994 1206 1056 1255 urbe
1072 1206 1176 1255 sortitus
1198 1208 1318 1268 quantum
1331 1205 1391 1255 satis
1412 1210 1492 1267 esset,
1511 1208 1537 1255 et
1557 1206 1608 1269 agri
1631 1205 1768 1268 portionem

994 1298 1097 1361 accepit.
1141 1296 1185 1344 ilis
1208 1292 1328 1357 peractis}
1348 1309 1406 1345 cum
1425 1296 1485 1346 ciris
1511 1296 1593 1346 lactus
1614 1298 1691 1356 esset,
1718 1293 1769 1344 ani-

995 1389 1153 1441 madvertens
1181 1388 1312 1452 unicuique
1333 1389 1500 1438 Romanorum
1522 1400 1612 1437 nomen
1637 1398 1767 1437 commune

997 1495 1065 1543 esse,
1083 1484 1110 1533 et
1120 1484 1211 1546 pretor
1230 1479 1292 1531 illud
1306 1493 1435 1531 commune
1450 1480 1518 1530 alind
1533 1480 1606 1531 ctiam
1619 1479 1770 1543 gentilicium

997 1583 1021 1629 et
1041 1581 1166 1642 palernam
1188 1577 1290 1640 stirpem
1311 1573 1455 1634 declarans,
1475 1572 1592 1638 quoniam
1610 1571 1709 1622 volebat
1722 1570 1770 1619 hac

997 1686 1094 1737 qunque
1114 1673 1139 1722 in
1161 1685 1187 1722 re
1201 1672 1249 1722 illis
1267 1671 1351 1722 similis
1365 1683 1434 1729 esse,
1453 1668 1523 1718 Lucii
1535 1680 1624 1717 nomen
1640 1677 1770 1716 commune

997 1782 1041 1832 pro
1054 1770 1194 1817 Lucumone
1208 1766 1255 1816 sibi
1277 1765 1406 1829 imposuit,
1430 1766 1455 1813 et
1476 1761 1603 1827 Tarquinii
1622 1759 1771 1825 gentilicium

998 1857 1030 1908 ab
1045 1856 1108 1907 urbe
1122 1856 1148 1905 in
1165 1869 1214 1920 qua
1227 1859 1253 1905 et
1268 1858 1341 1904 natus
1355 1858 1381 1903 et
1395 1853 1515 1904 educatus
1535 1851 1623 1901 tuerat.
1667 1852 1699 1900 El
1714 1849 1770 1898 bre-

998 1944 1099 1995 vissimo
1108 1944 1225 2007 temporis
1238 1942 1318 2006 spatio
1333 1941 1396 2005 regis
1410 1939 1545 1990 amicitiam
1560 1938 1607 1989 sibi
1622 1936 1771 1995 conciliavit,

999 2033 1066 2097 quod
1076 2032 1099 2082 ei
1111 2032 1216 2081 donaret
1231 2043 1261 2081 ea
1275 2029 1366 2093 quibus
1379 2029 1459 2092 ipsum
1476 2010 1583 2076 maxime
1595 2037 1668 2089 egere
1680 2023 1773 2074 sentic-

999 2123 1056 2181 bat,
1071 2121 1188 2184 quodque
1211 2117 1328 2181 pecunias
1345 2114 1515 2179 suppeditaret
1531 2113 1562 2162 nd
1583 2111 1684 2162 bellicos
1703 2122 1771 2170 usna,

999 2212 1088 2274 quibus
1104 2205 1311 2270 indigebat,etin
1321 2203 1517 2268 expeditionibus
1529 2201 1639 2250 omnium
1654 2203 1680 2249 et
1701 2197 1773 2262 pedi·

999 2309 1054 2356 tum
1065 2307 1090 2354 et
1103 2304 1214 2365 equitum
1226 2298 1359 2348 fortissime
1373 2297 1510 2357 dimicaret,
1523 2309 1552 2345 ac
1564 2296 1586 2344 si
1599 2293 1664 2343 bono
1673 2292 1775 2343 consilio

1000 2398 1065 2447 εεεεῑ
1079 2408 1142 2460 opus
1163 2394 1228 2443 inter
1240 2390 1444 2456 prudentissimos
1463 2388 1607 2438 haberetur.
1644 2387 1709 2435 (tum
1725 2398 1770 2434 au·

1001 2494 1052 2541 tem
1067 2488 1133 2553 apud
1149 2500 1233 2551 regem
1247 2485 1273 2535 in
1287 2486 1380 2536 bonore
1392 2485 1466 2543 emet,
1482 2482 1587 2532 abarum
1601 2491 1702 2543 qnoque
1724 2480 1773 2529 ilo-

1001 2596 1130 2651 manorum
1141 2580 1314 2632 benevolentia
1326 2592 1375 2629 non
1395 2575 1503 2635 excidit3
1517 2574 1560 2624 sed
1576 2577 1601 2623 et
1616 2571 1774 2637 patriciorum

1001 2683 1094 2732 multos
1110 2678 1238 2731 beneficiis
1250 2675 1298 2725 sibi
1312 2674 1440 2731 devinxit,
1460 2674 1486 2721 et
1498 2669 1600 2735 plebeia
1611 2664 1776 2717 multitudinis

1002 2776 1111 2825 lavarem
1131 2772 1179 2822 sibi
1199 2767 1352 2821 conciliavit,
1379 2764 1476 2814 blandis
1490 2757 1695 2817 salutationibus,
1712 2757 1776 2807 comi

1003 2870 1110 2935 alloquio
1131 2870 1157 2917 et
1168 2862 1329 2929 pecuniarum
1351 2857 1482 2921 largitione
1498 2855 1602 2919 aliisque
1616 2850 1776 2902 humanitatis

1002 2964 1097 3014 officiis.

1033 3059 1114 3109 xiix.
1128 3053 1193 3105 Talis
1207 3052 1282 3115 igitur
1292 3052 1346 3101 arat
1360 3045 1509 3110 Tarquinius
1521 3063 1528 3093 ι
1542 3045 1567 3093 et
1579 3041 1619 3093 iris
1628 3041 1659 3092 de
1673 3038 1776 3101 caneda,

1002 3159 1061 3209 rivo
1076 3155 1158 3206 adlmc
1180 3150 1272 3202 Marcio
1288 3148 1399 3199 omnium
1411 3148 1580 3197 Romanorum
1595 3138 1778 3191 illustrissimus

1003 3256 1098 3316 iactus,
1121 3253 1220 3301 mortuo
1241 3246 1272 3298 ab
1299 3245 1416 3296 omnibus
1436 3254 1511 3305 ragno
1532 3239 1621 3300 dignus
1647 3237 1686 3286 est
1709 3232 1776 3283 iudi-

1004 3328 1083 3402 catus.
1114 3350 1227 3412 Regnum
1241 3358 1303 3396 raro
1314 3342 1420 3405 adeptus
1438 3338 1547 3402 primum
1567 3333 1668 3399 quidem
1682 3330 1776 3382 bellum

1004 3447 1090 3498 intulit
1101 3442 1229 3508 Apicianis
1248 3440 1293 3503 qui
1309 3440 1446 3495 vocantur,
1470 3430 1563 3497 populo
1584 3429 1665 3492 gentis
1686 3426 1778 3476 Latium

1004 3559 1052 3594 non
1071 3539 1179 3604 ignobili.
1222 3534 1334 3601 epiclani
1355 3533 1421 3583 enim
1443 3530 1470 3578 et
1492 3525 1580 3585 reliqui
1596 3536 1680 3574 omncs
1697 3520 1778 3571 Libui

1005 3645 1061 3707 post
1071 3638 1132 3690 Anci
1144 3633 1230 3686 Marcii
1247 3632 1343 3683 obitum
1354 3627 1423 3692 pacis
1434 3623 1587 3675 conditiones
1602 3623 1691 3682 ruptas
1710 3616 1778 3666 arbi-

1005 3737 1063 3787 lratl
1082 3729 1217 3783 latrociniis
1240 3740 1270 3777 ac
1287 3720 1485 3788 pabulationibus
1507 3720 1673 3766 Romanorum
1693 3724 1778 3775 agrum

1005 3831 1146 3884 inlectantes
1170 3821 1356 3890 populabantur.
1405 3819 1488 3874 Quare
1507 3809 1670 3872 Tarquinius,
1694 3806 1779 3856 volens

1005 3926 1119 3981 iniuriam
1136 3919 1225 3973 abillis
1245 3916 1371 3980 acceptam
1389 3908 1487 3969 ulcisci,
1507 3919 1563 3956 cum
1586 3900 1681 3965 magnis
1701 3900 1779 3964 copiis

1007 4027 1032 4075 in
1057 4035 1101 4074 eos
1132 4016 1259 4084 protectus
1277 4014 1330 4067 eat,
1359 4007 1384 4056 ct
1410 4000 1462 4065 agri
1488 4011 1574 4049 eorum
1602 3993 1780 4060 praestantissi-

1006 4133 1073 4171 mam
1095 4119 1191 4182 partem
1213 4105 1328 4159 vastavit.
1361 4104 1426 4150 cnm
1446 4098 1572 4147 autemex
1587 4092 1698 4143 linilirnis
1718 4091 1780 4142 locis

1007 4216 1147 4268 Latinorum
1159 4217 1247 4269 magna
1265 4200 1357 4252 auxilia
1376 4191 1500 4259 Apicianis
1515 4189 1655 4251 venissent,
1668 4187 1707 4239 bis
1722 4201 1779 4238 cum

1007 4318 1056 4367 illis
1074 4307 1209 4377 pugnavit,
1236 4306 1261 4354 et
1287 4300 1438 4359 inutraque
1466 4290 1552 4355 proelio
1572 4290 1653 4340 victor
1687 4300 1714 4337 se
1748 4285 1780 4335 ad

1008 4409 1091 4479 oppidi
1100 4401 1302 4471 oppugnationem
1315 4391 1444 4449 convertit,
1457 4390 1482 4439 et
1496 4387 1579 4451 coplas
1590 4384 1622 4434 ad
1636 4393 1721 4431 muros
1735 4390 1780 4441 per

1008 4506 1075 4555 vices
1090 4493 1212 4554 admorit;
1226 4487 1340 4553 oppidani
1354 4496 1430 4543 vcro,
1445 4493 1502 4530 cum
1522 4475 1594 4540 pauci
1612 4470 1698 4522 multis
1722 4467 1779 4517 resi·

1009 4601 1110 4654 sterent,
1129 4604 1176 4643 nec
1188 4597 1296 4649 unquam
1314 4585 1413 4644 tempus
1433 4569 1654 4637 adquiescendum
1668 4565 1778 4623 daretur,

1008 4698 1108 4752 undem
1116 4683 1247 4754 expugnati
1267 4682 1333 4731 sunt.
1367 4671 1555 4740 oppidoautem
1574 4678 1617 4729 per
1628 4664 1680 4713 rim
1698 4663 1778 4724 capto,

1009 4799 1086 4849 maior
1104 4790 1276 4855 apiolanorum
1287 4792 1344 4844 pars
1359 4776 1386 4826 in
1398 4775 1451 4839 ipsa
1466 4780 1546 4835 pugna
1558 4777 1623 4816 casa
1637 4763 1693 4814 est:
1707 4760 1780 4824 pauci

1008 4912 1083 4957 vero,
1095 4890 1169 4945 armis
1181 4883 1290 4941 nauus,
1303 4892 1353 4929 una
1365 4890 1421 4926 cum
1439 4871 1533 4933 reliqna
1544 4865 1630 4931 preda
1640 4861 1778 4917 venierunt,

1009 5002 1131 5050 eteorum
1142 4990 1213 5041 liberi
1223 4990 1248 5037 et
1260 4984 1375 5044 coningos
1392 4979 1417 5026 in
1432 4971 1576 5024 servitutem
1589 4962 1728 5017 altomanis
1737 4959 1781 5010 ab·

1009 5095 1091 5145 θυείω
1116 5084 1302 5148 sunt,eti1ua
1318 5078 1381 5129 urbs
1401 5074 1497 5137 direpta
1519 5073 1595 5134 atque
1614 5067 1712 5117 incensa
1731 5064 1777 5111 est.

1011 5195 1060 5242 lien
1081 5187 1120 5237 bis
1136 5181 1241 5250 peractis
1263 5182 1288 5230 et
1300 5174 1425 5227 monibus
1437 5167 1549 5220 funditus
1567 5163 1659 5216 eversis
1678 5161 1778 5212 domum
