4048 5924
667 412 959 488 ANTIQUITATUM
980 414 1124 477 ΗΟΜΑΝ.
1146 415 1216 476 LlB.
1238 414 1316 476 Vlll.

160 568 174 598 a
191 542 281 602 δίκαιοί
298 547 354 604 ἐστι
366 543 435 620 μήτε
456 544 521 625 πρὸς
536 543 608 612 θεούς
622 545 699 624 ὅσια,
713 552 798 606 ταῦτα
813 550 884 624 ἡμᾶς
898 548 940 607 al·

160 658 173 686 a
187 632 289 691 τεῖσθαι
311 634 375 712 παρ’
400 632 501 692 αὐτοῦ·
518 631 578 692 ἀλλ’
600 632 679 714 ἄφετε
700 634 747 700 τὰς
760 634 890 708 ίλεεινθις,
905 638 940 702 ὡς

159 718 365 794 «πεπτώκαμεν
400 717 453 778 bui
478 721 527 789 τῆς
558 718 657 799 τύχης,
685 723 788 781 κεῖσθαι
817 720 940 788 ταπεινὰς

159 836 172 861 ιι
188 806 271 887 μηδὲν
285 808 325 868 ἔτι
338 808 418 870 πλέον
432 808 676 889 ἀσχημονούσας.»

118 924 130 961 e
198 898 285 959 lilii.
309 897 490 975 Παυσαμίνης
502 895 530 957 δέ
542 899 633 971 αὐτῆς,
648 905 772 967 τοσοῦτος
781 898 894 978 ὀδυρμὸς
906 901 937 958 έκ

1713 417 1773 480 stt

995 574 1008 599 ε
1024 559 1117 618 ιεοιιιο,
1132 556 1227 620 cogatis
1245 570 1290 607 nos
1305 557 1360 609 heac
1372 556 1404 607 ab
1424 570 1454 608 eo
1467 559 1569 621 petere,
1579 571 1637 622 qum
1650 570 1696 608 nec
1705 558 1774 623 apud

994 664 1007 690 a
1023 644 1136 696 homines
1149 644 1215 695 iusta
1229 648 1288 696 sunt
1301 659 1346 698 nec
1362 644 1428 710 apud
1441 645 1501 696 deus
1511 647 1560 710 pia.
1573 645 1622 696 Sed
1637 660 1683 696 nos
1694 646 1777 699 mise·

994 752 1008 779 a
1021 748 1064 784 ras
1074 734 1101 784 in
1112 748 1153 819 ee,
1171 735 1286 794 tortum,
1308 735 1334 785 in
1346 750 1422 800 quam
1442 734 1591 797 indicimus,
1609 734 1715 787 afflictas
1734 738 1770 790 ia·

993 842 1006 866 a
1021 837 1077 873 cere
1089 824 1189 884 sinatis,
1198 824 1261 874 nibil
1269 824 1377 888 amplius
1389 827 1480 888 preater
1487 823 1607 876 dacorum
1618 823 1747 879 facientes.
1757 848 1770 873 a

1022 914 1108 962 XLIII.
1126 915 1211 970 Quum
1221 916 1307 964 autum
1314 911 1390 963 finem
1399 912 1498 964 dicendi
1509 911 1616 976 iecisset,
1628 918 1713 967 tantus
1721 916 1774 967 ciu-

157 990 210 1046 τῦιν
224 989 366 1064 παρουσῶν
381 988 514 1067 γυναικῶν
528 984 647 1064 ίγίνετο,
663 987 709 1047 καὶ
723 986 871 1060 τηλικαύτη
885 1010 938 1046 κα·
992 1003 1059 1054 tutus
1079 1005 1212 1055 mulierum
1226 1008 1265 1055 est
1278 1008 1394 1064 coortus,
1417 1007 1543 1071 malisque
1561 1007 1696 1072 gemitibus
1706 1009 1774 1061 males

158 1074 238 1156 τέσχε
253 1075 297 1134 τὸν
308 1066 379 1135 οίιιον
395 1075 512 1155 οἰμωγή,
528 1072 593 1134 ὥστ’
604 1075 647 1134 ίπλ
659 1075 727 1135 πολὺ
741 1076 818 1157 μέρος
835 1075 940 1145 {laxau-
992 1101 1186 1161 personuerunt,
1198 1101 1227 1148 ut
1242 1098 1313 1163 longe
1326 1112 1371 1164 per
1384 1098 1474 1150 urbem
1487 1100 1582 1150 elamor
1599 1101 1772 1166 exaudiretur,

159 1167 253 1234 ῦθῆναῑ
270 1167 317 1235 τῆς
337 1162 440 1232 πῡδῑως
460 1163 509 1235 rste
536 1161 600 1241 βοῦν
620 1161 667 1222 καί
682 1163 794 1241 μεστοὺς
817 1162 938 1244 ’ίῑνέῦθαῑ
992 1190 1111 1243 etturbm
1124 1204 1246 1242 concursu
1266 1191 1316 1241 vici
1334 1191 1433 1243 aedibus
1454 1193 1561 1257 proximi
1580 1194 1770 1258 complerentur.

157 1249 216 1319 τοὺς
232 1251 307 1330 ἐΥΥδί
321 1255 368 1324 τῆς
381 1250 465 1320 ⁰1⁸4&
471 1250 619 1318 Μνωπθὺί
632 1251 725 1332 ipseo.
741 1251 860 1313 'Em‘
875 1250 893 1324 ἥ
909 1273 938 1310 ²⁸
991 1286 1081 1334 Postea
1094 1287 1122 1334 et
1133 1283 1234 1335 Valeria
1249 1283 1331 1335 denuc
1348 1284 1443 1336 maiore
1456 1285 1614 1337 contentione
1628 1288 1733 1352 prolixis
1747 1288 1773 1339 et

105 1375 130 1414 m
157 1341 291 1422 Οὐαλερία
305 1340 387 1400 πάλιν
403 1339 494 1420 έτέρας
515 1339 625 1409 ίξέτεινε
642 1339 747 1420 μακρὰς
766 1339 813 1401 καὶ
827 1364 938 1414 συμπα-

157 1434 208 1495 θεῖς
221 1428 334 1501 δεήσεις,
355 1427 386 1487 σί
404 1428 429 1487 τ’
443 1430 524 1488 ἄλλαι
545 1432 666 1507 γυναῖκες
679 1431 708 1489 αἱ
727 1429 796 1489 κατὰ
815 1426 936 1510 ριλέανή

155 1518 309 1597 συγγένειαν
324 1517 437 1598 ἑκατέρα
450 1521 505 1577 τῶν
518 1521 649 1594 γυναικῶν
664 1517 866 1597 προσήκουσαι,
890 1540 936 1575 και

155 1608 303 1686 παρέμενον
327 1606 488 1687 λιπαροῦσαί
509 1627 538 1663 τε
560 1604 606 1664 καί
624 1605 741 1684 γονάτων
773 1605 936 1684 ἁπτόμεναι,

155 1694 224 1754 ὥστε
238 1696 286 1754 οῦκ
300 1694 399 1774 ἔχουσα
410 1692 427 1753 ὅ
434 1717 459 1753 τι
475 1693 547 1771 ποίθη
558 1692 622 1774 πρὸς
635 1696 694 1775 τοὺς
705 1695 833 1774 ὀδυρμούς
849 1694 935 1751 αὐτων

103 1810 127 1849 ιε
155 1786 202 1844 καὶ
217 1784 264 1852 τδις
278 1783 378 1853 πολλθς
395 1783 496 1856 διήσεις
511 1773 575 1851 εἶξεν
589 1787 605 1854 ἦ
621 1783 786 1862 Οὐετουρία,
801 1782 846 1841 καί
860 1779 934 1840 τελί·

155 1896 210 1931 σειν
224 1873 272 1945 τὴν
288 1871 433 1952 πρεσῦείαν
445 1872 511 1952 ὑπὲρ
524 1874 570 1943 τῆς
584 1870 710 1946 πατρίδος
723 1870 872 1951 ὑπέσχετο,
887 1868 935 1940 τήν

154 1985 182 2020 τι
198 1968 312 2040 γυναίκα
326 1966 372 2019 τοῦ
388 1959 512 2040 Μαρκίου
533 1958 729 2037 παραλαῦοῦσα
744 1957 837 2018 καὶτὰ
855 1958 935 2017 τέκνα

991 1373 1394 1440 affectuumplenisprecibnsusa
1402 1377 1560 1428 esttetalias
1569 1382 1773 1445 matrones-qno

927 1516 933 1539 ,
991 1471 1093 1537 utrique
1102 1472 1194 1523 barum
1207 1471 1358 1535 mulierum,
1376 1473 1418 1523 vel
1428 1473 1538 1524 amicitie
1552 1475 1592 1525 vel
1607 1477 1771 1541 cognatione,

991 1565 1129 1616 coniuncte
1140 1568 1227 1626 erent,
1240 1579 1327 1616 eurum
1339 1580 1419 1630 genua
1430 1570 1561 1631 tangentes
1572 1581 1615 1617 ees
1627 1568 1773 1633 suppliciter

901 1693 918 1708 0
990 1671 1062 1709 orare
1081 1672 1130 1708 nun
1148 1658 1304 1710 desinebant.
1338 1660 1426 1725 ltaque
1441 1660 1560 1718 Veturia,
1577 1673 1657 1724 quum
1672 1660 1772 1713 illarum

992 1750 1077 1803 luctus
1089 1751 1155 1803 ferre
1169 1766 1217 1803 uon
1227 1757 1328 1818 posset,
1345 1757 1372 1804 et
1382 1754 1470 1804 multis
1480 1753 1597 1818 precibus
1608 1754 1674 1805 victe
1692 1759 1771 1822 esset,

992 1844 1076 1905 cessit,
1087 1844 1223 1895 eltrudem
1237 1859 1283 1910 pro
1294 1846 1376 1910 patrie
1388 1845 1535 1909 legationem
1549 1846 1633 1906 obire,
1649 1847 1771 1913 promisit,

992 1951 1043 1989 una
1058 1950 1116 1987 cum
1134 1951 1213 1989 uxore
1227 1939 1331 2001 Marcii,
1346 1939 1451 2003 eiusque
1464 1938 1521 1989 filiis
1545 1946 1571 1994 et
1581 1942 1637 1993 aliis
1656 1940 1771 1997 civibus.

154 2050 267 2110 κελτῶν
281 2049 369 2109 ἄλλων
391 2048 531 2107 πολιτίδων
554 2048 601 2114 τὰς
621 2048 792 2127 βουλομένας.
836 2048 873 2108 Αἱ
887 2045 936 2123 μέν
992 2035 1118 2102 ‘1¹¹⁰“lu0t
1131 2033 1203 2099 “qui
1221 2033 1360 2085 'mmm'
1394 2033 1447 2085 ,ΠΒ
1468 2033 1546 2099 igitur
1566 2035 1659 2087 misum
1678 2037 1773 2089 inm*

155 2135 187 2207 δή
202 2139 355 2217 περιχαρεῖς
369 2134 636 2214 potueruntne<
650 2135 722 2202 θεοὺς
737 2135 933 2212 ίπικαλεσέμε-
990 2124 1051 2176 (Ῑωθ
1067 2124 1149 2188 lm»
1163 2125 1262 2190 ‘ffiffllue
1277 2126 1417 2189 mmm»
1437 2129 1468 2178 Μ
1479 2141 1532 2178 ⁸⁰²⁰
1546 2128 1598 2193 ⁸¹³⁰i
1610 2129 1730 2193 faverent,
1741 2144 1773 2181 θλ

102 2253 129 2292 m
155 2246 197 2282 ναι
212 2221 391 2283 συλλαῦέσθαι
413 2224 486 2306 σρίσι
500 2229 548 2296 τῆς
562 2225 685 2301 ἐλπίδος,
703 2223 870 2303 ἀπήεσανέκ
887 2226 935 2295 τῆς
990 2222 1045 2273 titt
1064 2218 1163 2270 &dibni
1183 2218 1366 2280 (nmirum,
1388 2223 1414 2270 ⁰²
1430 2220 1493 2286 quid
1507 2222 1615 2286 ‘difflui
1629 2223 1773 2275 0⁰⁰³¹¹¹ih⁰⁵

154 2312 238 2380 οἰκίας
249 2311 295 2372 καὶ
309 2311 506 2393 προσήγγειλαν
517 2314 552 2373 τδι
562 2313 690 2393 γενόμενα
703 2321 756 2381 τοῖς
766 2311 883 2382 ὑπάτοις.
899 2315 935 2374 Οἱ
989 2314 1145 2367 nuntiarunt.
1178 2314 1213 2363 Hi
1227 2312 1400 2364 veroleudate
1413 2327 1500 2366 earnm
1511 2317 1609 2381 egregie
1627 2318 1770 2377 voluntate,

153 2401 181 2460 δὲ
195 2400 243 2473 τήν
265 2398 413 2480 προθυμίαν
434 2403 523 2461 αὐτῶν
547 2401 749 2475 ίπαινέσαντις,
774 2400 932 2461 συνεκάλουν
990 2412 1104 2460 senatum
1115 2410 1297 2470 convocarunt,
1310 2410 1336 2459 et
1348 2407 1380 2459 ad
1397 2421 1456 2459 eum
1472 2410 1613 2463 retulerunt
1633 2412 1665 2464 de
1680 2414 1770 2465 mulie·

153 2490 201 2563 τήν
223 2492 319 2568 βουλήν
344 2489 470 2573 καὶπερὶ
494 2494 542 2564 τῆς
562 2489 650 2560 ίξόδου
673 2494 726 2550 τῶν
741 2493 888 2569 γυναικῶν,
912 2491 935 2549 εί
990 2516 1047 2553 rum
1061 2501 1230 2568 protectione,
1253 2504 1280 2553 et
1299 2515 1332 2552 un
1353 2502 1522 2568 permittenda
1543 2510 1610 2558 esset
1634 2510 1771 2561 sententias

154 2576 339 2657 συγχωρητέον
352 2579 461 2653 αῦταῖς,
475 2578 583 2655 γνώμας
598 2578 811 2640 διεπυνθάνοντο.
834 2577 934 2639 Πολλοὶ

99 2696 126 2734 u,
156 2666 204 2745 pls
222 2671 266 2725 οῦν
282 2665 494 2746 ίλίχθησανκαί
516 2667 591 2748 παρὰ
604 2669 710 2727 πολλῶν
724 2667 812 2745 λόγοι,
824 2668 870 2725 καὶ
886 2667 935 2745 μί-

990 2591 1085 2642 viritim
1100 2592 1227 2655 rogarunt.
1260 2589 1341 2641 Multa
1356 2590 1432 2655 igitur
1448 2590 1526 2642 rerba
1535 2595 1561 2643 et
1576 2607 1591 2642 a
1605 2593 1693 2644 multis
1704 2594 1772 2645 dicta

990 2684 1063 2744 sunt,
1084 2678 1163 2730 etad
1185 2691 1314 2744 vesperam
1331 2691 1429 2743 usque,
1446 2679 1567 2743 quidnam
1590 2686 1656 2733 esset
1678 2681 1773 2735 facian·

152 2778 200 2836 χρι
223 2758 270 2826 τῆς
286 2755 398 2834 ἑσπέρας
424 2756 574 2816 διετέλεσαν
596 2759 771 2836 ἀποροῦντες,
796 2753 813 2813 ὅ
831 2778 858 2813 τε
880 2755 933 2836 χρὴ
989 2770 1067 2829 dnm,
1079 2768 1249 2819 consultatum
1264 2769 1310 2819 aas
1342 2766 1390 2818 Alii
1406 2766 1473 2818 enim
1493 2768 1552 2819 urbi
1571 2769 1710 2834 perieulum
1723 2785 1773 2822 non

151 2851 248 2903 ποιεῖν.
294 2846 329 2904 0t
349 2844 397 2923 μέν
417 2844 469 2926 γὰρ
485 2847 515 2904 οῦ
538 2844 632 2925 μικρδν
646 2845 791 2926 ἀπέραινον
814 2833 881 2904 εἶναι
900 2849 934 2925 τῇ
989 2872 1096 2925 parvum
1110 2857 1241 2909 imminere
1252 2855 1464 2916 demonstrabant,
1478 2857 1500 2908 si
1508 2857 1657 2910 mulieribus
1667 2860 1772 2925 permit.

151 2933 228 2995 πόλει
243 2932 421 3012 κινδύνευμα,
433 2935 559 3013 γυναῖκας
569 2933 626 3013 ἅμα
635 2934 736 3002 τέκνοις
750 2937 787 3000 εἰς
799 2933 933 3012 πολεμίων

153 3024 329 3104 στρατόπεδον
355 3022 533 3104 πορευομένας
560 3026 647 3088 ἐᾶσαι.
707 3025 742 3086 Et
766 3021 818 3104 γδρ
848 3024 934 3092 αὐτοῖς

98 3132 125 3173 ac
154 3114 306 3193 ὑπεριδοῦσι
320 3115 372 3172 τῶν
397 3114 591 3192 νενομισμένων
616 3113 695 3173 δαίων
715 3113 776 3195 περί
799 3136 827 3171 τε
851 3136 935 3194 πρεσ·

155 3200 229 3269 θείας
242 3204 288 3261 καὶ
302 3200 403 3270 ἱκεσίας
416 3201 498 3272 δόξειε
511 3201 607 3281 μηκέτι
627 3201 764 3285 προίεσθαι
779 3204 827 3271 τδις
842 3203 933 3280 γυναῖ-

152 3313 216 3364 κας,
233 3292 354 3373 ἀμαχητὶ
376 3293 450 3373 σρῦιν
470 3291 619 3354 ἁλώσεσθαι
633 3291 682 3365 τήν
693 3291 782 3353 πολιν.
825 3290 932 3361 Ἠξίουν

150 3403 180 3439 τε
199 3381 280 3449 αύτδις
302 3381 379 3458 μόνον
401 3382 479 3440 ἐᾶσαι
493 3382 539 3448 τδις
558 3381 743 3461 προσηκούσας
756 3386 794 3461 τῷ
815 3380 933 3462 Μαρκίῳ

151 3474 278 3549 γυναῖκας
290 3469 348 3548 ἅμα
360 3470 415 3537 τοῖς
425 3470 523 3540 τέκνοις
532 3473 613 3530 αὐτοῦ
622 3470 809 3549 πορευομένας.
821 3466 932 3551 ‘Erepsi

96 3586 122 3626 us
151 3558 180 3618 δδ
195 3558 254 3619 οὐδὲ
275 3558 384 3627 ταύταις
398 3557 480 3638 ᾤοντο
505 3561 557 3620 δεῖν
579 3562 730 3640 ίπιτρὲπιιν
755 3558 802 3632 τήν
830 3557 931 3637 ἔξοδον,

151 3648 285 3723 ίπιμελῦις
296 3647 324 3706 δέ
338 3646 384 3706 καί
397 3648 495 3715 ταύτας
514 3646 649 3728 παρῄνουν
667 3646 807 3729 ρυλοίττειν
815 3690 824 3720 ,
839 3645 929 3728 ὅμηρα

150 3734 311 3812 νομίσαντας
331 3733 401 3815 ἔχειν
415 3734 488 3815 παρὰ
503 3738 555 3794 τῶν
570 3734 704 3813 πολεμίων
726 3734 840 3817 ίχέγγυσ
882 3741 930 3796 τοῦ

150 3822 234 3902 μηδέν
249 3823 296 3896 τήν
312 3824 388 3885 πόλιν
408 3823 551 3896 ἀνήκεστον
568 3827 612 3884 ὕπ’
628 3826 715 3884 αῦτῶν
738 3826 841 3887 παθεῖν.
895 3830 931 3889 Οἱ

150 3914 179 3975 δέ
197 3913 296 3981 πιέσαις
312 3912 497 3973 συνεόούλευον
521 3918 696 3996 συγχωρῆσαι
720 3922 777 3982 ταῖς
804 3915 930 3996 βουλομέ-

94 4026 123 4067 ευ
150 4026 207 4071 ναις
221 4001 322 4081 γυναιξί
334 4001 382 4074 τήν
395 3999 497 4072 ἔξοδον,
511 3999 555 4062 ίνα
573 3999 619 4061 σῦν
639 4002 737 4080 μείζονι
758 4004 889 4083 ἀξιώματι
903 4008 931 4066 ul

149 4094 189 4173 τῷ
202 4091 318 4172 Μαρκίῳ
332 4088 516 4170 προσήκουσαι
537 4090 700 4162 ποιήσουσαι
722 4091 771 4164 τήν
791 4094 856 4176 ὑπὲρ
883 4099 931 4167 τῆς

148 4179 274 4260 πατρίδος
288 4179 386 4251 δέησιν.
432 4180 488 4239 Τοῦ
499 4176 528 4238 δέ
544 4178 626 4256 μηδέν
642 4181 733 4248 αύταῖς
745 4181 931 4260 συμῦήσεσθαι

148 4267 232 4330 δεινδν
247 4268 376 4347 ἐγγυητὰς
385 4266 529 4347 θπίραινον
547 4268 686 4347 ίσομένους
700 4269 773 4339 θεοὺς
791 4269 840 4347 μίν
853 4274 932 4355 πριῦ-

148 4380 212 4431 τον,
240 4348 278 4423 οἶς
306 4361 507 4417 καθοσιωθεῖσαι
534 4360 581 4429 τὰς
612 4361 714 4426 irrata<
757 4362 928 4437 ποιήσονται,

93 4469 121 4507 ss
149 4445 241 4506 ίπειτα
253 4445 297 4505 τὸν
310 4444 392 4527 ἄνδρα
405 4446 502 4522 aete,
517 4449 582 4530 πρὸς
596 4449 624 4511 θν
637 4451 748 4528 ἔμελλον
759 4451 931 4534 πορεύεσθαι,

148 4536 237 4609 πάσης
259 4535 352 4595 ἀδίκου
371 4556 400 4594 τε
415 4535 461 4595 καὶ
484 4538 589 4599 ἀνοσίου
612 4540 730 4620 πράξεως
752 4540 866 4623 καθαρδν
884 4539 932 4600 καὶ

149 4623 276 4701 ἀμίαντον
288 4622 455 4695 ίζηκθτατδν
476 4626 544 4708 βίον.
588 4627 683 4691 Ἐνίκα
699 4628 812 4707 δίῦμιις
831 4634 848 4701 ἡ
866 4652 930 4709 συγ·

147 4716 274 4793 χωροῦσα
283 4713 377 4792 γνώμη
392 4715 449 4784 ταῖς
463 4716 566 4795 γυναιξί
579 4714 628 4789 τήν
641 4717 727 4786 ἔξοδον
738 4716 862 4795 μέγισεον
873 4720 932 4795 ἀμ-

148 4803 208 4882 φοῖν
223 4801 351 4881 ίγιιώμιον
365 4804 464 4886 έχουσα
473 4849 482 4880 ,
491 4810 539 4878 τῆς
553 4805 602 4882 μέν
619 4809 714 4884 βουλῆς
723 4809 770 4866 τοῦ
785 4806 927 4887 φρονίμου,

90 4902 121 4941 t⁰
149 4892 189 4952 ta
214 4892 343 4970 κράτιστα
367 4893 532 4974 γενησόμενα
553 4895 689 4975 προείδετο
711 4892 786 4952 ubils
809 4893 860 4953 ὑπὸ
884 4898 930 4954 τοῦ

147 4980 268 5041 κινδύνου
281 4984 423 5055 τηλικοῦδε
434 4983 507 5051 ὄντος
518 4985 737 5064 ἐπιταραχθεῖσα·
748 4986 793 5041 τοῦ
806 4981 834 5042 δέ
848 4985 931 5065 Μαρ-

145 5069 205 5131 κίον
218 5073 268 5141 τῆς
279 5070 427 5145 εῦσεθείας,
444 5073 485 5133 δτι
495 5070 621 5148 πολίμιος
630 5068 667 5130 ών
682 5073 836 5132 ἐπιστεύετο
848 5071 930 5149 μηδέν

146 5156 292 5231 ἇσεὸήσειν
304 5162 340 5228 είς
353 5159 385 5220 τδ
401 5159 592 5222 ἀσθενίστατον
607 5163 654 5231 τῆς
669 5157 772 5227 πόλεως
785 5160 864 5238 μέρος
877 5159 930 5220 κύ·

991 2950 1104 3010 teretur,
1116 2948 1147 2997 ut
1167 2959 1217 2996 una
1239 2958 1297 2996 cnm
1314 2943 1400 2995 liberis
1418 2943 1451 2994 ad
1465 2943 1576 2995 bostium
1597 2948 1679 2997 castre
1696 2945 1771 2998 irem.

990 3038 1054 3087 item
1069 3034 1091 3086 si
1111 3034 1227 3085 hostibus
1242 3035 1368 3085 contemto
1387 3032 1516 3098 legationis
1527 3036 1553 3084 et
1565 3033 1707 3098 supplicum
1717 3034 1772 3086 lure

990 3137 1020 3174 ec
1038 3123 1148 3188 neglecta
1167 3122 1276 3188 pietate,
1301 3121 1420 3174 mulieres
1443 3136 1492 3173 uon
1518 3122 1627 3188 amplius
1644 3122 1772 3175 dimittere

991 3211 1133 3278 placuisset,
1144 3225 1217 3263 suam
1225 3211 1311 3263 urbem
1319 3211 1372 3262 aine
1381 3210 1433 3261 ullo
1442 3211 1578 3262 certamine
1586 3215 1687 3276 captum
1693 3212 1725 3262 iri
1736 3212 1773 3263 di·

991 3300 1080 3353 cebant
1093 3300 1276 3364 censebantque
1292 3299 1353 3364 ipsis
1371 3299 1432 3350 sotis
1444 3299 1531 3350 Marcii
1540 3300 1653 3365 cognatis
1670 3302 1772 3365 permit·

990 3391 1110 3453 tendum,
1134 3392 1164 3438 ut
1175 3401 1226 3438 una
1237 3401 1296 3438 cum
1319 3387 1374 3438 eius
1393 3386 1480 3437 liberis
1497 3402 1527 3438 eo
1548 3389 1769 3453 proficiscerentur.

990 3480 1039 3530 Alii
1058 3492 1132 3538 vero,
1150 3490 1181 3528 ne
1192 3475 1249 3526 istis
1262 3476 1365 3542 quidem
1381 3476 1489 3527 exeundi
1508 3479 1660 3542 potestatam
1670 3479 1773 3543 permit·

990 3568 1092 3619 mudum
1116 3566 1265 3628 censebant,
1285 3565 1398 3631 quinimo
1418 3565 1572 3629 suadebant,
1588 3569 1616 3616 ut
1639 3567 1770 3630 diligenter

989 3654 1029 3706 bu
1039 3669 1141 3721 qnoque
1155 3668 1200 3720 pro
1212 3653 1343 3705 obsidibus
1355 3656 1552 3717 asservarentur,
1564 3658 1683 3719 tanquam
1696 3669 1769 3721 spon-

989 3758 1057 3795 sores
1075 3743 1124 3794 siti
1135 3744 1168 3794 ab
1179 3741 1293 3793 hostibus
1313 3741 1395 3806 datm,
1412 3755 1444 3793 ue
1463 3754 1539 3805 qnam
1551 3742 1691 3806 gmriorem
1707 3743 1771 3793 cale·

989 3833 1105 3886 mitatem
1116 3830 1257 3897 respublica
1268 3831 1300 3882 ab
1312 3830 1364 3881 illis
1380 3829 1512 3895 acciperet.
1544 3828 1593 3879 atii
1606 3842 1666 3879 veru
1678 3829 1770 3879 suade·

988 3923 1065 3985 bant,
1079 3925 1109 3973 ut
1131 3920 1247 3972 omnibus
1269 3919 1433 3982 mulieribus,
1452 3932 1510 3984 qum
1530 3917 1639 3978 vellent,
1662 3918 1769 3970 exeundi

989 4014 1100 4077 potestas
1121 4010 1239 4071 deretur,
1263 4013 1294 4061 nt
1313 4008 1408 4060 meiere
1432 4022 1491 4058 cum
1511 4006 1661 4058 auctoritate
1682 4007 1769 4058 Marcii

990 4106 1101 4168 cognatae
1117 4115 1163 4167 pro
1179 4101 1261 4167 patrie
1281 4099 1482 4165 deprecarentur.
1514 4098 1571 4154 Quo
1589 4095 1768 4147 minusautem

988 4194 1128 4259 quidquem
1139 4192 1200 4243 mali
1208 4192 1269 4258 ipsis
1281 4190 1421 4248 accideret,
1441 4200 1572 4254 sponsores
1586 4185 1686 4238 futuros
1700 4186 1769 4238 dire-

988 4282 1061 4344 bent,
1075 4283 1185 4348 primum
1204 4281 1307 4348 quidem
1326 4280 1395 4345 ipsos
1407 4278 1483 4337 deos,
1502 4276 1597 4344 quibus
1617 4278 1768 4328 consecratu

988 4371 1165 4437 supplicatura
1185 4373 1274 4433 erent,
1305 4367 1396 4420 dende
1419 4380 1479 4418 vero
1504 4366 1586 4431 ipsum
1606 4365 1705 4426 virum,
1735 4361 1768 4413 ad
1812 4433 1815 4438 .

986 4472 1063 4524 quem
1081 4459 1156 4510 ituro
1176 4463 1265 4520 erant,
1286 4458 1359 4509 cuius
1378 4456 1433 4508 rita
1448 4454 1529 4507 omnb
1549 4454 1637 4505 irinati
1654 4455 1681 4504 et
1698 4448 1768 4514 impii

987 4546 1104 4600 facinoris
1117 4562 1181 4614 pura
1197 4548 1346 4601 exstitisset.
1381 4549 1443 4599 Reae
1456 4549 1542 4599 tamen
1561 4542 1701 4600 mutantia,
1716 4551 1768 4604 ‘1¹¹³

985 4637 1134 4691 mulieribus
1142 4639 1251 4691 exeundi
1259 4641 1371 4705 poteslru
1385 4637 1539 4700 debetcum
1552 4632 1662 4684 maxime
1674 4628 1768 4680 utnus-

986 4727 1123 4793 quclaude
1145 4728 1220 4790 viclt3
1243 4731 1358 4787 sanetus,
1379 4730 1480 4792 propter
1501 4721 1677 4790 prudentiam,
1698 4719 1767 4784 quod

985 4816 1079 4881 optime
1093 4815 1256 4880 resisteres,
1275 4816 1338 4867 nibil
1352 4815 1457 4882 periculi
1475 4810 1646 4878 magnitudine
1659 4808 1765 4861 deterri·

986 4906 1044 4964 tna,
1069 4905 1241 4971 providissem
1265 4904 1352 4957 Marcii
1375 4918 1437 4956 vero
1458 4906 1561 4970 propter
1584 4900 1719 4966 pietatem,
1735 4896 1766 4948 de

985 5006 1049 5058 quo,
1069 4994 1186 5059 quamvis
1205 4993 1286 5046 bostis
1297 4996 1374 5055 esset,
1396 4996 1466 5046 certa
1488 4996 1572 5044 tamen
1592 4993 1647 5041 eret
1663 4987 1764 5055 opinio,

985 5096 1044 5133 enm
1065 5081 1092 5134 iu
1112 5082 1307 5135 infirmissimam
1320 5082 1432 5135 civitatis
1456 5084 1568 5146 partem,
1592 5080 1613 5131 sl
1639 5080 1665 5131 iu
1685 5078 1765 5144 ipsIus

984 5173 1134 5236 potestatem
1153 5171 1276 5235 renbmt,
1297 5171 1361 5224 nibil
1381 5172 1457 5237 impie
1476 5172 1644 5236 patraturum.
1686 5169 1764 5219 Facto

148 5271 202 5330 ριος
216 5250 451 5321 αὐτοῦκαταστιίς.
464 5249 511 5318 Ὡς
524 5246 553 5309 δέ
567 5248 598 5309 τὸ
609 5246 797 5331 προύούλενμα
812 5249 925 5333 ίγρείρη,
983 5262 1069 5314 eutem
1080 5259 1309 5322 senatusconsulto.
1320 5259 1435 5314 consules
1450 5258 1477 5311 in
1489 5255 1573 5311 iorum
1583 5255 1724 5325 progressi,
1737 5255 1763 5305 et
