3980 5936
237 426 297 485 608

236 556 343 614 πολλῶν
369 560 510 627 κτηθεῖσαν
538 555 682 635 ἡγεμονίαν
730 556 816 617 πόνων
836 556 953 636 αίσχρῶς
971 558 1017 618 καλ

238 646 372 725 ἀνάνδρως
389 646 569 722 ἀπολομένην.
581 646 647 708 ’Etr
661 645 690 706 δί
705 645 744 726 μὴ
755 647 878 721 πείθηται
892 651 907 707 δ
923 650 1017 723 δῆμος,

237 734 296 802 τοθς
318 732 470 814 πατρικίους
484 736 543 812 ἅμα
566 743 619 803 τοῖς
634 735 762 804 πελάταις
775 736 1020 814 καθοπλισαμίνους

239 828 291 884 τῶν
303 847 332 883 τε
348 825 436 883 ἀλλων
455 826 570 886 πολιτῶν
595 826 798 908 παραλαύόντας
806 871 815 901 ,
829 817 867 895 οἶς
882 817 915 899 ἦν
928 830 1020 887 ἑκοῦσι

197 946 210 983 ς,
240 912 400 992 συνάρασθαι
412 920 458 972 τού
472 913 616 975 καλλίστου
628 914 695 995 θπίρ
710 919 756 987 τῆς
767 916 892 994 πατρίδος
907 918 1018 995 ἀγῶνος,

239 1012 335 1085 χωρεῖν
353 1005 492 1084 προθύμως
502 1001 599 1063 ῖπὶτδν
614 1004 730 1082 πόλεμον
743 1007 828 1084 θεούς,
844 1000 901 1065 ὅσοι
919 1003 1020 1088 ρυλάτ·

239 1116 313 1153 τουσι
325 1093 373 1166 τήν
387 1091 529 1168 Ῥωμαίων
540 1092 628 1166 πολιν,
640 1092 772 1172 ἡγεμόνας
781 1096 828 1163 τῆς
841 1090 928 1160 ίξόδου
942 1116 1020 1165 ποιη-

241 1181 381 1259 σαμίνους.
424 1181 614 1259 Συμόήσεσθαι
642 1182 693 1261 γὰρ
722 1183 810 1249 αὐτοῖς
838 1181 905 1240 δυεῖν
930 1183 1020 1241 καλῶν

240 1271 323 1351 ἔργων
347 1271 393 1330 καί
413 1271 521 1330 δικαίων
542 1272 666 1350 θάτερον,
688 1270 706 1343 ἢ
736 1270 811 1341 νίκην
836 1268 1021 1349 ἐξενάγκασθαι

187 1387 214 1426 ιο
241 1364 334 1422 πασῶν
350 1351 386 1420 ῶν
400 1359 475 1418 αθεοί
486 1358 574 1434 ποθή
589 1363 613 1419 οἱ
626 1360 737 1438 πατέρες
752 1358 925 1435 ἀξηνύγκανεο
941 1362 1020 1436 λαμ-

241 1448 427 1530 προτάτην,ἢ
443 1449 502 1529 περί
516 1453 569 1508 τῶν
584 1450 613 1507 ἀν
624 1452 690 1531 αὐτῇ
705 1451 794 1508 καλῶν
810 1447 931 1530 εὐψύχως
947 1451 1022 1529 ἀγω-

241 1538 383 1616 νιζομένοις
399 1539 549 1597 ἀποθανεῖν.
576 1536 684 1611 Ταύτης
699 1536 790 1615 μέντοι·
803 1540 851 1609 τῆς
864 1539 948 1609 καλῆς
962 1536 1021 1597 πεί-

243 1651 289 1708 ρας
303 1628 361 1689 οὕτε
382 1625 459 1694 αθτδς
479 1629 668 1708 ἀπολείψεσθαι
693 1624 759 1707 ίρη,
781 1626 841 1685 ἀλλ’
856 1628 882 1685 iu
896 1624 947 1708 ἴσῳ
966 1637 1021 1695 τοῖς

243 1717 371 1797 κράτιστα
395 1715 549 1795 ἐρρωμένοις
572 1713 664 1797 παρὼν
685 1715 868 1793 ἀγωνιεῖσθαι,
887 1712 946 1775 οὔτε
967 1719 1020 1776 τῶν

188 1825 213 1864 σε
244 1804 331 1863 ἀλλων
346 1805 405 1864 τινὰ
419 1802 621 1885 πρεσθυτίρων,
632 1793 670 1872 οἷς
685 1805 758 1864 ίστιν
772 1803 919 1884 ίλευθερίας
932 1827 962 1864 τε
975 1804 1021 1865 καί

244 1890 318 1964 δόξης
330 1895 429 1970 ἀγαθῆς
446 1890 530 1972 λόγος.

282 1982 420 2044 ΧΧλίΙΙΙ.
441 1979 488 2047 Ὧς
499 1980 528 2041 δθ
540 1982 648 2051 καὶτοῖς
665 1980 755 2051 ἀλλοις
771 1980 855 2043 ἀπασι
869 1988 954 2042 ταῦτα
968 1981 1022 2041 ἰδό-

242 2093 296 2145 κει,
310 2069 355 2130 καί
370 2072 453 2139 οὐθεὶς
471 2061 504 2144 ἦν
521 2073 535 2129 θ
555 2073 696 2132 τοῦναντία
715 2074 800 2153 ἐρῶν,
819 2073 844 2129 ol
860 2069 909 2146 μίν
924 2068 1021 2131 θπατοι

242 2158 286 2218 τθν
301 2161 384 2237 δῆμον
406 2161 443 2229 είς
468 2159 611 2232 ἐκκλησίαν
633 2160 804 2221 συνεκάλουν.
847 2157 1020 2226 Συνελθόντος

186 2269 215 2309 ao
244 2245 271 2305 δὲ
291 2249 327 2315 ὥς
342 2245 387 2307 ἀπὶ
407 2250 505 2315 καινοῖς
525 2246 676 2325 ἀκούσμασι
694 2246 791 2313 παντὸς
813 2249 859 2305 τοῦ
883 2243 952 2305 κατά
971 2245 1019 2317 τὴν

242 2336 319 2396 πόλιν
343 2336 441 2417 όχλου,
460 2335 597 2417 παρελθὼν
623 2336 714 2417 ἀτερος
736 2339 789 2397 τῶν
807 2334 914 2394 ὑπάτων
941 2335 1020 2403 Γάϊος

241 2424 382 2506 Ὁράτιος,
405 2427 528 2507 ἐπειρᾶτο
550 2425 648 2486 πείθειν
662 2424 722 2493 τοῖος
736 2424 894 2502 δημοτικοὺς
913 2424 1020 2493 ἑκόντας

242 2518 385 2593 θπομεῖναι
395 2515 441 2575 καί
453 2515 553 2589 ταύτην
572 2514 620 2589 τήν
636 2513 786 2596 στρατείαν.
821 2510 1020 2591 Ἀντιλεγόντων

241 2603 271 2662 dl
283 2606 336 2664 τῶν
351 2602 496 2684 δημάρχων
510 2601 556 2662 καί
570 2607 617 2663 τοῦ
635 2601 721 2678 δήμου
736 2601 909 2684 προσίχοντος
932 2600 1020 2668 αθτοῖς

150 2688 153 2691 ’
187 2720 214 2759 αα
240 2692 286 2752 τόν
298 2696 373 2766 νοῦν,
388 2690 526 2775 παρελθὼν
538 2693 618 2751 πάλιν
631 2695 645 2750 θ
659 2690 757 2758 ὕπατος
768 2681 839 2750 tint·
857 2717 869 2740 ιι
881 2691 982 2762 Καλὸν,
997 2676 1020 2746 ‹T›

243 2809 257 2836 ιι
270 2781 416 2861 Ολεργίνιε,
430 2781 477 2844 καὶ
488 2780 640 2859 θαυμαστόν
655 2779 730 2859 ἔργον
743 2777 944 2859 ἐξειργάσασθε,
961 2778 1020 2837 δια-

244 2897 258 2925 ιι
273 2868 422 2938 σπάσαντες
439 2871 492 2930 ἀπό
505 2873 553 2942 τῆς
578 2871 674 2949 βουλῆς
688 2867 733 2927 τδν
753 2869 852 2944 δῆμον·
867 2865 913 2927 καί
927 2864 958 2925 τό
972 2862 1020 2944 μίν

242 2986 255 3014 ιι
272 2957 311 3040 ἀρ’
324 2962 385 3035 ὑμῖν
397 2949 466 3018 εἶναι
477 2955 556 3037 μίρος
568 2958 646 3017 πάντ’
660 2956 876 3031 ἀπολωλέκαμεν,
887 2951 936 3013 too
947 2954 1020 3036 παρδι

243 3072 257 3098 ιι
269 3048 323 3105 τῶν
337 3045 473 3125 προγόνων
492 3042 721 3124 παραλαθόντεςῆ
742 3050 796 3111 τοῖς
810 3044 911 3102 ίαυτῶν
932 3041 1020 3110 πόνοις

187 3161 215 3202 pp
243 3160 257 3187 ιι
271 3135 431 3212 κτησάμενοι
452 3132 631 3213 κατίοχομεν,
650 3132 764 3210 τάγαθά.
817 3132 857 3193 Ού
875 3130 927 3208 μὴν
943 3132 1021 3207 ἡμεῖς

243 3250 256 3276 ιι
290 3245 302 3280 ε
317 3223 416 3283 ἀκονιτὶ
431 3221 600 3298 μεθησόμεθα
612 3223 708 3295 αὐτῶν,
722 3218 782 3280 ἀλλ’
797 3218 972 3289 ἀναλαόόντες
986 3219 1020 3279 sd

243 3338 257 3364 ιι
271 3245 342 3370 θπλα
356 3310 489 3388 μετὰτῶν
504 3308 669 3390 βουλομένων
684 3308 812 3380 σώζεσθαι
829 3307 877 3382 τήν
889 3308 1018 3386 πατρίδα,

244 3426 257 3455 ιι
273 3397 430 3480 χωρήσομεν
446 3397 489 3458 ἀπὶ
507 3397 551 3458 εδν
566 3400 672 3477 ἀγῶνα,
687 3397 735 3465 τάς
752 3397 853 3476 ἀγαθδις
869 3394 1021 3477 προθαλλό·

244 3513 257 3539 ι
273 3508 346 3562 μινοι
359 3489 412 3546 τῶν
430 3485 514 3564 ἔργων
525 3484 646 3551 ίλπίδας·
659 3482 705 3543 καί
719 3481 745 3543 εί
756 3507 795 3550 τις
810 3483 862 3562 ἀρα
876 3481 932 3550 θεδς
950 3484 1023 3541 ἐπισ-

188 3605 216 3647 a
245 3602 258 3629 ι
272 3583 349 3635 κοπεῖ
372 3572 431 3641 τοδε
451 3573 548 3642 καλοδς
563 3573 609 3632 καί
624 3573 738 3640 δικαίους
758 3574 880 3651 ἀγῶνας,
904 3575 949 3631 καί
973 3576 1021 3645 τὴν

244 3690 258 3717 ιι
272 3663 348 3725 πολιν
360 3661 437 3735 τήνδε
444 3660 559 3731 αὔξουσα
569 3664 599 3722 ix
610 3664 708 3721 πολλοῦ
718 3661 831 3742 [χρόνον
838 3660 849 3739 ]
856 3659 925 3740 τύχη
938 3659 1021 3738 μήπω

243 3778 257 3805 ι
272 3744 444 3832 προλίλοιπεν
456 3751 556 3825 αὐτὴν,
571 3750 702 3831 κρείττους
718 3755 770 3810 τῶν
785 3752 885 3831 ἐχθρῶν
895 3747 1020 3826 ίσόμεθα·

244 3866 257 3893 ιι
272 3841 294 3899 εί
313 3840 341 3898 δι’
355 3863 395 3907 τις
406 3839 458 3921 ἄρα
473 3839 595 3912 ἀνέστηκε
620 3839 722 3915 δαίμων
737 3838 783 3896 καὶ
801 3841 963 3898 ἐναντιοῦται
984 3842 1019 3919 τῇ

244 3955 257 3982 ιι
273 3928 393 4009 σωτηρία
409 3932 456 4001 τῆς
478 3926 598 4000 πόλεως,
622 3922 693 3987 οὗτοι
716 3923 787 4004 τόγ’
807 3926 834 3984 ίν
848 3928 914 4001 ἡμῖν
929 3921 1019 3985 εύνουν

244 4044 258 4071 ιι
271 4016 317 4076 καὶ
335 4016 468 4098 πρόθυμον
480 4018 632 4087 ἀπολεῖται,
650 4013 720 4073 ἀλλά
741 4013 785 4074 τδν
802 4012 926 4073 ἀπάντων
951 4015 1019 4095 κρά-

245 4131 258 4157 ιι
271 4124 359 4162 τιστον
390 4104 501 4164 θάνατον
533 4103 695 4184 αἱρησόμεθα
722 4099 788 4182 trip
814 4104 861 4173 τῆς
885 4101 1020 4182 πατρίδος.

245 4217 259 4244 ιι
274 4187 368 4265 Ὑμεῖς
381 4190 409 4249 δὲ
426 4194 505 4251 αὑτοῦ
519 4189 654 4268 μίνοντες,
669 4192 811 4269 οίκουρεῖτε
826 4188 883 4267 ἅμα
899 4197 958 4258 ταῖς
972 4214 1022 4270 γυ-

243 4306 258 4333 «
273 4275 370 4354 ναιξίν,
382 4267 405 4338 ῶ
418 4278 496 4339 καλοῖ
505 4278 551 4339 καί
565 4287 678 4357 γενναῖοι
688 4279 836 4359 προστάται
850 4283 898 4352 τῆς
907 4278 1020 4354 πόλεως,

243 4395 257 4423 ιι
273 4366 601 4449 ἐγκαταλιπόντεςιμθλλον
616 4367 644 4427 δί
658 4366 798 4449 προδόντες
816 4374 902 4444 ἡμᾶς,
914 4360 952 4436 οἷς
962 4367 1022 4429 οὔτε

187 4493 215 4532 tn
243 4485 258 4514 ιι
272 4458 305 4518 ἂν
319 4457 469 4537 νικήσωμεν
480 4461 555 4533 ἡμεῖς
572 4460 587 4516 δ
602 4458 656 4536 βίος
670 4457 746 4517 ίσται
755 4459 845 4531 καλός,
858 4456 917 4517 οὔτε
928 4457 959 4516 ἀν
974 4458 1022 4517 ἀλ-

243 4574 257 4602 ιι
271 4549 324 4614 λως
332 4545 444 4629 χωρήσῃ
456 4545 489 4603 sd
498 4547 556 4604 καθ’
569 4549 640 4623 ἡμᾶς
650 4545 779 4629 ἀσφαλής·
789 4548 812 4606 εἰ
824 4544 862 4624 μὴ
873 4546 924 4623 ἀρα
936 4546 1022 4627 ἀκαίνῃ

242 4664 256 4691 ιι
269 4640 303 4719 τῇ
316 4639 407 4718 ψυχρᾷ
420 4634 509 4694 ἐλπίδι
531 4635 686 4715 ίπαίρεσθε,
701 4638 737 4703 ὡς
758 4635 956 4716 διαφθαρέντων
970 4637 1023 4693 τῶν

242 4752 256 4779 ιι
270 4725 436 4806 πατρικίου,
468 4726 538 4802 ὑμᾶς
564 4722 687 4785 ίάσουσιν
720 4726 744 4784 οί
769 4723 892 4802 πολίμιοι
923 4721 1022 4796 ταύτην

242 4840 256 4868 ιι
271 4812 484 4893 ὑπολογιζόμενοι
498 4812 546 4884 τήν
563 4812 714 4894 εὐεργεσίαν
725 4857 735 4887 ,
746 4814 793 4873 καὶ
805 4813 1023 4894 συγχωρήσουσιν

184 4939 213 4980 ,⁰
243 4905 331 4978 αθμῖν
346 4901 395 4975 τήν
410 4900 587 4984 πατρίδακαὶ
606 4901 654 4975 τήν
670 4902 818 4982 ἐλευθερίαν
839 4905 885 4962 καὶ
899 4900 948 4974 τὴν
962 4905 1024 4980 ἡγε-

244 5015 258 5042 ιι
273 4990 382 5067 μονίαν,
405 4988 450 5049 καλ
465 4989 554 5050 πάντα
576 4991 652 5050 τᾶλλ’
675 4990 778 5070 ἀγαθά,
798 4989 849 5050 θσα
871 4996 916 5050 νῦν
930 4988 1022 5072 ἔχετε,

242 5104 256 5129 ιι
270 5083 451 5157 καρποῦσθαι,
470 5069 507 5137 ῶν
535 5081 618 5154 ὑμεῖς,
633 5076 676 5137 δτε
698 5077 733 5138 sd
752 5078 848 5158 ἄριστα
871 5081 1021 5162 ἀρρονεῖτε,

242 5190 256 5216 ιι
270 5161 372 5237 πολλὴν
401 5164 450 5242 μίν
472 5169 522 5243 γῆν
544 5166 723 5241 ἀπετίμεσθε,
751 5166 853 5234 πολλάς
878 5168 905 5226 dl
933 5166 1024 5235 πόλεις

239 5276 254 5304 α
270 5248 556 5329 ίξανδραποδισάμενοι
585 5254 792 5336 κατεσκάψατε,
814 5254 902 5315 πολλὰ
923 5253 952 5313 δί
976 5254 1022 5313 καὶ

759 423 927 486 utoursu
948 402 1328 489 rinurmoulssoosrs

1073 558 1145 625 plebs
1156 572 1204 609 nou
1217 564 1325 625 pareret,
1334 559 1421 623 dixit,
1436 559 1554 626 patricios
1566 574 1616 611 ono
1625 573 1683 610 cnm
1693 558 1863 611 suisclienti·

1073 654 1122 705 bus
1145 660 1271 717 armatos,
1294 659 1321 706 et
1335 653 1459 728 adjunctis
1482 653 1538 705 aliis
1555 653 1665 712 ciuibus.
1682 655 1810 718 quotquot
1825 652 1863 702 ad

1074 753 1293 818 preclarissimum
1304 766 1350 818 pro
1362 752 1444 818 patria
1455 756 1579 803 certamen
1594 752 1661 801 ultro
1672 762 1774 814 ορεειιο
1785 762 1863 799 ουσιαι

1074 851 1202 915 ollorreui,
1224 851 1257 903 ed
1277 850 1370 902 bellum
1386 850 1503 901 alacriter
1524 846 1649 914 proticisci
1673 846 1780 910 debere,
1795 843 1862 898 deos

1074 956 1161 994 ornnes
1179 942 1248 993 urbis
1268 945 1385 994 llomona
1410 940 1529 993 custodes
1554 941 1633 991 duces
1659 939 1707 989 vie
1726 937 1862 989 ndentes

1074 1038 1137 1088 Fore
1156 1050 1263 1100 namque
1275 1041 1330 1088 ute
1349 1036 1449 1087 duobus
1463 1033 1592 1101 praelatis
1611 1046 1641 1084 sc
1660 1030 1736 1094 iustis
1748 1031 1864 1081 alterurn

1074 1129 1123 1195 ipsi
1136 1133 1336 1194 cousequantur:
1354 1134 1398 1183 aut
1414 1129 1479 1181 enim
1504 1128 1634 1179 victoriam
1653 1125 1777 1185 omniurn,
1796 1138 1866 1188 quas

1076 1237 1185 1288 uuquam
1198 1225 1242 1274 aut
1256 1222 1305 1288 ipsi
1326 1226 1370 1274 aut
1382 1222 1489 1285 maiores
1510 1221 1670 1283 retulissent,
1693 1217 1865 1268 clarissimam

1076 1319 1261 1382 reportaturum
1277 1318 1322 1369 aut
1331 1329 1377 1380 pro
1390 1308 1504 1366 victoria
1518 1313 1590 1366 bouis
1602 1311 1703 1364 fortiter
1716 1315 1865 1377 pugnantes

1076 1421 1185 1459 casuros.
1219 1409 1285 1459 Huic
1309 1410 1394 1459 autom
1411 1406 1518 1457 bonetto
1536 1405 1639 1457 conatui
1663 1418 1697 1456 ue
1714 1416 1743 1454 εο
1756 1403 1865 1467 quidun

1076 1495 1220 1548 defuturum
1234 1494 1341 1557 dicebat,
1356 1494 1401 1544 sed
1414 1495 1439 1544 in
1461 1493 1547 1559 proelio
1562 1493 1602 1545 vel
1622 1492 1752 1544 bominum
1765 1492 1865 1542 robus·

1076 1589 1231 1640 tissimorum
1244 1601 1346 1654 operam
1366 1590 1541 1652 aquatorum,
1558 1601 1604 1637 nec
1622 1586 1687 1636 ulios
1702 1585 1766 1636 atros
1776 1604 1809 1642 ex
1818 1600 1865 1635 se-

1076 1680 1196 1745 nioribus,
1215 1681 1259 1744 qui
1272 1680 1396 1732 libertatis
1409 1684 1493 1731 essent
1512 1679 1620 1731 studiosi
1635 1683 1663 1730 et
1681 1679 1754 1731 bona
1773 1679 1865 1730 existi-

1076 1774 1193 1826 mationis
1207 1774 1326 1825 rationem
1337 1772 1466 1833 habereut,
1479 1770 1622 1824 obfuturos.

1109 1995 1219 2046 xxviii.
1230 1996 1315 2052 Quom
1328 1995 1414 2045 autem
1428 1991 1514 2044 ceteri
1525 2004 1627 2056 quoque
1638 1990 1665 2041 in
1682 1990 1749 2042 banc
1761 1992 1864 2042 sentem

1077 2082 1139 2134 tiam
1152 2083 1224 2145 irent,
1245 2096 1291 2133 nec
1308 2083 1376 2134 tillus
1385 2085 1452 2135 esset
1463 2083 1508 2146 qui
1522 2080 1727 2143 contradiceret,
1743 2081 1862 2131 eonsules

1077 2170 1196 2236 populum
1208 2170 1242 2221 ad
1260 2171 1403 2221 concionem
1419 2173 1598 2222 convocarunt.
1636 2168 1756 2233 Adquanr
1772 2181 1856 2233 quum

1077 2262 1131 2311 tota
1142 2258 1236 2310 urbana
1244 2260 1328 2320 turba,
1335 2262 1364 2309 ut
1372 2273 1425 2311 rem
1435 2272 1525 2310 noram
1533 2257 1641 2320 audiret,
1648 2257 1808 2315 monuisset,
1815 2256 1855 2306 al·

1077 2346 1225 2407 teroonsul,
1239 2349 1268 2398 c.
1280 2348 1408 2410 Horatius,
1418 2347 1445 2398 in
1457 2347 1567 2398 medium
1579 2359 1720 2411 progressus
1729 2384 1735 2403 .
1745 2348 1855 2396 conatus

1077 2437 1116 2485 est
1128 2433 1277 2499 persuadere
1307 2431 1388 2498 plebi,
1419 2435 1449 2483 ut
1470 2433 1533 2483 hauc
1554 2446 1656 2497 quoque
1678 2430 1857 2496 expeditionem

1077 2520 1163 2571 volens
1176 2533 1206 2572 σο
1215 2519 1294 2570 libens
1311 2517 1461 2584 susciperet·
1490 2519 1609 2571 Tribunis
1625 2533 1687 2571 vero
1699 2517 1860 2569 reclamanti·

1077 2607 1133 2665 bus.
1145 2609 1172 2660 ct
1185 2606 1255 2673 plebe
1266 2607 1375 2658 animm
1384 2605 1416 2657 ad
1430 2607 1488 2658 illos
1497 2607 1653 2670 adrertme,
1665 2607 1751 2658 consul
1765 2605 1863 2658 iterum

1076 2712 1221 2764 progressus
1233 2700 1269 2750 sic
1281 2698 1380 2750 locutus
1396 2699 1436 2749 est
1456 2717 1463 2749 ι
1482 2718 1495 2742 ιι
1516 2698 1688 2761 Proclama,
1706 2696 1818 2763 Virgini,
1836 2702 1865 2751 ct

1079 2807 1090 2830 ι
1103 2786 1277 2838 admirandum
1293 2786 1388 2838 lacinus
1404 2786 1497 2838 lecistis
1512 2799 1568 2846 vos,
1580 2786 1624 2852 qui
1633 2786 1733 2852 plebem
1743 2800 1760 2837 a
1770 2792 1862 2837 senatu

1078 2873 1218 2925 «divellitis
1233 2893 1239 2923 :
1252 2874 1278 2923 et
1289 2874 1411 2936 quantum
1427 2872 1454 2922 lu
1469 2871 1542 2923 vobis
1556 2874 1604 2937 est,
1619 2873 1704 2924 omnia
1720 2873 1788 2924 bona
1798 2874 1864 2924 ami·

1077 2982 1091 3007 ι
1103 2964 1190 3023 simus,
1206 2974 1371 3026 quacumque
1386 2965 1459 3012 auia
1474 2961 1614 3012 maioribus
1624 2965 1736 3028 accepta,
1747 2967 1793 3014 aut
1802 2976 1864 3014 nos·

1078 3070 1092 3095 ι
1103 3052 1150 3102 tris
1159 3048 1286 3101 laboribus
1300 3053 1371 3113 porta
1383 3048 1548 3115 possidemus.
1558 3052 1740 3102 verumtamen
1753 3064 1802 3102 nos
1811 3065 1864 3102 non

1078 3159 1091 3184 ι
1104 3139 1238 3205 patiemur,
1252 3137 1308 3189 bac
1322 3139 1395 3191 nobis
1404 3138 1564 3191 dnerudoro
1574 3139 1714 3205 etpulvere
1724 3140 1802 3205 eripi;
1818 3141 1865 3192 sd

1078 3242 1091 3273 ι
1103 3225 1182 3291 caplis
1193 3224 1386 3276 armisonacunr
1394 3225 1452 3288 illis,
1463 3226 1507 3289 qui
1516 3225 1624 3291 patriam
1635 3225 1734 3277 sairam
1745 3227 1865 3291 cupiunt,

1078 3334 1091 3358 ι
1104 3313 1169 3365 bona
1182 3327 1227 3378 spe
1235 3312 1359 3378 tactisque
1379 3313 1444 3375 tretl,
1465 3313 1498 3364 ad
1512 3314 1562 3365 boc
1568 3317 1697 3366 certamen
1711 3314 1825 3366 ibimusz
1838 3320 1865 3367 et

1078 3404 1123 3455 osi
1137 3404 1194 3469 quis
1206 3402 1272 3455 forte
1284 3403 1348 3455 deus
1363 3405 1468 3456 bonosio
1479 3408 1505 3455 et
1523 3403 1588 3455 bona
1602 3418 1631 3456 εο
1638 3405 1710 3469 justa
1722 3406 1862 3456 certamina

1079 3513 1091 3537 ιι
1104 3495 1206 3544 συνοίει
1217 3492 1238 3544 si
1248 3493 1356 3553 fortuna,
1361 3507 1420 3558 qoae
1431 3492 1496 3544 hauc
1506 3493 1593 3543 urbem
1602 3492 1699 3558 iamdiu
1709 3497 1796 3559 auget,
1806 3508 1864 3547 eam

1078 3602 1092 3627 ιι
1105 3581 1355 3643 noudumdeseruit,
1367 3582 1499 3633 victoriam
1514 3582 1547 3632 ab
1563 3581 1636 3634 busto
1659 3584 1862 3648 reportabimus.

1080 3689 1092 3713 ιι
1102 3669 1175 3729 Quod
1187 3670 1208 3721 si
1222 3671 1279 3735 quis
1295 3668 1357 3720 deus
1376 3669 1440 3720 iorte
1455 3668 1528 3720 nobis
1535 3669 1656 3730 obsistat,
1671 3673 1699 3721 et
1718 3670 1868 3735 reipublirm

1080 3776 1093 3807 ι
1103 3758 1179 3810 saluti
1189 3757 1344 3820 adversetur,
1360 3755 1427 3806 baud
1443 3760 1527 3807 brnen
1541 3769 1587 3820 pro
1595 3770 1626 3807 οε
1639 3756 1732 3822 pietate
1745 3760 1774 3808 et
1785 3759 1868 3809 mimi

1080 3866 1093 3890 ιι
1108 3847 1243 3907 alacritate,
1260 3860 1317 3909 qua
1329 3845 1354 3896 iu
1366 3844 1437 3895 nobis
1446 3847 1495 3904 est,
1508 3843 1599 3909 peribit
1612 3862 1619 3894 ι
1632 3844 1677 3894 sed
1697 3848 1868 3897 mortemonr·

1080 3955 1093 3978 ιι
1102 3935 1171 3985 olom
1183 3931 1382 3984 honestissimam
1395 3945 1441 3997 pro
1451 3932 1532 3997 patria
1546 3931 1675 3996 eligemus.
1693 3932 1747 3983 Vos
1761 3946 1834 3993 rem,
1849 3948 1868 3987 ο

1080 4043 1093 4067 ι
1108 4023 1219 4087 generosi
1229 4026 1254 4074 et
1262 4020 1375 4087 praeclari
1388 4019 1457 4071 urbis
1467 4018 1595 4085 presides,
1607 4020 1634 4070 iu
1643 4033 1673 4071 ea
1684 4033 1743 4071 oum
1756 4022 1869 4074 mulier·

1080 4134 1093 4157 ιι
1105 4112 1168 4163 culis
1185 4116 1339 4162 remanentes
1357 4110 1459 4161 domum
1483 4107 1625 4172 custodite,
1639 4107 1713 4160 nobis
1735 4108 1871 4175 desertis,

1079 4219 1092 4250 ι
1104 4202 1153 4254 iroo
1166 4201 1250 4267 potius
1259 4198 1381 4266 proditis:
1399 4197 1502 4264 quibus,
1514 4211 1561 4249 nec
1570 4197 1591 4247 si
1603 4197 1747 4260 vicerimus.
1756 4199 1871 4253 moeste

1079 4311 1090 4334 ι
1101 4304 1156 4351 nec,
1170 4290 1243 4341 sires
1255 4288 1327 4340 aliter
1336 4288 1407 4339 uobis
1423 4287 1581 4346 successerit,
1592 4290 1649 4338 tuto
1662 4286 1750 4339 licebit
1764 4289 1870 4345 virere.

1078 4399 1093 4426 ι
1102 4380 1156 4431 ltisl
1169 4378 1235 4431 forte
1246 4376 1334 4443 frigida
1344 4376 1386 4428 illa
1396 4390 1440 4442 spo
1449 4376 1517 4439 elati,
1531 4376 1680 4428 eliminatis
1693 4378 1746 4427 tore
1758 4382 1789 4429 ut
1800 4377 1862 4431 bos

1078 4490 1091 4514 ιι
1106 4473 1152 4534 tes,
1160 4468 1289 4520 exstinctis
1305 4466 1486 4533 μισάλληλος
1494 4466 1641 4518 beneficium
1654 4464 1864 4533 considerantes,

1079 4579 1091 4603 ι
1104 4558 1212 4610 intactos
1223 4571 1269 4608 ros
1285 4556 1441 4621 relinquant;
1453 4559 1480 4607 et
1493 4554 1583 4620 patria,
1599 4555 1722 4617 libertate,
1737 4555 1870 4621 imperio,
1982 4586 1984 4623 γ

1079 4665 1091 4697 ι
1105 4649 1131 4700 et
1150 4645 1251 4713 reliquis
1260 4644 1376 4695 omnibus
1389 4643 1476 4704 bonis,
1495 4658 1553 4711 qus
1571 4657 1639 4696 nunc
1656 4642 1802 4709 possidetis,
1817 4647 1873 4699 trui

1079 4756 1091 4780 ι
1105 4736 1178 4788 robis
1192 4733 1358 4800 pemittant:
1375 4747 1440 4798 quos
1451 4732 1562 4799 (maudo
1571 4734 1664 4798 optime
1676 4731 1708 4785 de
1732 4733 1874 4797 republica

1078 4823 1252 4889 osenfiebatls)
1265 4836 1354 4888 magna
1364 4836 1480 4886 agrorum
1488 4825 1561 4887 parte
1574 4821 1710 4883 mulctatis,
1717 4821 1872 4888 multasque
1982 4834 1983 4837 ¹

1079 4932 1092 4956 ιι
1104 4926 1191 4964 eorum
1205 4911 1438 4975 orbes,oivibosiu
1457 4911 1603 4963 servitutem
1624 4910 1771 4972 abstractis,
1790 4925 1871 4965 erer-

1078 5019 1091 5044 ι
1102 5001 1179 5062 titiis,
1190 5003 1266 5066 atque
1272 5000 1352 5052 multa
1365 5006 1392 5052 et
1403 5014 1491 5065 magns
1502 5003 1596 5064 tropea
1604 5002 1630 5050 et
1640 5003 1807 5051 monumenta
1819 5002 1870 5053 ini·

1079 5104 1092 5135 ι
1103 5076 1251 5138 micitiurum
1259 5086 1380 5148 erexistis,
1390 5100 1448 5150 qum
1467 5099 1499 5137 ne
1508 5086 1558 5137 ulla
1569 5083 1671 5149 qtridom
1684 5086 1808 5151 temporis
1819 5102 1868 5141 re·

1079 5176 1198 5226 otusmte
1216 5174 1293 5226 deleri
1304 5176 1428 5240 poterunt.
1462 5173 1510 5225 sed
1521 5172 1583 5238 quid
1598 5186 1629 5223 eo
1641 5172 1675 5224 ob
1689 5172 1747 5224 bac
1762 5175 1868 5240 ptebun

1079 5261 1215 5328 «increpo,
1229 5276 1287 5327 qua
1305 5275 1435 5327 nunquam
1447 5264 1537 5328 sponte
1554 5259 1680 5327 peccarit,
1705 5261 1768 5326 quin
1777 5266 1870 5328 potios
