4068 5924
263 403 322 461 ltu

262 531 384 613 Κυψέλου
398 528 545 607 τυραννίδος
559 523 767 601 ἐπανισταμένης
781 529 834 593 τοῖς
854 524 1031 606 Βακχιάδαις,

260 622 306 679 ούκ
322 620 436 699 ἀσφαλὲς
449 608 514 674 εἶναι
529 618 612 674 δοκῶν
627 617 653 673 ἐν
671 613 802 692 τυραννίδι
827 617 873 684 ζῆν
889 594 975 672 πολλὰ
990 637 1033 671 κε·

261 708 404 785 κτημέυος,
415 705 501 772 ἄλλως
509 726 537 761 τε
551 703 655 773 καὶτῆς
669 703 840 781 ὀλιγαρχικῆς
852 701 934 767 οἰκίας
948 701 1002 759 ύπά
1021 734 1034 747 ·

260 820 330 875 χων,
351 791 584 867 συνεσκευασμένος
609 791 655 862 τὴν
683 788 771 848 cistas
795 788 858 859 ὅσην
882 782 933 856 οἷός
953 792 977 847 τ’
1020 812 1033 845 ν

221 916 235 952 t
261 884 347 963 ᾤχετο
368 882 455 941 πλέων
475 882 504 939 ἐκ
529 882 575 950 τῆς
596 875 735 958 Κορίνθου.
778 875 871 956 Ἔχων
893 876 922 936 δὲ
945 877 1032 957 φίλους

261 969 372 1038 πολλοὺς
385 968 429 1028 καὶ
442 965 552 1045 ἀγαθούς
570 967 713 1045 Τυρρηνῶν
730 964 772 1023 tit
786 966 833 1032 τδς
848 972 964 1044 συνεχεῖς
979 966 1036 1022 ἐπι-

262 1060 365 1139 μιξίας,
379 1058 495 1135 μάλιστα
510 1058 532 1114 δ’
551 1059 576 1116 ἐν
594 1053 768 1133 Ταρκυνίοις,
788 1054 864 1111 πολει
888 1053 992 1131 μεγάλη
1007 1074 1035 1111 τε

261 1150 307 1210 καί
318 1146 451 1223 εὐδαίμονι
470 1144 523 1203 τότ’
535 1143 616 1222 ούση,
635 1133 704 1200 οἶκόν
724 1143 748 1199 τ’
767 1141 856 1200 αύτόθι
870 1140 1038 1200 κατασκευαί-

263 1242 333 1307 ζεται
347 1234 392 1294 καί
405 1236 508 1311 γυναῖκ’
523 1234 635 1311 ἐπιρανῆ
646 1229 714 1288 κατδι
726 1228 798 1305 γένος
812 1229 915 1305 ἄγεται.
958 1230 980 1288 Γ
981 1250 1037 1286 ενο-

211 1352 236 1389 so
265 1324 348 1403 μένων
364 1324 386 1381 δ’
402 1325 472 1401 αὐτῷ
495 1322 563 1380 δυεῖν
580 1319 691 1391 παίδων,
705 1315 858 1396 Τυρρηνικὰ
872 1316 977 1392 θέμενος
991 1314 1038 1371 αύ-

263 1414 315 1477 τοῖς
328 1412 463 1488 ὀνόματα,
486 1412 523 1489 τῷ
547 1407 595 1483 μὲν
617 1403 755 1487 Ἄρροντα,
770 1406 807 1483 τῷ
829 1402 856 1463 δδ
881 1400 1037 1477 Λοκόμωνα,

781 393 950 454 nluulsll
972 392 1345 453 HALIGARNASSENSIS

1087 540 1132 591 rit.
1166 538 1214 590 Sed
1220 552 1278 589 eum
1292 538 1380 590 seditio
1395 537 1507 589 corinthi
1522 537 1588 587 esset
1599 536 1663 595 orta,
1677 536 1702 584 et
1716 534 1861 585 Bacchiadae

1087 642 1101 678 a
1115 628 1213 692 Cypseli
1231 627 1357 692 tyrannide
1367 628 1549 691 premerentur,
1565 622 1708 673 existimans
1717 622 1764 672 sibi
1777 624 1862 685 utpote

1087 715 1158 764 diriti
1172 728 1257 778 parurn
1267 727 1321 763 esse
1332 715 1416 762 tutum
1427 712 1451 761 in
1463 708 1593 773 tyrannide
1607 708 1705 769 virere,
1724 707 1862 771 praesertim

1088 815 1144 853 curn
1154 804 1220 851 esset
1229 815 1259 851 ex
1271 801 1416 864 optimatum
1428 801 1508 861 gente,
1520 796 1629 847 collectis
1642 793 1716 845 relius
1726 793 1777 843 suis
1787 807 1861 856 quas·

1089 903 1186 952 cunque
1194 902 1278 940 secum
1290 888 1355 938 terre
1371 887 1452 951 potuit
1462 884 1579 938 corintho
1592 882 1652 933 navi
1664 880 1785 932 discessit.
1800 883 1862 930 cum

1090 980 1173 1027 autem
1185 976 1277 1026 multos
1291 988 1382 1037 eosque
1399 974 1475 1023 bonos
1493 970 1585 1021 amices
1606 969 1631 1020 in
1650 969 1747 1019 Etruria
1761 966 1863 1017 liaberet

1090 1065 1122 1114 nir
1131 1062 1245 1113 continua
1260 1059 1419 1121 commercia,
1436 1057 1559 1123 praecipue
1574 1070 1633 1106 vero
1647 1054 1795 1119 Tarquiniis,
1807 1067 1863 1119 qnae

1091 1151 1151 1202 urbs
1162 1156 1222 1202 tunc
1234 1149 1352 1214 temperis
1363 1161 1450 1211 magna
1459 1162 1488 1198 ac
1504 1147 1626 1197 iomuneta
1638 1148 1699 1207 erat,
1712 1143 1861 1194 domicilium

1091 1238 1126 1289 ibi
1141 1238 1187 1289 sibi
1198 1236 1365 1301 compararit,
1377 1239 1403 1285 et
1416 1234 1543 1285 mulierem
1558 1246 1645 1295 genere
1655 1231 1776 1281 illustrem
1792 1230 1864 1280 duxit

1092 1327 1317 1379 inmatrimonium.
1350 1328 1387 1374 En
1397 1337 1446 1387 qua
1457 1322 1556 1373 dnobus
1565 1320 1621 1370 tiliis
1631 1318 1752 1382 susceptis
1761 1321 1865 1367 Etrusca

1091 1414 1188 1464 uomina
1202 1412 1333 1477 imposuit,
1345 1412 1450 1461 alterum
1468 1411 1601 1465 aruntem,
1617 1404 1721 1455 alterum
1739 1407 1864 1454 Lucumo-

1092 1516 1149 1553 nem
1167 1501 1291 1566 appellans
1306 1518 1313 1549 ι
1328 1502 1368 1561 et,
1383 1511 1441 1548 cnm
1459 1501 1593 1558 utrumque
1611 1494 1697 1545 ursae
1715 1495 1740 1543 et
1760 1477 1865 1542 Etr'usca

1092 1590 1220 1655 disciplina
1243 1588 1402 1650 instituisset,
1426 1586 1462 1637 eis
1484 1587 1533 1636 iam
1553 1583 1612 1634 riris
1627 1582 1699 1633 iactis
1718 1595 1812 1632 uxores
1836 1594 1867 1631 ex

1094 1675 1263 1728 illustrissimis
1277 1672 1376 1724 familiis
1399 1672 1475 1723 dedit.
1682 1730 1686 1743 Ι

1123 1765 1217 1814 xcvii.
1236 1766 1286 1813 ltcc
1296 1760 1375 1812 multo
1384 1765 1439 1825 post
1446 1759 1552 1810 tiliorum
1562 1757 1639 1808 maior
1652 1757 1710 1805 natu
1721 1755 1791 1804 nulla
1798 1755 1867 1804 certa

1093 1869 1206 1934 pmgenie
1222 1866 1390 1926 relictaobiit3
1405 1867 1432 1915 et
1444 1863 1529 1928 patrois
1545 1866 1600 1927 post
1610 1861 1697 1911 diebus
1711 1859 1764 1922 ipse
1775 1861 1866 1907 Dema-

1094 1979 1163 2023 ratus
1172 1968 1519 2036 prtedolorcmoritur,reiicto
1528 1966 1636 2017 omnium
1646 1976 1747 2013 suarum
1759 1962 1868 2011 iortuna·

1094 2092 1152 2129 rum
1165 2077 1255 2129 herede
1266 2080 1417 2137 Lucumone,
1432 2074 1483 2124 tilio
1499 2072 1641 2137 superstite.
1655 2072 1679 2119 le
1690 2067 1807 2132 adeptum
1817 2069 1870 2115 tam

1096 2181 1205 2246 amplum
1225 2178 1413 2244 patrimonium,
1436 2175 1596 2238 magistratus
1622 2181 1767 2235 capessere,
1783 2171 1810 2218 et
1826 2178 1867 2217 res

1096 2288 1205 2352 publicas
1221 2300 1306 2350 gerere
1313 2289 1339 2337 et
1350 2285 1413 2337 inter
1426 2283 1561 2348 praecipuos
1578 2281 1644 2330 eires
1656 2277 1749 2329 censeri
1761 2274 1868 2326 volebat.

1095 2391 1144 2444 Sed
1158 2390 1264 2453 undique
1274 2389 1305 2439 ab
1319 2388 1438 2450 indigenis
1451 2385 1564 2449 repulsus
1575 2386 1601 2434 et
1615 2394 1646 2432 ne
1660 2383 1725 2433 inter
1735 2348 1873 2430 mediocres

1097 2494 1197 2560 quidem
1209 2484 1291 2543 locum
1311 2491 1437 2551 obtinens,
1457 2487 1548 2539 nedum
1573 2488 1637 2537 inter
1653 2484 1796 2549 primarios,
1815 2492 1870 2531 eam

1097 2600 1255 2666 mneminiam
1267 2611 1332 2661 ogra
1344 2594 1446 2647 terebat.
1465 2601 1544 2655 Quare
1557 2605 1615 2641 cnm
1630 2588 1740 2640 audisset
1750 2584 1870 2650 populum

1098 2711 1235 2758 Romanum
1247 2716 1332 2754 omnes
1343 2700 1483 2766 peregrinos
1496 2698 1608 2749 lubenter
1617 2696 1726 2760 recipcre
1738 2690 1871 2744 etciritate

1099 2812 1191 2861 donare
1209 2822 1238 2859 ac
1257 2820 1302 2871 pro
1315 2804 1433 2870 dignitate
1443 2814 1642 2866 unumquemque
1655 2799 1750 2849 honore
1764 2795 1875 2854 allicere,

1099 2930 1129 2966 eo
1138 2915 1208 2966 sedes
1219 2913 1351 2964 munsterus
1361 2910 1462 2971 statuit,
1475 2909 1527 2957 suia
1540 2904 1654 2957 omnibus
1669 2910 1742 2953 renus
1755 2898 1874 2959 collectis,

1100 3026 1126 3072 et
1139 3021 1248 3071 adducta
1261 3032 1338 3070 uxore
1355 3017 1492 3078 ceterisque
1504 3012 1591 3064 amicis
1601 3023 1632 3061 ac
1642 3006 1788 3059 domesticis
1800 3008 1876 3070 quot·

1101 3131 1162 3192 quot
1175 3129 1247 3191 ιογυε
1261 3126 1413 3183 noluissent,
1431 3133 1535 3185 magnus
1548 3123 1632 3169 antem
1644 3115 1691 3167 init
1703 3125 1821 3164 eumenis
1832 3124 1877 3162 eo·

1101 3249 1157 3285 rum
1166 3233 1274 3296 quicum
1286 3245 1316 3282 eo
1327 3230 1439 3282 lubenter
1457 3224 1624 3279 discedebant.
1659 3222 1723 3273 dum
1743 3223 1828 3270 antem
1846 3218 1880 3269 ad

1103 3340 1242 3392 ianiculum
1260 3338 1327 3402 qnod
1345 3338 1450 3387 uocatur
1468 3334 1607 3393 venissent,
1619 3329 1685 3380 unde
1704 3330 1782 3378 iterna
1794 3325 1880 3388 tuqui

1104 3462 1136 3500 ex
1144 3449 1241 3499 Etruria
1249 3446 1351 3498 veniunt
1361 3443 1469 3506 primum
1483 3437 1638 3501 conspicitur,
1649 3434 1733 3499 aquila
1745 3430 1878 3494 derepente

1105 3552 1223 3606 devolans
1244 3551 1336 3614 pileum
1354 3559 1428 3610 quem
1444 3546 1469 3594 in
1485 3541 1565 3605 capite
1584 3519 1697 3601 gestabat
1716 3535 1839 3598 abripuit,
1854 3537 1879 3582 ct

1103 3672 1190 3710 rursus
1203 3671 1230 3708 se
1250 3658 1276 3705 in
1298 3654 1376 3704 aitnm
1399 3648 1499 3700 sustulit
1514 3658 1586 3709 pyros
1600 3643 1713 3712 ducens,¹
1730 3650 1838 3702 cumque
1854 3636 1880 3686 in

1065 3793 1066 3796 =
1106 3765 1169 3815 aeris
1185 3759 1328 3813 circumfusi
1341 3753 1508 3821 prolirnditate
1522 3746 1656 3799 occultavit
1669 3763 1676 3794 ι
1690 3744 1778 3795 deinde
1792 3756 1823 3793 ex
1835 3741 1880 3792 im-

1106 3868 1203 3935 proriso
1211 3866 1300 3930 pileum
1311 3860 1459 3914 Lucumonis
1472 3854 1547 3919 capiti
1559 3855 1615 3917 apte
1627 3854 1656 3900 ut
1670 3853 1727 3900 ante
1736 3861 1822 3897 rursus
1833 3845 1880 3895 im·

1106 3972 1197 4039 posuit.
1231 3971 1343 4033 Curaque
1370 3966 1397 4017 id
1416 3960 1554 4028 pmdigium
1573 3954 1686 4007 omnibus
1707 3950 1880 4001 admirandum

1107 4082 1133 4131 et
1142 4080 1230 4144 prmter
1242 4074 1381 4140 opinionem
1394 4065 1558 4132 apparuisset,
1578 4056 1728 4111 Lucumonis
1740 4068 1814 4115 uxor,
1831 4068 1880 4104 no·

1106 4186 1171 4237 mine
1181 4179 1313 4246 Tanaquil,
1330 4192 1345 4227 a
1361 4172 1493 4225 maioribus
1501 4172 1628 4221 Etruscum
1644 4161 1812 4226 auspiciorum
1827 4160 1881 4212 dis·

1107 4282 1221 4347 ciplinam
1243 4278 1305 4327 bene
1320 4274 1426 4331 edocta,
1442 4269 1524 4333 ipsum
1546 4275 1656 4316 seorsum
1672 4259 1808 4310 abductum
1827 4271 1881 4308 am·

1107 4391 1205 4457 plcxata
1216 4391 1262 4447 est,
1274 4387 1301 4435 et
1309 4382 1401 4446 optima
1411 4391 1509 4444 sperare
1526 4374 1598 4426 iussit
1607 4376 1734 4433 tamquam
1742 4383 1774 4419 ex
1786 4368 1883 4432 privata

1109 4498 1205 4548 iortuua
1221 4492 1253 4543 ad
1266 4490 1357 4555 regiam
1372 4488 1519 4551 potestatem
1534 4496 1679 4533 erasurum.
1705 4478 1786 4531 suasit
1798 4477 1882 4527 temen

264 1503 308 1561 καὶ
323 1498 466 1564 παιδεύσας
479 1500 638 1578 ἀμφοτέρους
651 1491 812 1562 Ἑλληνικήν
827 1513 855 1548 τε
872 1489 917 1548 καὶ
931 1493 1037 1567 Τυρρη-

264 1588 338 1661 νικὴν
350 1586 485 1659 παιδείαν,
505 1587 541 1651 εἷς
563 1584 658 1663 ἀνδρας
677 1583 792 1639 ἐλθοῦσιν
812 1581 899 1644 αὐτοῖς
914 1581 1040 1655 γυναῖκας

264 1679 360 1737 ἐκτῶν
378 1671 590 1753 έπιρανεστάτων
614 1668 691 1727 οίκων
714 1664 856 1743 λαμόοίνει.

215 1802 239 1839 ,5
304 1763 420 1825 XLVII.
445 1759 498 1821 Καὶ
521 1761 578 1836 μετ’
596 1758 625 1815 οὗ
650 1754 732 1814 πολθν
754 1754 847 1834 χρόνον
865 1758 879 1812 δ
900 1751 947 1828 μέν
972 1776 1037 1831 πρε-

269 1852 393 1931 εθύτερος
425 1852 504 1908 αὐτοῦ
542 1850 593 1905 τῶν
621 1841 720 1902 παίδων
756 1844 828 1920 γένος
861 1841 932 1900 οὐδέν
959 1864 1041 1899 κατα-

265 1940 349 2000 λιπών
370 1936 482 2016 ἐμρανές
505 1932 682 2003 ἀποθνήσκει,
698 1930 743 1988 καὶ
759 1928 815 2007 μετ’
838 1929 927 2005 ὀλίγας
941 1927 1041 2008 ἡμέρας

267 2029 344 2094 αὐτὸς
367 2030 381 2083 θ
404 2022 562 2102 Δημάρατος
585 2018 635 2078 θπδ
657 2017 743 2090 λύπης
769 2019 878 2096 τελευτᾷ
911 2015 1039 2091 κληρονό-

268 2140 316 2191 μον
339 2113 441 2186 διποίσης
457 2114 504 2183 τῆς
521 2110 609 2175 ούσίας
624 2108 668 2166 τδν
682 2104 897 2187 περιλειπόμενον
913 2107 965 2161 τῶν
978 2101 1041 2161 παί-

214 2232 242 2271 20
268 2207 318 2264 δων
343 2202 491 2279 Λοκόμωνα
510 2196 671 2258 καταλιπών·
698 2193 725 2262 δς
747 2191 911 2272 παραλαδὼν
926 2193 970 2250 τθν
992 2215 1043 2250 πα·

267 2291 355 2370 τρικδν
374 2293 485 2349 πλοῦτον
509 2285 592 2365 μέγαν
616 2283 698 2356 ὄντα,
728 2279 912 2340 πολιτεύεσθαί
938 2303 967 2338 τε
996 2278 1042 2337 καί

267 2383 302 2440 τά
326 2378 400 2440 κοινδι
433 2376 558 2458 πρέπειν
591 2374 634 2433 καλ
661 2374 688 2431 ἐν
714 2374 767 2439 τοῖς
791 2369 903 2448 πρώτοις
930 2371 983 2426 τῶν
1011 2367 1042 2426 ἀ·

270 2473 338 2529 στῶν
363 2459 429 2527 εἶναι
458 2462 603 2543 προῄρητο.
672 2458 891 2533 ’Λπελαυνόμενος
913 2454 941 2514 δέ
973 2476 1043 2512 παν-

166 2601 168 2605 -
270 2556 380 2637 ταχόθιν
394 2554 444 2615 ύπδ
458 2556 509 2612 τῶν
534 2547 696 2631 ἐπιχωρίων,
714 2547 760 2606 καί
783 2548 832 2624 οὐχ
850 2544 921 2610 ὅπως
942 2545 969 2601 ἐν
987 2549 1043 2607 τοῖς

216 2673 245 2713 ια
271 2644 383 2726 πρώτοις
395 2640 597 2723 ἀριθμούμενος,
613 2635 670 2695 ἀλλ’
681 2636 735 2695 οὐδ’
749 2636 776 2692 ἐν
789 2637 841 2699 τοῖς
857 2630 955 2708 μέσοις,
970 2632 1044 2689 ἀνια-

272 2739 322 2817 ρῶς
343 2732 419 2814 έρερε
438 2729 486 2801 τῆν
501 2725 618 2804 ἀτιμίαν.
661 2722 774 2785 ’Λκούων
799 2722 825 2780 δέ
840 2721 901 2799 περὶ
918 2724 965 2792 τῆς
978 2719 1044 2778 ‘Pm-

272 2822 357 2901 μαίων
369 2819 484 2892 πόλευις,
494 2819 533 2875 ότι
544 2817 644 2880 πάντας
657 2812 777 2889 ἀσμένως
790 2808 973 2888 ὑποδεχομένη
984 2805 1044 2874 τοὺς

272 2910 356 2979 ξίνους
371 2905 464 2973 ἀστούς
481 2909 595 2965 ποιεῖται
610 2902 655 2962 καὶ
674 2910 739 2980 τιμᾷ
754 2897 824 2958 κατδι
835 2898 883 2969 τὴν
899 2894 972 2963 ἀξίαν
987 2894 1045 2952 έκα·

271 3022 351 3073 στου,
373 3001 427 3057 ἐκεῖ
448 2995 651 3071 μετενέγκασθαι
666 2989 713 3060 τῆν
728 2986 828 3059 οἴκησιν
855 2984 939 3062 ἔγνον,
960 2983 994 3041 τό
1013 2983 1044 3041 ’τι

219 3108 246 3147 ευ
272 3087 400 3170 χρήματα
422 3084 509 3142 πάντα
536 3078 778 3153 συσκευασάμενος,
806 3073 851 3132 καί
876 3072 923 3144 riu
942 3071 1044 3147 γυναῖκ’

273 3176 432 3255 ἐπαγόμενος
455 3172 567 3232 καὶτῶν
583 3167 670 3228 ἄλλων
694 3166 775 3245 φίλων
796 3160 842 3220 καὶ
868 3157 970 3218 οἰκείων
984 3155 1044 3224 τοθς

276 3262 455 3344 βουλομένους·
473 3257 590 3336 ἐγένοντο
616 3253 638 3314 δ’
657 3256 681 3313 οἱ
706 3249 875 3327 συναπαίρειν
896 3248 967 3325 αὐτῷ
983 3267 1048 3324 προ-

275 3351 430 3426 θυμηθέντες
453 3347 553 3427 συχνοί,
594 3343 643 3410 Ὡς
673 3339 701 3399 δέ
727 3338 797 3399 κατδι
824 3335 854 3394 τὸ
887 3331 1047 3409 καλούμενον

274 3438 416 3500 Ἰανίκολον
434 3428 512 3508 ῆσαν,
536 3434 592 3493 ὅθεν
613 3438 630 3503 i,
645 3428 740 3504 Ῥώμη
763 3436 816 3492 τοῖς
831 3422 884 3481 ἀπθ
898 3418 1049 3508 Τυρρηνίας

223 3561 250 3598 se
276 3526 425 3609 ἀρχομένοις
446 3526 548 3601 πρῶτον
568 3524 710 3601 ἀφορᾶται,
731 3512 867 3578 καταπτδις
882 3510 955 3577 ἀετδς
978 3508 1050 3590 eipso)

276 3615 378 3676 καὶτὸν
398 3615 473 3672 πῖλον
496 3612 574 3669 αὐτοῦ
597 3608 641 3665 τὸν
667 3606 711 3665 ἐπὶ
725 3608 771 3675 τῆς
794 3602 911 3681 κειραλῆς
931 3597 1050 3674 κείμενον

279 3703 420 3786 ἀρπάσας,
443 3699 545 3769 ἀνέπτη
565 3696 646 3756 πόλιν
674 3693 730 3753 ἀνω
752 3690 822 3750 κατδι
842 3687 890 3759 τὴν
916 3686 1049 3764 ἐγκύκλιον

278 3792 385 3871 αἰώραν
405 3788 561 3871 φερόμενος,
585 3783 628 3843 καὶ
649 3784 685 3849 εἷς
704 3780 735 3840 τδ
756 3777 834 3857 βοίθος
854 3780 899 3835 τοῦ
916 3771 1050 3852 περιέχον-

277 3904 320 3947 τος
342 3879 415 3959 ἀέρος
430 3875 588 3954 ἀπέκρυψεν·
615 3869 695 3927 ἔπειτ’
723 3865 842 3944 έξαίρνης
861 3861 991 3929 ἐπιτίθησι
1014 3860 1052 3937 τῷ

225 3992 252 4033 to
279 3967 419 4044 Λοκόμωνι
436 3967 480 4025 τὸν
505 3964 580 4020 πῖλον
602 3960 646 4017 tet
668 3963 714 4028 τῆς
734 3955 849 4033 κιραλῆς
875 3948 994 4031 ἁρμόσας
1016 3952 1052 4015 ὡς

280 4054 404 4135 πρότερον
420 4053 551 4132 ἥρμοστο.
596 4049 761 4120 Θαυμαστοῶ
785 4039 812 4099 δὲ
840 4037 886 4097 καί
904 4033 1052 4115 παραδόξου

280 4150 348 4202 πᾶσι
370 4146 415 4199 τοῦ
433 4139 542 4216 σημείου
557 4135 692 4217 φανέντος,
709 4135 726 4202 ἡ
741 4128 806 4204 γυνὴ
821 4132 866 4185 τοῦ
880 4124 1051 4201 Λοκόμωνος,

282 4229 364 4305 ὄνομα
389 4224 549 4296 Τανακύλα,
578 4220 714 4300 ἐμπειρίαν
746 4213 840 4286 ἱκανὴν
870 4214 899 4270 ἐκ
930 4210 1052 4290 πατέρων

281 4319 379 4400 ἐχουσα
393 4319 439 4385 τῆς
449 4315 613 4392 ’Τυρρηνικῆς
628 4303 830 4383 οἰωνοσκοπίας,
841 4299 961 4358 λαθοῦσα
976 4299 1053 4375 μόνον

228 4434 255 4473 ss
282 4407 358 4469 αθτδν
382 4403 434 4462 ἀπὸ
456 4403 509 4459 τῶν
527 4398 654 4457 συνόντων
677 4391 817 4467 ἠσπάσατό
830 4412 858 4447 τε
880 4387 925 4447 καί
951 4389 1053 4464 ἀγαθῶν

281 4495 394 4557 ἐλπίδων
410 4490 569 4560 ἐνέπλησεν,
589 4489 624 4554 ὡς
643 4483 670 4552 ii
690 4484 822 4551 ἰδιωτικῆς
836 4478 919 4557 τύχης
933 4477 968 4541 εἰς
981 4474 1051 4543 ἐξου·

283 4586 342 4645 σίαν
357 4579 495 4663 βασιλικὴν
518 4574 699 4651 ἐλευσόμενον.
748 4570 862 4630 Σκοπεῖν
884 4563 974 4642 μέντοι
993 4585 1054 4620 συν·

283 4673 418 4733 εώούλευιν
433 4668 503 4734 ὅπως
516 4666 581 4744 παρ’
597 4661 708 4721 ἑκόντων
720 4657 834 4737 λήψεται
848 4651 990 4729 Ῥωμαίων
1005 4649 1053 4723 τλν

283 4761 433 4841 ἡγεμονίαν,
451 4757 521 4826 ἄξιον
534 4757 581 4826 τῆς
595 4754 672 4828 τιμῆς
682 4747 779 4817 ταύτης
789 4742 880 4802 tessal
894 4736 1052 4818 παρασχών.

231 4872 259 4911 tt
325 4849 452 4910 XLVlll.
470 4843 504 4904 Ὁ
525 4842 551 4900 δέ
571 4836 716 4920 περιχαρὴς
731 4837 769 4913 τῷ
788 4829 888 4909 σημείῳ
906 4826 1052 4907 γενόμενος,

285 4935 376 5005 έπιιδὴ
396 4943 453 4998 ταῖς
475 4931 570 4996 πύλαις
587 4928 638 5001 ῆδη
654 4922 826 5000 συνήγγιζεν,
846 4915 982 4995 εθὶἀμενος
1003 4921 1057 4979 τοῖς

287 5028 353 5088 θεοῖς
359 5022 465 5091 ἀπιτελῆ
475 5017 594 5097 γενέσθαι
605 5015 639 5074 τὰ
651 5008 825 5091 μαντεύματα
835 5007 879 5065 καὶ
890 5007 936 5064 σύν
948 5005 1056 5080 ἀγαθαῖς

287 5109 409 5169 εἰσελθεῖν
422 5106 529 5187 τύχαις,
555 5105 686 5184 παρῆλθεν
702 5103 738 5164 εἰς
755 5097 802 5167 τῆν
819 5095 904 5154 πόλιν·
919 5092 964 5150 καὶ
988 5088 1056 5166 μετδι
1080 5142 1081 5145 ,

287 5203 363 5257 τοῦτο
373 5192 500 5253 συνελθὼν
511 5191 642 5268 ιέςλόγους
654 5183 768 5267 Μαρκίῳ
783 5187 821 5262 τῷ
831 5180 945 5262 βασιλεῖ,
953 5182 1055 5256 πρῶτον

1109 4613 1138 4661 ut
1151 4619 1251 4672 operam
1262 4602 1333 4654 daret
1344 4599 1475 4663 imperinm
1486 4600 1514 4646 ul
1525 4609 1541 4646 a
1556 4594 1672 4646 Romanis
1682 4590 1824 4642 volentibus
1833 4587 1880 4637 im-

1110 4718 1234 4785 petraret,
1247 4728 1276 4766 se
1288 4727 1318 4765 eo
1334 4711 1429 4761 honore
1439 4706 1541 4769 dignum
1551 4705 1682 4767 praetem.

1142 4830 1252 4880 ltLillli.
1271 4824 1315 4875 llie
1336 4834 1395 4871 vcro
1414 4820 1488 4870 lmtue
1503 4830 1533 4867 eo
1553 4811 1681 4877 prodigio,
1701 4822 1758 4858 cum
1780 4808 1828 4857 iam
1851 4804 1884 4854 ad

1112 4920 1207 4983 portam
1227 4912 1364 4972 accederet,
1387 4908 1448 4960 deos
1460 4908 1575 4972 precatus
1590 4904 1621 4951 ut
1640 4899 1666 4949 id
1682 4896 1820 4960 auspicium
1840 4906 1883 4942 ra·

1111 5010 1165 5056 tum
1176 5004 1284 5054 iacerent
1296 5011 1418 5063 suumque
1430 4994 1556 5046 introitum
1571 4990 1735 5047 tertunarent,
1752 4987 1787 5035 ita
1798 4981 1885 5032 urbem

1111 5095 1149 5142 est
1170 5092 1294 5152 ingressus
1309 5099 1316 5130 a
1337 5088 1363 5136 et
1374 5085 1476 5147 postea,
1496 5094 1553 5130 cum
1572 5077 1598 5127 in
1614 5072 1763 5134 colloquium
1777 5068 1885 5119 venisset

1112 5191 1168 5229 cum
1186 5189 1243 5240 rege
1254 5173 1360 5231 Marcio,
1374 5171 1482 5235 primum
1498 5162 1632 5216 declararit
1641 5158 1783 5225 quisesset,
1796 5153 1886 5207 deiruie
