4070 5926
648 372 943 449 ANTIQUII'A'I'UM
964 372 1111 437 ROMAN.
1124 375 1209 441 ΗΒ.
1234 378 1312 440 VIII.

140 503 359 588 καταλειφθέντες
371 507 398 565 Iu
411 507 451 587 τῷ
465 504 637 586 στρατοπέδῳ
656 504 705 568 at<
724 505 809 572 πύλας
823 505 922 562 ἀναπε-

140 598 270 664 τάσαντες
283 593 424 673 ἐξέδραμον
440 594 531 673 ἀθρόοι
544 592 613 653 κατὰ
629 592 715 653 πολλὰ
730 593 809 672 μέρη,
823 591 923 670 γίνεταί

141 710 172 746 τε
189 687 275 746 αὐτῶν
288 681 466 762 παλίντροπος
480 685 498 755 ἡ
511 682 603 761 μάχη·
617 684 641 741 οί
657 682 705 760 μέν
721 683 772 764 γὰρ
787 680 923 750 διώκοντες

143 773 268 851 ἔφευγον,
280 776 305 832 ot
317 771 345 831 δί
360 770 499 851 φεύγοντες
512 769 631 831 ίδίωκον.
673 767 759 832 Ἔνθα
769 770 862 832 πολλοὶ
877 770 923 830 καὶ

103 874 115 911 ¹³
144 866 239 941 ἀγαθοὶ
252 858 397 935 Ῥωμαίων
420 860 595 933 θνήσκουσιν,
617 848 661 920 οία
675 859 762 931 εἰκός,
778 857 923 937 ὠθούμενοι

144 951 213 1011 κατδ
226 955 343 1032 πρανοῦς
355 947 455 1029 χωρίου
470 946 516 1006 καί
528 948 580 1008 ὑπὸ
593 948 700 1009 πολλῶν
712 949 796 1026 ὀλίγον
809 951 922 1008 κυκλω-

144 1040 239 1106 θέντες.
265 1037 378 1119 Ἀδελφθι
393 1035 534 1104 δί-τούτοις
550 1037 669 1117 ἔπασχον
682 1036 739 1096 όσοι
755 1037 819 1114 πρδς
834 1037 921 1097 σκῦλό

145 1129 232 1187 τεκαὶ
247 1126 369 1205 ἅρπαγδς
381 1127 543 1205 τραπόμενοι
553 1125 583 1185 τό
597 1128 624 1185 ἐν
636 1125 730 1206 κόσμῳ
743 1149 772 1186 τε
787 1125 833 1186 καί
852 1125 922 1196 τοίξει

144 1217 291 1297 ὑποχωρεῖν
307 1215 490 1297 ἀφῃρέθησαν·
501 1213 609 1292 καὶγὰρ
622 1206 693 1274 οὗτοι
708 1214 922 1297 καταληφθέντες

92 1312 118 1352 ¹⁰
145 1305 196 1364 ὑπὸ
208 1308 260 1363 τῶν
276 1305 428 1382 πολεμίων,
442 1306 467 1362 ot
487 1302 535 1381 μὲν
552 1305 725 1385 ίσφόγησαν,
741 1307 766 1364 οί
780 1305 805 1363 δ’
819 1305 921 1385 αἰχμαί-

144 1394 223 1453 λωτοι
240 1394 405 1472 ἐλήφθησαν.
446 1389 530 1454 Ὅσοι
543 1393 571 1451 δθ
588 1393 688 1452 τούτων
702 1415 732 1453 τε
746 1392 791 1452 καί
803 1397 855 1453 τῶν
868 1394 922 1454 ἀπό

144 1488 189 1541 τοῦ
209 1481 283 1563 όρους
303 1479 512 1562 ἀπαραχθέντων
527 1480 709 1553 διεσώθησαν,
730 1481 777 1562 όψί
792 1484 840 1553 τῆς
851 1481 922 1561 ὥρας

144 1574 196 1629 τῶν
207 1571 310 1631 ἱππίων
326 1574 413 1637 αὐτοῖς
431 1569 664 1642 ε’πιύοηθησόντων
683 1572 801 1641 ἀπῆλθον
818 1570 862 1629 ἐπὶ
875 1570 921 1629 τὸν

144 1660 265 1739 χοίρακα.
286 1658 391 1720 Ἐδόκει
399 1659 425 1717 τ’
440 1660 527 1727 αὐτοῖς
541 1656 721 1718 συλλαόέσθαι
733 1666 780 1720 τοῦ
794 1658 833 1737 μὴ
847 1683 921 1719 πασ-

86 1762 113 1803 lu
146 1750 205 1808 ουδί
216 1751 393 1829 διαφθαρῆναι
407 1745 509 1828 χειμὼν
527 1744 608 1814 πολὺς
618 1745 644 1816 ἒξ
659 1750 768 1828 ούρανοῦ
787 1772 919 1829 καταρρα-

143 1836 199 1914 γείς
207 1837 253 1896 καὶ
262 1837 390 1908 σκότος,ο
403 1859 430 1894 ον
443 1837 469 1894 ἐν
480 1842 536 1901 ταῖς
547 1834 664 1915 βαθείαις
674 1834 798 1916 θμίχλαις
812 1836 921 1914 γίνεται·

142 1927 224 1993 δτοῖς
238 1925 374 2002 πολεμίοις
388 1922 464 1984 όκνον
478 1927 526 1996 τῆς
540 1922 584 1985 eal
597 1922 676 1983 πλέον
692 1921 803 1992 διώξεως
819 1925 920 2006 παρίσ-

141 2038 190 2094 χεν
202 2017 232 2074 ού
248 2012 399 2092 δυναμένοις
412 2011 447 2073 τδ
460 2012 550 2095 πόρρω
561 2017 689 2092 καθορᾶν.
716 2015 760 2093 Τῇ
774 2013 797 2071 δ’
811 2014 920 2095 ἐπιούσῃ

142 2101 217 2162 νυκτί
232 2101 386 2174 ἀναστήσας
405 2099 454 2181 τὴν
469 2100 597 2182 στρατιδν
612 2104 627 2160 θ
641 2099 740 2169 θπατος
757 2103 845 2181 ἀπῆγε
858 2109 920 2184 σιγῇ

83 2220 112 2260 ω
145 2193 190 2252 καὶ
210 2194 237 2251 iu
252 2190 360 2272 κόσμῳ,
374 2192 464 2250 λαθεῖν
485 2190 544 2257 τοὺς
563 2188 704 2267 πολεμίους
720 2189 918 2273 προνοούμενος,

143 2282 190 2340 καὶ
199 2278 471 2360 κατεστρατοπέδευσε
482 2279 555 2360 παρὰ
565 2277 642 2339 πόλει
652 2277 783 2361 λεγομένῃ
798 2280 920 2362 Λογγόλη

141 2369 203 2452 περὶ
217 2368 305 2440 δείλην
315 2368 402 2449 ὀψίαν,
413 2366 527 2447 γήλοφον
540 2367 632 2427 ίκανδν
648 2367 747 2448 ἐρύκειν
758 2368 818 2436 τοὺς
832 2370 919 2428 ἐπιόν-

141 2480 190 2525 τας
204 2455 387 2535 ίκλεξιίμενος.
414 2454 497 2515 ΙἜνθα
510 2454 648 2532 ὑπομένων
662 2455 720 2522 τούς
732 2478 761 2513 τε
776 2457 827 2515 θπθ
839 2481 919 2536 τραυ-

143 2547 236 2624 μοίτων
249 2546 397 2623 κάμνοντας
410 2541 536 2604 ἀνεκτᾶτο
546 2545 706 2624 θεραπείαις,
720 2545 766 2603 καὶ
779 2545 839 2613 τοὺς
853 2549 920 2621 ἀδη-

82 2661 110 2700 ας
143 2640 288 2712 μονοῧντας
313 2633 358 2692 tat
383 2638 417 2715 τῇ
444 2632 586 2715 παραδόξῳ
611 2639 658 2694 τοῦ
683 2633 782 2702 πόθους
805 2635 918 2718 αἰσχύνῃ

143 2719 378 2799 παραμυθούμενος
393 2719 573 2797 ἀνελοίμύανε.

183 2810 342 2871 LXXXVI.
374 2808 506 2884 Ῥωμαῖοι
529 2806 577 2885 μθν
597 2796 642 2867 ούν
669 2809 696 2866 έν
721 2806 821 2877 τούτοις
842 2802 919 2883 ἦσαν·

144 2899 308 2959 Οὐολοῦσκοι
326 2897 371 2973 il,
383 2896 474 2969 ἐπειδὴ
497 2898 586 2977 ἡμέρα
600 2899 627 2954 τ’
642 2896 763 2975 ἐγένετο,
778 2897 824 2957 καί
838 2898 920 2980 ίγνω-

143 3012 193 3047 σαν
208 2987 268 3055 τοὺς
281 2986 424 3064 πολεμίους
439 2984 625 3053 ίκλελοιπότας
648 2987 692 3044 τὸν
711 2986 836 3067 χόρακα,
852 3011 920 3069 προ-

82 3104 113 3146 30
145 3075 279 3142 σελθύντες
306 3073 614 3153 κατεστρατοπέδευσαν.
669 3076 865 3144 Σκυλεύσαντες
892 3078 918 3137 δέ

143 3163 203 3232 τοθς
218 3167 271 3223 τῶν
293 3161 428 3239 πολεμίων
447 3161 553 3242 νεκροὺς
575 3164 621 3222 καί
637 3162 696 3231 τοὺς
709 3167 867 3242 ἡμιθνῆτας,
881 3156 919 3235 οἷς

144 3253 310 3324 σωθήσεσθαι
326 3252 400 3319 ἐλπὶς
416 3242 464 3324 ἦν,
480 3252 632 3330 τἰνελόμενοι
649 3251 734 3334 ταφοίς
748 3276 778 3312 τε
799 3254 921 3326 ποιητοί-

145 3365 219 3419 μενοι
233 3347 285 3401 τῶν
298 3339 431 3423 σφετέρων
454 3343 553 3421 νιιιρῶν
568 3342 604 3408 είς
629 3339 678 3412 τὴν
695 3341 832 3422 ἐγγυτάτω
845 3343 922 3403 πολιν

143 3432 247 3493 Ἄντιον
262 3430 414 3501 ἀνέζευξαν·
429 3430 491 3490 ἔνθα
506 3432 687 3500 παιανίζοντες
701 3433 745 3491 ἐπὶ
758 3437 792 3512 τῇ
804 3433 863 3514 νίκῃ
876 3435 922 3494 καὶ

81 3548 112 3589 ab
145 3522 248 3587 θύοντες
263 3522 289 3578 ἐν
302 3518 401 3579 ἅπασιν
412 3521 491 3600 ίιροῖς
502 3521 538 3586 είς
549 3518 688 3585 εὐπαθείας
701 3518 747 3577 καὶ
758 3521 853 3590 ήδονδις
864 3531 921 3591 ταῖς

145 3608 203 3681 ίξῆς
224 3608 334 3688 ἡμέραις
353 3609 506 3690 ἐτράποντο.
551 3610 586 3668 Εἰ
603 3610 651 3685 μὲν
670 3597 714 3665 ούν
730 3609 774 3666 ἐπί
794 3614 841 3681 τῆς
862 3610 922 3671 τότε

143 3698 220 3770 νίκης
235 3698 368 3775 διέμειναν
383 3699 428 3758 καὶ
446 3698 528 3775 μηδὲν
540 3695 774 3776 ίπεξειργοίσαντο,
792 3696 872 3757 καλόν
889 3699 921 3758 ἂν

143 3791 233 3854 αὐτοῖς
246 3784 345 3869 εἰλήφει
361 3788 461 3855 τελοςθ
480 3784 562 3865 ἀγών.
607 3784 738 3863 Ῥωμαῖοι
753 3786 804 3868 γδρ
826 3791 873 3848 οὐκ
889 3790 921 3848 δν

139 3877 289 3954 ὑπέμειναν
302 3874 342 3935 ίτι
356 3877 492 3956 προελθεῖν
506 3879 536 3934 ἐκ
550 3880 597 3937 τοῦ
610 3875 728 3958 χάρακος
743 3877 786 3937 ἐπί
802 3881 920 3964 πολέμῳ,

79 3987 111 4027 au
142 3969 290 4047 ἀγαπητῶς
309 3966 333 4024 δ’
349 3963 380 4025 θν
396 3967 513 4038 ἀπῆλθον
528 3966 559 4023 ἐκ
574 3968 622 4036 τῆς
636 3965 765 4041 πολεμίας
783 3968 920 4046 κρείττονα

142 4060 192 4115 τοῦ
206 4053 339 4135 προδήλου
352 4053 466 4113 θανοίτοιι
480 4053 530 4124 τὴν
541 4051 631 4121 ἄδοξον
643 4052 807 4132 ἡγησάμενοι
822 4058 918 4138 φυγήν.

141 4148 202 4208 Νῦν
216 4144 244 4203 δὲ
259 4148 307 4204 τοῦ
325 4143 444 4211 πλείονος
464 4141 616 4222 ὀρεγόμενοι
629 4140 675 4201 καί
690 4140 739 4214 τὴν
751 4145 782 4201 ἐκ
796 4148 842 4215 τῆς
853 4169 920 4228 προ.

142 4234 222 4315 τέρας
239 4233 312 4303 νίκης
327 4231 404 4300 δόξαν
420 4230 555 4291 ἀπέύαλον
611 4230 758 4300 ’νίκούοντες
774 4233 826 4314 γὰρ
847 4235 921 4315 παροί

141 4346 173 4384 τε
188 4319 366 4381 κατασκόπων
388 4319 433 4378 καί
447 4323 499 4379 τῶν
515 4322 544 4378 ἐκ
565 4327 611 4380 τοῦ
632 4320 751 4399 χάρακος
771 4322 921 4403 ἀποδεδρα-

75 4438 109 4479 as
136 4405 248 4488 πότων,
273 4411 314 4471 ότι
337 4411 435 4485 κομιδῆ
456 4413 481 4467 τ’
503 4408 568 4468 είσίν
587 4411 611 4468 οί
627 4408 752 4478 σωθέντες
777 4409 921 4488 Ῥωμαίων

140 4500 227 4580 ὀλίγοι
235 4508 247 4573 ,’
261 4498 307 4558 καί
327 4495 427 4557 τούτων
446 4499 471 4557 ot
485 4498 591 4565 πλείους
616 4498 794 4579 τραυματίαι,
819 4502 921 4575 πολλὴν

142 4579 230 4648 obtrita
246 4586 405 4660 ἐποιήσαντο
423 4587 635 4670 καταφρόνησιν,
661 4590 707 4648 καὶ
733 4589 828 4649 αὐτίκα
851 4590 921 4650 ὅπλα

139 4675 312 4756 ἁρπάσαντες
324 4676 394 4735 ἔθεον
410 4677 452 4737 ίπ’
467 4677 571 4745 αὐτούς.
615 4676 690 4737 Πολὺ
713 4678 740 4735 δέ
756 4679 801 4736 καὶ
817 4678 847 4736 τὸ
860 4678 919 4737 ἄνα·

138 4767 212 4825 πλον
228 4767 313 4833 αύτοῖς
337 4768 367 4825 Is
390 4770 438 4838 τῆς
461 4767 563 4834 πόλεως
586 4765 675 4824 είπετο
698 4763 768 4824 κατδι
786 4764 846 4823 θέαν
873 4770 921 4824 τοῦ

67 4870 102 4927 ’ω
141 4856 263 4934 ἀγῶνος,
284 4855 329 4913 καὶ
341 4854 388 4931 ἅμ’
398 4856 440 4937 ἔφ’
455 4856 579 4936 ἁρπαγήν
590 4877 619 4913 τε
634 4857 679 4913 καὶ
691 4854 831 4934 ὠφέλειαν.
843 4853 921 4914 Ἐπεί

138 4943 170 5003 al
185 4942 377 5021 προσόαλόντες
388 4948 427 5025 τῷ
437 4945 510 5027 λόφῳ
523 4945 568 5003 τόν
578 4965 608 5001 τε
618 4942 727 5023 χάρακα
742 4944 918 5023 περιίσιηταν

137 5032 187 5092 καί
209 5031 243 5089 τδι
258 5032 501 5112 περισταυρώματα
523 5034 638 5091 διασπᾶν
659 5030 829 5110 ίπεχείρουν,
845 5033 920 5108 πρῶ·

135 5144 182 5181 τοι
196 5121 245 5199 μίν
257 5122 282 5179 οἱ
296 5124 348 5179 τῶν
362 5120 506 5197 Ῥωμαίων
520 5123 610 5186 ίππεῖς
624 5119 698 5188 πεζοί
713 5119 861 5199 μαχόμενοι
876 5120 919 5179 δεδι

134 5210 188 5284 τὴν
202 5215 250 5272 τοῦ
267 5210 367 5290 χωρίου
381 5210 460 5292 φύσιν
483 5210 626 5292 ίξέδραμον
642 5207 685 5268 ἐπ’
700 5208 807 5276 αὐτούς·
823 5207 918 5269 ἔπειτα

249 5319 364 5359 monnau.

1695 378 1757 440 tls

977 513 1072 577 portis,
1093 516 1204 567 contentu
1221 517 1318 581 agmine
1336 516 1413 567 uariis
1426 524 1457 566 es
1478 514 1591 581 partibus
1603 516 1757 581 eruptlunem

978 611 1106 663 lecerunt:
1120 614 1249 679 proelttque
1263 617 1364 667 fortuna
1373 614 1576 678 mutataest,qui
1590 614 1657 666 enlm
1669 630 1756 682 perse·

977 710 1116 772 quebantur
1128 711 1271 776 fugiebant,
1288 716 1315 764 et
1330 713 1376 777 qui
1389 711 1517 778 fugiebant
1533 713 1755 777 persequebantur.

978 805 1016 856 lbi
1033 807 1106 858 multi
1120 810 1147 859 et
1165 807 1244 861 tortos
1255 810 1359 861 Romani
1375 813 1421 873 (ut
1431 809 1566 861 verisimile
1582 809 1638 873 est)
1649 810 1757 875 perlusa

978 902 1085 956 declina
1093 906 1174 971 pulsi,
1187 912 1212 958 et
1222 907 1296 973 pauci
1305 924 1320 959 a
1328 908 1415 960 multis
1426 909 1592 960 circumventi
1604 909 1755 961 ceciderrmt.
1791 926 1795 935 ·

977 1003 1069 1056 liudem
1086 1004 1160 1055 modo
1176 1005 1276 1056 tractati
1288 1009 1347 1057 suut
1363 1005 1381 1055 ii
1398 1005 1505 1071 quibus,
1526 1005 1558 1056 acl
1572 1006 1649 1070 spolia
1669 1010 1696 1057 et
1715 1016 1757 1059 ra·'

977 1101 1048 1165 pluas
1061 1102 1202 1164 conuersIs,
1218 1102 1322 1154 facultas
1333 1115 1389 1154 sese
1401 1103 1508 1155 servatis
1521 1103 1651 1155 ordinibus
1666 1108 1693 1155 et
1704 1104 1757 1157 acio

976 1200 1098 1253 instructa
1121 1201 1255 1267 repriendi
1279 1204 1364 1266 erepta
1387 1205 1434 1253 est.
1475 1204 1537 1253 llam
1562 1203 1590 1253 bi
1607 1218 1708 1269 quoque
1723 1194 1756 1256 ab

976 1299 1091 1350 hostibus
1102 1299 1227 1364 oppressi,
1239 1301 1329 1365 partim
1337 1300 1404 1360 orest,
1418 1301 1509 1365 partlm
1520 1301 1585 1366 capti
1594 1306 1660 1354 sunt.
1675 1300 1756 1362 Quotss

977 1400 1040 1462 quot
1054 1400 1154 1461 autem,
1169 1398 1206 1448 uel
1221 1397 1324 1460 borum,
1341 1397 1382 1448 vel
1395 1397 1505 1459 illorum,
1515 1397 1559 1462 qui
1573 1397 1605 1451 de
1619 1404 1701 1452 munte
1710 1401 1755 1452 de·
1800 1378 1803 1383 ἱ

977 1495 1042 1559 pulsi
1056 1497 1135 1555 erant,
1150 1493 1288 1546 incolumes
1297 1498 1438 1557 euaserunt,
1452 1508 1532 1560 quum
1543 1509 1599 1547 seru
1629 1498 1757 1565 suppetias

977 1593 1103 1655 equitatus
1115 1590 1163 1642 illis
1175 1590 1287 1655 tuIIsset,
1307 1592 1334 1642 in
1347 1595 1429 1643 castra
1448 1592 1586 1643 redierunt.
1618 1595 1655 1644 lte
1671 1600 1755 1647 autem

977 1688 1141 1741 internecione
1161 1688 1311 1748 ductantur,
1327 1690 1412 1753 iugens
1430 1689 1512 1741 imber
1530 1690 1629 1741 coeIItus
1641 1690 1755 1756 delatus,

977 1787 1003 1835 et
1015 1783 1109 1849 caligo,
1124 1783 1206 1850 quails
1216 1798 1272 1836 esse
1284 1786 1348 1837 solet
1366 1785 1392 1836 iu
1408 1764 1564 1837 densissimis
1580 1785 1693 1849 nebuIIs,
1712 1802 1756 1841 eos

977 1881 1102 1934 adiuvisse
1113 1882 1244 1934 uidebatur
1262 1896 1269 1927 τ
1286 1896 1342 1947 quae
1352 1896 1394 1935 res
1405 1882 1516 1934 reddidi
1535 1883 1620 1935 hostes
1631 1886 1756 1950 οεμιιῖοτοε

976 1980 1008 2031 ad
1023 1980 1129 2031 ulterius
1149 1980 1364 2045 persequendum,
1390 1981 1448 2046 quia
1467 1981 1599 2032 remotiora
1618 1983 1756 2049 prospicere

977 2089 1025 2126 uon
1041 2077 1163 2140 poterant.
1180 2075 1321 2139 Insequenti
1330 2079 1402 2126 nocte
1411 2077 1496 2127 consul
1506 2077 1581 2129 motis
1594 2082 1683 2132 castris
1698 2095 1755 2133 cum

977 2173 1075 2225 silerum
1088 2176 1114 2224 et
1126 2173 1179 2223 acie
1197 2174 1320 2224 instructa
1338 2173 1416 2235 abiit,
1428 2187 1459 2225 eo
1479 2176 1594 2237 consiliu,
1614 2181 1643 2228 ut
1656 2179 1755 2232 hostem

976 2271 1073 2332 lateret,
1088 2271 1115 2321 et
1127 2270 1176 2321 sub
1191 2271 1360 2336 uespertinum
1375 2274 1549 2336 crepusculum
1569 2278 1652 2326 cosma
1665 2276 1697 2327 ad
1708 2292 1753 2343 op·

976 2364 1061 2429 pidum
1076 2364 1211 2429 Longulam
1225 2367 1316 2431 posuit,
1329 2365 1424 2417 tumulo
1436 2366 1524 2418 idoneo
1535 2367 1568 2419 ad
1583 2368 1635 2419 vim
1646 2371 1754 2424 trosIIum

976 2457 1109 2508 arcendam
1125 2457 1230 2513 delecto.
1264 2458 1302 2508 lbi
1329 2457 1481 2523 subsistens,
1505 2462 1532 2510 et
1559 2460 1698 2514 laborantes
1722 2479 1754 2516 ex

975 2549 1119 2601 uulneribus
1137 2549 1248 2600 curando
1265 2528 1409 2610 reficiebat,
1428 2553 1455 2601 et
1470 2555 1573 2603 mestos
1584 2554 1617 2603 ob
1628 2559 1754 2620 acceptam

975 2643 1108 2710 inopinata
1127 2642 1205 2694 cludis
1215 2642 1371 2708 ignominiam
1383 2643 1531 2697 consolando
1546 2647 1682 2701 recreabat.

1007 2819 1136 2869 bltllllvl.
1154 2819 1214 2868 llaec
1235 2816 1308 2881 igliur
1333 2819 1386 2869 erat
1402 2819 1570 2871 Romanorum
1594 2821 1708 2883 fortuna,
1728 2829 1754 2875 at

978 2906 1074 2969 volscI,
1092 2919 1171 2969 quum
1189 2905 1243 2956 dies
1254 2905 1392 2967 illuxisset,
1413 2909 1440 2958 et
1451 2908 1754 2964 castraadbostibusde-

978 2998 1045 3047 serta
1056 2994 1237 3058 cognovissent,
1254 2997 1335 3046 castra
1345 3000 1529 3060 pmmoverunt.
1539 2998 1655 3063 SpoliatIs
1671 3005 1755 3054 autem

977 3085 1087 3136 bostium
1100 3084 1275 3147 cadaueribus,
1290 3085 1447 3150 sublatisque
1461 3086 1633 3152 seminecibus,
1644 3087 1676 3140 de
1688 3103 1754 3152 quo·

977 3189 1032 3227 rum
1048 3174 1127 3225 salute
1143 3177 1278 3239 sperarat,
1301 3175 1404 3239 aulaque
1420 3176 1556 3239 sepulture
1576 3175 1713 3239 mandatis,
1727 3193 1755 3232 se

977 3265 1002 3315 in
1020 3263 1158 3329 proximam
1173 3262 1261 3313 urbem
1283 3262 1384 3313 antium
1405 3267 1565 3328 receperuut3
1582 3265 1626 3315 ubi
1640 3272 1756 3320 mneritas

976 3366 1062 3417 paeana
1076 3352 1109 3403 ob
1122 3354 1222 3417 partam
1234 3351 1374 3412 uictorlum,
1388 3355 1414 3401 et
1437 3351 1462 3401 iu
1478 3352 1593 3403 omnibus
1606 3355 1702 3419 templis
1711 3371 1754 3408 sa-

977 3442 1068 3493 criticia
1086 3441 1219 3500 lactentes,
1234 3452 1280 3504 per
1292 3439 1386 3505 aliquot
1403 3438 1458 3491 (iles
1473 3441 1653 3506 epulationibus
1667 3450 1692 3496 et
1707 3462 1754 3499 ro·

977 3529 1114 3594 luptathus
1127 3542 1154 3579 se
1171 3526 1300 3578 dederuut.
1333 3528 1359 3580 Si
1375 3528 1452 3591 igitur
1463 3528 1511 3579 bac
1525 3530 1628 3582 ulctoria
1642 3536 1755 3588 contenti

977 3618 1095 3674 tuissent,
1110 3620 1136 3667 et
1149 3615 1211 3666 nihil
1224 3620 1345 3679 practerea
1360 3619 1514 3679 tentassent,
1530 3619 1680 3683 preclarum
1696 3623 1755 3674 lauic

976 3705 1041 3756 bello
1053 3704 1128 3754 sunem
1141 3703 1323 3767 impusulsseut.
1373 3706 1476 3755 Romani
1491 3707 1556 3756 enirn
1567 3708 1633 3760 baud
1648 3711 1754 3775 amplius

975 3793 1030 3844 ausi
1044 3795 1126 3843 esseut
1137 3805 1169 3842 ex
1177 3792 1265 3842 castris
1277 3792 1310 3843 ad
1319 3793 1434 3858 proelium
1448 3794 1547 3858 prodire
1561 3814 1567 3845 z
1579 3797 1753 3864 sedproeclare

975 3897 1061 3935 secum
1073 3883 1113 3948 agi
1125 3883 1272 3947 putassent,
1291 3882 1370 3934 sisibi
1382 3896 1414 3933 ea
1429 3883 1512 3934 hostili
1525 3898 1585 3949 agro
1593 3885 1713 3939 decedere
1724 3890 1755 3940 li·

976 3973 1081 4036 auisset,
1098 3971 1284 4037 ignomintosam
1297 3970 1382 4037 fugam
1397 3971 1529 4023 manifesta
1545 3978 1624 4025 morte
1634 3978 1754 4041 potiorem

974 4061 1130 4113 ducentibus.
1148 4063 1218 4111 Nunc
1235 4073 1295 4110 reru
1307 4059 1377 4124 plura
1388 4062 1550 4125 appetentes,
1564 4061 1666 4124 gloriam
1679 4066 1754 4119 etlam

975 4166 1006 4203 er
1028 4151 1155 4215 superiore
1174 4149 1280 4199 uictoria
1296 4153 1393 4214 partam
1411 4149 1556 4202 amiserunt.
1587 4152 1652 4204 llam
1669 4169 1749 4220 quum

975 4239 1103 4290 auellsseut
1112 4253 1144 4289 ex
1158 4238 1356 4303 exploratoribus
1366 4240 1549 4304 eltrunstugis,
1559 4243 1694 4307 Romanos,
1708 4247 1753 4310 qui

975 4327 1037 4378 salvi
1046 4328 1192 4391 euasissent,
1203 4340 1340 4392 perpaucos
1348 4340 1412 4387 esse,
1425 4329 1452 4376 et
1459 4325 1548 4377 luorum
1555 4328 1687 4395 plerosque
1696 4331 1752 4380 uul-

975 4421 1084 4475 neratus,
1110 4417 1183 4468 valde
1205 4431 1247 4468 eos
1268 4416 1469 4478 contemserunt,
1486 4419 1512 4467 et
1528 4415 1611 4467 subIto
1630 4420 1752 4483 correptis

975 4507 1320 4570 armisiueuspmcurrerunt.
1354 4505 1754 4570 Multiquoquclnermesexurbe

976 4594 1009 4646 ad
1021 4596 1162 4647 camurinis
1176 4594 1362 4660 spectaculum,
1373 4598 1400 4646 et
1412 4595 1486 4645 simul
1497 4595 1530 4645 ad
1540 4596 1637 4660 mplnas
1650 4600 1677 4646 et
1690 4610 1755 4661 prm·

975 4684 1033 4736 darn
1046 4699 1089 4736 eos
1099 4685 1178 4736 seculi
1188 4687 1255 4734 suut.
1271 4688 1355 4743 Quum
1365 4687 1450 4735 autem
1465 4683 1497 4734 ud
1507 4685 1630 4735 tumulum
1639 4685 1754 4738 οοεοιείε·

975 4778 1044 4837 seut,
1058 4779 1083 4825 et
1093 4774 1147 4837 ipsa
1160 4776 1242 4823 castra
1257 4786 1349 4823 corona
1361 4772 1510 4830 cinxissent,
1527 4775 1553 4822 et
1568 4771 1661 4822 uallum
1671 4772 1752 4825 uivu-

975 4863 1025 4914 lerc
1047 4864 1190 4927 caepissent,
1212 4862 1320 4926 pulmum
1342 4862 1447 4912 ltomani
1467 4862 1580 4925 equites,
1600 4860 1753 4925 pedibnsob

974 4951 1022 5004 loci
1042 4955 1157 5002 naturam
1173 4954 1324 5015 pugnantes,
1344 4951 1427 5001 ineos
1444 4950 1598 5014 eruptionem
1616 4950 1751 5002 lecerunt:

973 5040 1131 5104 deindepost
1147 5039 1194 5090 bos
1205 5040 1239 5099 ii,
1252 5039 1297 5102 qui
1308 5043 1429 5089 uocantur
1445 5038 1537 5100 triarii,
1552 5038 1663 5091 densatis
1683 5041 1751 5092 ordi·

974 5130 1055 5181 uibus.
1089 5130 1153 5180 Sunt
1170 5131 1254 5179 autem
1267 5127 1378 5179 ueterani
1391 5130 1510 5191 spectatae
1530 5126 1645 5192 ulrtutis,
1661 5128 1752 5193 quibus

974 5221 1115 5270 castrorum
1133 5216 1269 5269 custodiam
1283 5216 1458 5279 committunt,
1475 5216 1574 5281 quoties
1586 5217 1752 5334 acalaproeliurn
