4070 5926
640 439 931 516 ANTIQUH'ATUM
951 436 1101 500 ROMAN.
1126 442 1199 501 LlB.
1225 442 1275 501 lX.

166 583 323 668 ἀρχαιρέσια
340 580 419 661 μέχρι
440 582 485 638 τοῦ
501 580 561 635 καθ’
578 579 649 652 ἡμᾶς
661 576 756 654 χρόνου
773 574 834 652 δίχα
850 575 946 631 οίωνῶν

165 673 252 735 τεκαὶ
268 675 315 739 τῆς
329 669 413 740 ἄλλης
428 666 531 733 θττείας
545 665 651 738 ἀπάσης
665 667 693 723 αί
710 662 847 743 φυλετικαὶ
857 664 947 742 ψηφο-

161 756 284 832 φοροῦσιν
305 747 454 820 ίκκλησίαι.
500 745 575 820 λύπη
595 745 669 816 λύσις
692 748 795 830 ἐγίνετο
813 752 860 820 τῆς
882 747 942 808 τότε

162 836 347 919 κατασχούσης
363 841 484 919 ταραχῆς
498 835 547 908 τὴν
561 836 649 895 πόλιν.

124 955 135 989 ν
204 929 236 988 L·
261 925 313 987 Ιίαί
333 924 392 1002 μετ’
416 925 445 982 ού
461 923 529 984 πολὺ
544 922 670 1004 στρατιάς
689 922 774 985 ἐδόκει
796 922 942 1000 Ῥωμαίοις

164 1013 344 1094 καταγράφειν
355 1011 401 1072 καί
415 1010 474 1080 τοῦς
489 1012 605 1078 ὑπάτους
616 1013 759 1090 ἐκπέμπειν
779 1011 942 1094 ἀμφοτέρους

167 1103 210 1159 ἐπί
221 1125 249 1159 τε
263 1099 393 1167 Αἰκανούς
407 1100 454 1159 καί
467 1097 662 1167 Οὐολούσκους.
706 1098 837 1178 Δυνάμεις
851 1100 902 1180 γάρ
917 1098 943 1168 ἐξ

166 1188 296 1269 ἑκατέρων
310 1192 362 1246 τῶν
379 1191 459 1247 ἐθνῶν
482 1187 666 1262 ίξεληλυθέναι
685 1188 846 1269 ἠγγέλλοντο
861 1187 943 1269 μεγά-

164 1279 210 1336 λαι
236 1276 282 1336 καί
311 1275 483 1353 προνομεύειν
509 1275 570 1344 τοὺς
598 1276 742 1353 Ῥωμαίων
772 1278 939 1357 συμμάχους.

114 1383 139 1419 ¹0
167 1368 442 1445 Παρασκευασθεισῶν
471 1363 499 1425 δί
519 1368 571 1424 τῶν
601 1366 739 1444 δυνάμεων
770 1367 816 1426 σὺν
844 1366 942 1446 τάχει,

166 1449 286 1523 ίίοίντιος
298 1453 347 1532 μὲν
359 1457 482 1522 Αἰκανοῖς
496 1455 656 1535 πολεμήσων
672 1453 774 1536 ᾤχετο,
787 1453 900 1523 Ἄππιος
915 1453 943 1515 δί

165 1543 342 1611 Οὐολούσκοις
354 1544 445 1624 κλήρῳ
464 1542 637 1623 διαλαχόντες
650 1542 697 1608 τὰς
710 1545 805 1625 ἀρχάς.
837 1543 943 1616 Συνέόη

166 1631 193 1690 δέ
209 1636 262 1691 τῶν
285 1635 392 1693 ὑπάτων
409 1631 527 1712 ἑκατέρῳ
550 1633 584 1692 ‘cd
608 1634 697 1692 εἰκότα
717 1635 841 1715 πάσχειν·
858 1639 876 1707 ό,
895 1633 943 1712 μέν

165 1720 216 1802 γάρ
231 1726 268 1802 τῷ
289 1721 404 1802 ίίοῖντίιμ
422 1725 637 1800 προσνεμηθεῖσα
659 1724 771 1803 στρατιὰ
790 1726 839 1796 τὴν
862 1725 942 1784 lutei·

114 1823 137 1858 ¹¹⁸
165 1811 239 1871 κιιάν
253 1832 282 1868 τε
296 1809 342 1869 καί
358 1810 516 1891 μετριότητα
530 1816 577 1869 τοῦ
591 1810 684 1891 ἀνδρδς
697 1811 868 1890 ἀσπαζομένη
883 1812 944 1892 πρό-

165 1908 245 1975 θυμος
254 1889 286 1968 ἦν
302 1897 337 1961 εἰς
348 1895 433 1953 πάντα
446 1893 480 1953 τά
501 1897 698 1972 ίπιταττόμενα
711 1947 719 1971 ,
731 1904 776 1959 καὶ
790 1904 822 1960 τό
835 1906 944 1962 πλεῖστα

167 1986 371 2053 αὐτοκέλευστος
402 1986 528 2069 ὑφίστατο
553 1987 766 2066 κινδυνεύματα,
795 1987 873 2058 δοξαν
907 1994 945 2071 τῷ

166 2076 276 2153 ἡγεμόνι
289 2074 335 2134 καὶ
352 2074 435 2152 τιμὴν
454 2077 627 2154 πράττουσα,
648 2076 695 2136 καί
709 2076 826 2149 διεξῆλθε
842 2077 944 2150 πολλὴν

166 2169 213 2235 τῆς
225 2165 350 2225 Αἰκανῶν
368 2162 458 2245 χόιρας
480 2167 662 2237 λεηλατοῦσα,
687 2168 716 2225 ού
733 2165 891 2244 τολμώντων
907 2169 943 2236 εἰς

114 2269 142 2304 2⁰
168 2261 258 2332 χεῖρας
278 2253 361 2314 ίλθεῖν
380 2257 434 2313 τῶν
455 2252 605 2332 πολεμίων·
632 2253 658 2323 ίξ
679 2246 710 2327 ἧς
729 2255 835 2336 λάφυρα
857 2255 945 2315 πολλά

168 2339 214 2399 καί
225 2339 352 2420 ὠφελείας
367 2340 486 2419 μεγάλας
508 2342 650 2416 ίκτόσατο.
694 2344 796 2424 Χρόνον
813 2345 837 2402 δ’
853 2346 882 2403 οὗ
896 2366 944 2404 πο·

170 2431 215 2487 λὺν
230 2433 300 2512 ίντῇ
317 2432 434 2507 πολεμίᾳ
449 2431 612 2513 διατρίψασα
632 2436 722 2513 παρῆν
741 2435 777 2500 εἰς
799 2431 846 2505 τὴν
868 2432 945 2492 πόλιν

169 2517 272 2592 ἀπαθὴς
285 2525 391 2592 κακῶν,
405 2520 528 2601 λαμπρόν
544 2521 588 2582 ἐπὶ
599 2530 653 2590 τοῖς
666 2522 752 2602 ἔργοις
770 2523 815 2582 τὀν
831 2545 946 2603 στρατη·

168 2608 213 2687 γὸν
227 2609 338 2685 άγουσα.
380 2608 415 2670 Ἣ
427 2610 455 2669 δί
464 2612 502 2689 τῷ
515 2607 618 2691 Ἀππίῳ
633 2610 821 2681 συνεξελθοῦσα
835 2611 946 2689 δύναμις

114 2705 140 2740 εἰ
169 2694 241 2771 μίσει
264 2697 302 2775 τῷ
323 2693 388 2774 πρὸς
411 2695 489 2755 αὐτόν
510 2698 586 2756 πολλ’
603 2700 723 2779 θπιριῖδι
746 2702 798 2759 τῶν
813 2700 943 2782 πατρίων.

169 2783 211 2844 Τά
227 2807 255 2842 τε
270 2784 321 2864 γάρ
337 2784 393 2844 ἀλλ’
409 2787 602 2846 ίθελοκακοῦσα
617 2789 644 2846 ίν
657 2788 705 2868 όλῃ
717 2793 750 2867 τῇ
760 2789 886 2870 στρατείᾳ
900 2791 946 2849 καί

167 2873 332 2953 ὀλιγωροῦσα
346 2878 392 2933 τοῦ
407 2874 536 2952 ἡγεμόνος
554 2875 700 2950 διετέλεσε,
720 2877 766 2937 καὶ
782 2878 872 2950 ίπειδὴ
889 2876 945 2956 μά-

166 2966 261 3042 χεσθαι
285 2963 337 3020 ἔδει
362 2959 591 3041 τῇΟῦολούσκων
611 2974 724 3048 στρατιᾷ
750 2967 946 3026 κατασταθεῖσα

167 3049 217 3108 ὑπὸ
231 3053 283 3108 τῶν
297 3052 433 3128 ἡγεμόνων
448 3053 485 3119 εἰς
494 3050 566 3121 τάξιν
578 3055 626 3111 οὐκ
635 3053 732 3126 ἠξίωσε
746 3058 799 3122 τοῖς
810 3055 946 3134 πολεμίοις

112 3147 141 3183 ³⁰
168 3139 204 3205 εἰς
218 3145 309 3219 χεῖρας
325 3138 401 3198 ἰέναι·
417 3140 476 3197 ἀλλ’
491 3134 518 3197 οἵ
532 3162 560 3198 τε
580 3141 691 3220 λοχαγοί
712 3144 757 3201 καὶ
774 3145 797 3201 oi
810 3141 945 3224 πρόμαχοι

168 3226 269 3300 αὐτῶν,
286 3229 310 3286 οἰ
327 3226 374 3303 μέν
386 3226 420 3286 τά
434 3230 533 3306 σημεῖα
558 3228 697 3310 ῥίψαντες,
720 3234 743 3289 ol
764 3232 792 3291 δέ
808 3232 856 3303 τὴν
871 3232 945 3302 τάξιν

168 3315 405 3392 ίγκαταλιπόντις,
425 3316 468 3375 tut
486 3316 530 3376 τόν
544 3318 654 3399 χάρακα
669 3319 791 3400 ἔφευγον,
806 3320 852 3380 καὶ
867 3326 891 3380 εἰ
907 3321 945 3399 μὴ

168 3402 350 3482 θαυμάσαντες
361 3403 392 3463 τὸ
406 3406 556 3486 παράλογον
571 3411 618 3478 τῆς
631 3413 716 3486 φυγῆς
731 3411 816 3467 αὐτῶν
832 3411 856 3468 οἱ
867 3411 947 3470 πολέ-

168 3514 224 3568 μιοι
238 3494 284 3552 καί
299 3492 442 3568 δείσαντες,
457 3494 495 3572 μὴ
516 3495 607 3575 ἀνίδρα
626 3519 665 3562 τις
685 3487 781 3575 {nic
796 3498 841 3556 ίπί
855 3502 946 3559 πλεῖον

107 3596 138 3634 as
168 3580 279 3651 διώξεως
296 3583 497 3662 ἀπετράποντο,
509 3584 541 3643 τὸ
554 3585 644 3644 πλεῖον
661 3583 692 3644 ἀν
713 3585 790 3666 μέρος
811 3591 863 3647 τῶν
878 3586 947 3649 Ῥω·

169 3668 256 3745 μαίων
280 3670 429 3753 διέφθαρτο.
474 3671 598 3733 'Emicuit
622 3672 650 3732 δέ
676 3678 760 3735 ταῦτα
789 3674 876 3757 φθόνῳ
899 3681 945 3736 τοῦ

167 3755 311 3835 ἡγεμόνος,
326 3757 369 3817 ἵνα
384 3760 422 3838 μὴ
436 3761 518 3822 καλδν
534 3763 673 3842 ἀγώνισμα
688 3767 702 3823 ό
717 3764 784 3845 ἀνὴρ
797 3764 945 3845 διαπραξά·

169 3868 245 3923 μενος
261 3847 383 3931 θριάμόιρ
396 3872 425 3909 τε
439 3853 485 3910 καί
498 3860 557 3920 ταῖς
576 3853 668 3923 άλλαις
683 3856 886 3935 ἐπιλαμπρυνθῇ
904 3880 946 3915 τι-

170 3944 242 4012 μαῖς.
285 3938 327 4016 Τῇ
351 3937 378 3996 δί
399 3938 512 3999 κατόπιν
532 3941 619 4024 ἡμέρα
642 3942 676 4002 τδι
700 3942 747 4020 μέν
773 3946 948 4021 ἀπιτιμῶντος

112 4040 142 4076 εΙι
169 4024 256 4090 αὐτοῖς
268 4030 316 4083 τοῦ
327 4025 427 4085 ίπάτου
438 4031 487 4099 τῆς
501 4030 593 4099 ἀδόξου
612 4036 713 4112 φυγῆς,
729 4029 763 4090 τά
779 4031 806 4091 δέ
822 4055 946 4113 παρακα·

169 4114 275 4181 λοῦντος
295 4115 432 4194 αἴσχιστον
452 4114 529 4196 ἔργον
555 4119 736 4181 ἀναλύσασθαι
756 4125 831 4203 καλῷ
853 4125 946 4202 ἀγῶνι,

169 4198 237 4260 τάδ’
255 4204 442 4277 ἀπειλοῦντος,
456 4208 478 4264 εἰ
497 4206 535 4281 μὴ
551 4209 692 4281 στήσονται
709 4210 782 4288 παρδι
804 4212 837 4272 τά
854 4215 945 4293 δεινά,

169 4290 315 4369 χρήσεσθαι
339 4301 394 4361 τοῖς
410 4293 513 4373 νόμοις,
539 4298 657 4381 ἀπειθείᾳ
683 4324 712 4361 τε
738 4303 880 4382 διεχρῶντο
903 4301 948 4363 καί

169 4378 290 4457 καταόοῇ
300 4380 347 4441 καί
361 4382 473 4461 ἀπάγειν
487 4395 555 4466 σφᾶς
569 4388 688 4449 έκίλευον
698 4392 730 4449 ίκ
746 4396 792 4464 τῆς
811 4391 948 4471 πολεμίας,

113 4496 142 4533 ςς
169 4469 204 4535 ὡς
232 4467 358 4529 ἀδύνατοι
383 4469 423 4530 ίτι
453 4473 525 4541 όντες
550 4476 601 4535 tot
626 4478 787 4560 τραυμάτων
817 4478 946 4560 ἀντέχειν.

171 4555 360 4628 Κατεδήσαντο
368 4558 420 4639 γὰρ
434 4562 520 4622 αύεῶν
532 4565 557 4624 οἰ
568 4567 663 4627 πολλοὶ
674 4565 732 4634 τοῦς
743 4571 823 4650 θγιτῖς
832 4572 947 4651 χρῶτας,

171 4644 206 4709 ῶς
219 4645 393 4724 τραυματίαι.
426 4646 506 4711 'ssed'
518 4651 654 4724 δἈππιος
667 4658 823 4734 ἠναγκάσθη
838 4658 950 4735 ἀπάγειν

173 4729 220 4789 τόν
241 4736 354 4814 στρατὸν
376 4739 407 4797 ἰκ
437 4743 485 4813 τῆς
511 4744 650 4820 πολεμίας·
673 4744 719 4803 καί
737 4747 761 4804 οἰ
786 4746 952 4805 θύαλοῦσκοι

172 4821 295 4881 ἆπιῶσιι
309 4824 433 4903 ίιιθμινοι
447 4829 561 4898 πολλοῦς
581 4832 666 4891 αὐτῶν
692 4833 858 4894 ἀπέκτειναν.
902 4830 949 4902 Ὡς

115 4936 146 4977 sc
173 4910 196 4967 δ’
214 4912 241 4969 lt
261 4934 295 4991 τη
316 4915 392 4997 φιλία
406 4916 548 4996 Ιίγίνοντο,
572 4922 727 5001 συναγαγὼν
749 4924 786 4990 είς
807 4921 951 4994 ίκκλησίαν

173 5000 267 5070 αὖτοὺς
280 5007 294 5062 ὁ
307 5005 407 5074 ὕπατος
422 5006 468 5068 καί
482 5009 570 5070 πολλὰ
591 5010 719 5079 ὀνειδίσας
734 5011 783 5093 ίφη
804 5009 952 5092 χριίσιοθαι

171 5091 330 5174 τῇπαερίιρ
355 5096 425 5155 κατὰ
450 5100 504 5157 τῶν
527 5100 707 5159 λειποτακτῶν
732 5098 852 5161 κολάσει.
896 5100 952 5161 Καί

172 5178 260 5240 πολλά
274 5181 405 5259 δεομένων
420 5187 473 5244 τῶν
487 5186 656 5268 πρισόιυτῶν
672 5189 781 5250 καὶτῶν
795 5188 883 5248 ἀλλων
898 5193 951 5249 τῶν

172 5268 282 5330 ίντίλει
305 5272 447 5354 μετριάσαι
467 5276 513 5335 καί
534 5276 572 5356 μὴ
595 5279 732 5363 συμφορὰν
758 5278 803 5339 inl
827 5286 952 5361 συμφορᾷ

1717 441 1776 501 563

995 581 1107 633 sedilium
1130 584 1294 634 creandorum
1317 581 1426 642 comitia,
1444 581 1497 632 sine
1520 580 1639 646 auspiciis
1657 584 1683 631 et
1710 584 1778 633 omni

996 669 1044 721 alia
1057 670 1190 736 religione,
1209 671 1318 722 comitiis
1334 670 1436 720 tributis
1450 674 1612 734 peraguntur,
1645 674 1727 736 Atque
1738 672 1778 723 bic

998 757 1044 809 luit
1056 759 1125 810 illius
1138 759 1267 811 seditionis
1280 759 1306 810 in
1319 758 1380 810 urbe
1389 762 1449 809 tuuc
1463 758 1578 808 excitate
1593 757 1657 808 linis.

1028 952 1055 1000 L.
1070 950 1159 1001 Paullo
1171 955 1228 1016 post
1238 950 1357 1002 Romanis
1369 949 1465 1014 placuit
1477 949 1603 1000 exercitus
1616 951 1776 1012 conscribere,

997 1046 1024 1094 et
1038 1047 1174 1108 utrumque
1188 1042 1318 1094 consulem
1333 1047 1420 1093 contra
1433 1045 1526 1107 AEquos
1539 1045 1565 1094 et
1587 1042 1690 1093 volscos
1705 1045 1779 1094 eruit·

997 1139 1060 1189 tere.
1113 1140 1189 1187 Erant
1202 1136 1281 1194 enirn,
1302 1136 1346 1201 qui
1366 1136 1514 1187 nuntiabant
1529 1151 1630 1202 magnas
1645 1138 1778 1204 utriusque

997 1230 1079 1294 gentis
1091 1231 1174 1294 copias
1198 1243 1312 1293 egressas
1324 1242 1388 1289 esse,
1408 1234 1434 1280 et
1456 1238 1530 1294 agros
1551 1231 1675 1282 sociorum
1695 1235 1780 1299 populi

998 1323 1100 1373 Romani
1117 1321 1239 1387 populari.
1273 1320 1432 1372 Exercitibus
1444 1322 1521 1386 igitur
1538 1322 1654 1374 celeriter
1676 1328 1779 1390 paratis,

1000 1414 1116 1466 consules
1140 1414 1279 1480 provincias
1303 1414 1386 1465 sortiti
1420 1421 1494 1477 suut,
1516 1418 1543 1466 et
1563 1417 1666 1473 Quintio
1686 1419 1780 1471 bellurn

999 1510 1204 1573 contraAEquos‚
1219 1508 1297 1572 Appio
1313 1510 1398 1559 eontra
1418 1508 1525 1559 Volscos
1544 1509 1642 1576 obtigit.
1676 1516 1782 1579 Utrique

999 1597 1098 1649 consuli
1108 1611 1149 1648 res
1167 1600 1300 1659 successit,
1319 1605 1346 1650 ut
1361 1614 1405 1665 par
1419 1601 1476 1652 luit.
1490 1602 1624 1653 Exercitus
1643 1605 1722 1667 enim,
1737 1609 1780 1673 qui

1000 1692 1101 1750 Quintio
1125 1691 1201 1743 datus
1215 1694 1303 1757 luerat,
1321 1693 1353 1745 ob
1369 1693 1498 1745 lenitatem
1514 1694 1568 1759 ejus
1582 1710 1611 1745 ac
1636 1699 1781 1763 aequitatem

1000 1789 1114 1848 promtus
1126 1789 1180 1836 erat
1195 1786 1228 1835 ud
1246 1786 1329 1837 omnia
1348 1787 1467 1850 imperata
1485 1786 1613 1849 iacienda,
1635 1793 1661 1839 et
1676 1790 1782 1855 plurima

1000 1877 1111 1943 pericula
1126 1883 1213 1943 sponte
1238 1892 1284 1930 sus
1299 1879 1369 1930 nullo
1380 1880 1485 1946 jubente
1507 1879 1602 1941 adibat,
1617 1886 1647 1932 ut
1658 1883 1717 1935 duci
1736 1902 1782 1937 sno

1000 1977 1105 2044 gloriam
1127 1976 1153 2024 et
1172 1972 1292 2022 bonorem
1309 1977 1430 2036 pararet:
1452 1986 1619 2038 magnamque
1644 1980 1782 2043 AEquoruur

1001 2071 1054 2136 agri
1080 2068 1178 2133 partem
1197 2062 1384 2128 precabundus
1410 2069 1451 2119 est
1476 2073 1642 2133 pervagatus,
1665 2070 1782 2124 hostibus

1001 2178 1079 2229 quum
1101 2163 1155 2227 ipso
1169 2159 1285 2224 congredi
1298 2173 1347 2210 uou
1360 2159 1425 2221 ausi,
1445 2160 1511 2212 unde
1535 2162 1616 2213 multa
1637 2165 1715 2229 spolia
1728 2181 1781 2218 nnn.

1000 2254 1243 2322 gnamquepraedsm
1259 2253 1353 2305 retulit.
1387 2256 1437 2304 Nec
1452 2254 1495 2305 diu
1509 2254 1536 2305 in
1550 2256 1649 2308 bestico
1661 2266 1782 2323 moratus,

1000 2349 1133 2401 incolumis
1147 2347 1174 2397 in
1187 2347 1277 2398 urbem
1299 2346 1383 2405 rediit,
1412 2361 1469 2397 cum
1494 2347 1559 2399 duce
1588 2349 1664 2401 rebus
1688 2356 1784 2418 egregie

1001 2442 1078 2508 gestis
1092 2444 1234 2506 ounsplcuo.
1270 2440 1319 2500 Qui
1329 2454 1389 2490 vero
1401 2439 1473 2504 appii
1482 2439 1560 2491 ductu
1575 2442 1606 2493 ad
1616 2442 1711 2495 bellurn
1724 2460 1782 2510 pro·

1002 2537 1139 2597 sedicunt,
1157 2535 1224 2593 odie,
1242 2547 1361 2600 quocum
1380 2535 1606 2597 prosequebantur,
1623 2538 1710 2599 patriae
1729 2539 1782 2590 dis·

1001 2628 1099 2695 cipllno
1123 2630 1248 2693 precepta
1278 2638 1427 2690 magnopere
1464 2625 1634 2690 neglexerunt.
1669 2631 1730 2679 Narn
1758 2635 1783 2682 et

1001 2725 1055 2772 toto
1069 2720 1138 2772 illius
1164 2718 1327 2784 expeditionls
1351 2721 1462 2783 tempore
1483 2718 1543 2768 data
1569 2733 1645 2783 opere
1659 2720 1782 2785 ignaviter

1001 2830 1053 2868 rem
1068 2818 1208 2880 gesserunt,
1237 2814 1379 2878 ducemque
1410 2826 1509 2877 semper
1531 2816 1734 2879 contempserunt
1757 2822 1780 2868 et

1000 2923 1078 2974 quum
1090 2906 1252 2973 pugnandum
1269 2909 1336 2957 esset
1348 2919 1403 2956 curn
1417 2902 1562 2956 Volscorurn
1579 2906 1667 2971 copiis,
1682 2922 1697 2957 a
1712 2907 1782 2959 duci·

1001 3004 1049 3053 bus
1062 3001 1088 3052 in
1101 3001 1179 3051 aciem
1194 3000 1308 3064 producti
1325 3011 1383 3050 cum
1403 2998 1520 3050 hostibus
1541 3013 1632 3050 munus
1654 3014 1782 3054 conserere

1000 3097 1156 3155 uolueruut;
1183 3094 1274 3145 sedet
1303 3091 1463 3144 centuriones
1495 3096 1521 3143 et
1541 3094 1708 3158 antesignani,
1740 3095 1782 3147 elii

1000 3188 1201 3254 abjectissignis,
1214 3186 1256 3238 aiii
1270 3201 1331 3238 vero
1344 3186 1475 3237 ordinibus
1485 3185 1606 3246 desertis,
1619 3186 1646 3236 in
1660 3191 1743 3238 castra
1757 3202 1784 3239 se

1001 3281 1159 3346 receperunt,
1183 3282 1210 3329 et
1229 3277 1278 3328 uisi
1296 3278 1382 3328 hostes
1404 3277 1560 3341 inopinatam
1586 3292 1674 3329 eorum
1701 3279 1785 3346 lugam

1001 3372 1097 3432 mirati,
1114 3370 1218 3422 insidias
1229 3369 1410 3421 metuentesab
1422 3370 1485 3434 ipsis
1503 3371 1612 3423 ulterius
1630 3386 1786 3440 persequen-

1000 3467 1040 3517 dis
1053 3464 1243 3522 abstinuissent,
1257 3463 1367 3514 marbna
1392 3476 1451 3528 pars
1471 3466 1639 3516 &manorum
1660 3468 1783 3532 periisset.

1002 3559 1032 3612 ld
1044 3561 1128 3609 autem
1148 3557 1283 3617 iaciebant,
1300 3556 1368 3621 quod
1381 3556 1440 3608 duci
1454 3558 1594 3611 inriderent
1608 3573 1640 3611 ne
1653 3560 1704 3621 ille,
1720 3561 1786 3612 bello

1001 3650 1122 3717 preclare
1139 3648 1267 3713 conlecto,
1284 3650 1411 3716 triumpho
1428 3650 1534 3717 aliisque
1557 3654 1695 3704 honoribus
1708 3653 1782 3705 deeo-

1008 3756 1113 3804 raretur.
1128 3754 1232 3805 Postero
1241 3751 1326 3801 eutem
1332 3746 1467 3811 ἀίσσουσι
1476 3746 1565 3797 consul
1578 3751 1606 3798 et
1618 3761 1706 3798 eorurn
1721 3749 1783 3811 igno

1003 3842 1136 3895 rniniossru
1150 3843 1235 3908 fugam
1258 3841 1407 3906 increparet,
1420 3841 1446 3890 et
1461 3836 1561 3900 adeius
1584 3837 1700 3889 facinoris
1716 3838 1784 3902 igno·

1003 3939 1106 3990 misiam
1131 3935 1250 4004 preclaro
1279 3933 1365 4000 proelio
1391 3931 1539 3984 abolendam
1563 3946 1607 3983 eos
1631 3930 1786 3982 ‘hortaretur

1003 4031 1116 4097 ipsisque
1130 4027 1337 4089 miseniensis!
1357 4027 1383 4076 in
1401 4024 1521 4091 periculis
1535 4038 1562 4075 se
1571 4023 1673 4076 fortiter
1687 4025 1782 4090 gessis-

1004 4127 1068 4185 sent,
1078 4136 1105 4174 se
1118 4122 1213 4188 legibus
1226 4133 1348 4181 usurum3
1359 4117 1396 4168 illi
1408 4121 1492 4168 umen
1506 4116 1531 4167 in
1547 4116 1635 4169 eodem
1654 4121 1784 4170 conturna·

1003 4223 1042 4274 cia
1050 4221 1245 4289 perseverabant
1254 4223 1279 4271 et
1290 4215 1501 4273 vociferabantur,
1514 4217 1590 4280 atque
1606 4229 1633 4267 sc
1646 4231 1678 4268 ex
1690 4217 1787 4268 bestico

1004 4318 1221 4384 abducilubebsnt
1231 4356 1237 4377 ‚
1248 4314 1316 4381 quod
1326 4328 1378 4380 prss
1388 4311 1535 4363 vulneribus
1547 4310 1657 4376 amplius
1670 4313 1788 4364 resistere

1003 4430 1053 4466 non
1064 4418 1183 4481 possent;
1198 4413 1273 4465 multi
1283 4414 1348 4465 enirn
1359 4424 1444 4461 corum
1457 4409 1567 4475 integras
1577 4410 1688 4476 eorporis
1702 4414 1787 4474 partes

1004 4508 1078 4573 quasi
1090 4508 1189 4560 uncias
1201 4506 1349 4571 obligarunt.
1384 4507 1473 4570 ltaque
1494 4503 1588 4569 Appius
1608 4502 1745 4554 exercitum
1756 4515 1786 4552 er

1005 4602 1103 4654 bestico
1114 4602 1236 4655 deduocre
1257 4603 1360 4652 coactus
1378 4603 1438 4652 est:
1458 4607 1484 4651 et
1499 4597 1583 4650 Volsci
1602 4612 1645 4649 eos
1665 4596 1787 4648 abeuntes

1006 4704 1099 4764 secuti,
1129 4702 1225 4753 mulus
1256 4698 1442 4752 interfecerunt.
1476 4701 1510 4749 Ut
1533 4710 1592 4748 vero
1613 4697 1640 4747 in
1672 4698 1787 4760 pacatum

1006 4809 1093 4861 agrum
1105 4799 1208 4847 rentum
1217 4797 1265 4853 est,
1277 4792 1375 4852 consul,
1386 4792 1418 4843 ils
1428 4791 1460 4843 sd
1472 4791 1614 4843 eoncieueru
1628 4789 1786 4851 convocatis,

1006 4893 1143 4958 multisque
1149 4890 1317 4957 exprobratis,
1328 4889 1373 4940 sed
1391 4889 1417 4940 iu
1432 4902 1476 4939 eos
1487 4892 1518 4938 ut
1534 4888 1560 4938 in
1572 4886 1632 4937 acici
1646 4875 1787 4937 desertores

1006 4990 1240 5042 animadversurum
1251 4988 1317 5041 dixit
1335 4990 1379 5039 :et
1400 4988 1516 5052 quamvis
1533 4985 1643 5037 εεοίοτοε
1655 4988 1731 5049 atque
1745 4984 1788 5037 alii

1006 5089 1128 5155 primores
1136 5088 1193 5149 riri,
1205 5087 1251 5154 qut
1266 5087 1377 5138 minores
1393 5085 1557 5150 magistratus
1575 5085 1600 5135 tn
1614 5084 1705 5135 cestris
1716 5099 1788 5149 gere⁴

1005 5187 1073 5248 bant,
1086 5201 1144 5239 eom
1153 5185 1267 5252 pluribus
1278 5185 1481 5251 deprecarentur,
1498 5186 1524 5236 ct
1539 5183 1613 5235 raldo
1625 5186 1742 5241 orarent,
1758 5186 1788 5232 ot
1843 5233 1846 5236 ,

1006 5284 1231 5350 mederateageret,
1250 5298 1313 5336 nere
1331 5282 1438 5349 publice
1452 5280 1605 5408 cladial'un}
1612 5296 1702 5335 noram
1719 5279 1787 5331 cala·

1606 5365 1630 5410 θ.
