4088 5936
280 438 339 499 ill
801 429 968 505 nlonlslt
990 425 1371 487 Hntlcnnnnssnnsrs

281 591 354 629 νουσι
368 566 498 644 Ῥωμαῖοι
513 569 559 637 τῆς
573 537 740 630 καταλύσεως
752 566 804 633 τῶν
818 561 951 639 τυράννων
962 558 1054 619 αίτιύι-
1092 596 1095 603 ·
1113 565 1241 631 ίίεείιαιιιιι
1249 568 1363 628 tyrannos
1375 564 1438 616 urbe
1448 565 1533 630 pulsos
1539 579 1596 619 esse
1608 534 1731 630 asserunt,
1738 566 1796 631 quis
1807 568 1894 631 suerit',
1979 614 1984 619 .

281 681 358 720 τατον
370 660 500 735 γενέσθαι,
516 655 555 723 τίς
569 655 592 714 τ’
607 644 640 726 ήν
655 651 764 713 καλάπδ
776 649 909 727 τίνωνκαὶ
921 649 964 709 διδ
977 648 1059 721 τίτῆς
1113 656 1139 705 et
1154 653 1245 718 quibus
1264 657 1336 705 ortus
1348 654 1507 718 parentibus,
1524 658 1550 707 et
1571 668 1623 720 qua
1637 655 1670 706 de
1681 669 1769 707 caussa
1787 655 1837 708 boc
1848 671 1893 713 eo·,

282 749 432 825 ἐπωνυμίας
446 745 544 818 ταύτης
565 744 657 824 ἔτυχεν
671 741 745 803 οὐδὲν
760 744 831 824 αύτῷ
844 738 1038 823 προσηκούσης.
1113 757 1218 809 gnomen
1230 757 1246 794 a
1257 744 1369 794 moribus
1381 744 1435 795 suis
1446 743 1554 796 alienum
1569 743 1691 797 babuerit.

322 836 452 897 valll.
473 836 520 914 Τῷ
537 832 611 911 ἀνδρί
632 829 717 914 τούτῳ
729 831 818 911 πατὴρ
834 830 882 907 μὲν)
896 820 939 902 ήν.
950 827 1060 911 Μάρκος

244 951 257 988 a
283 923 400 999 Ἰούνιος,
415 924 469 991 ἔνδς
484 927 536 982 τῶν
551 918 598 980 σύν
619 920 712 1002 Αίνείρ
735 919 782 993 τήν
798 916 922 978 ἀποικίαν
937 909 1065 977 στείλάν-’

282 1037 334 1073 των
348 1013 490 1094 ἀπόγονος,
505 1013 532 1071 ἐν
547 1018 599 1078 τοῖς
614 1002 988 1089 ἐπιφανεστάτοιςῬωμαίων
1004 1008 1060 1086 ἀρι-

283 1103 425 1180 θμούμενος
440 1103 472 1159 δι’
493 1097 603 1180 ἀρετήν·
618 1097 708 1178 μήτηρ
725 1097 752 1156 δὲ
774 1096 911 1175 Ταρκυνία
932 1101 978 1153 τοῦ
991 1098 1061 1173 προ·

282 1190 357 1273 τέρου
374 1189 503 1271 βασιλέως
516 1189 666 1268 Ταρκυνίου
681 1186 811 1266 θυγάτηρ·
828 1183 905 1249 αὐτὸς
919 1183 947 1243 δέ
961 1204 1061 1265 τροφης

283 1304 312 1339 τε
326 1280 372 1340 καί
386 1279 506 1346 παιδείας
521 1282 569 1349 τῆς
582 1274 726 1357 ἐπιχωρίου
741 1273 829 1346 πάσης
845 1270 993 1347 μετέλαύε,
1014 1268 1060 1329 καί

232 1389 257 1429 10
283 1368 359 1450 φύσιν
382 1370 444 1449 ἔσχε
467 1368 615 1448 πρδςοῦδὲν
631 1369 684 1424 τῶν
706 1366 794 1425 καλῶν
820 1363 1058 1441 ἀντιπράττουσαν.

282 1456 361 1520 Ἐπεί
384 1456 411 1518 δὲ
425 1458 537 1518 Τύλλιον
552 1454 711 1522 ἀποκτείνας
733 1449 880 1530 Ταρκύνιος
904 1450 951 1511 σδν
971 1449 1061 1517 ἀλλοις

283 1549 394 1629 ἀνδράσι
404 1547 512 1614 πολλοῖς
525 1546 571 1605 καὶ
585 1547 691 1623 ἀγαθοῖς
702 1542 748 1603 καὶ
763 1542 806 1600 τὸν
830 1540 932 1600 ἐκείνου
956 1539 1060 1620 πατέρα

284 1636 441 1716 διεχρήσατο
457 1637 551 1714 ἀφανεῖ
572 1631 692 1712 θανάτῳ·
706 1631 742 1689 δι’
769 1628 843 1686 οὐδὲν
859 1628 907 1705 μὲν
922 1626 1056 1703 ἀδίκημα,

283 1729 329 1783 τοῦ
344 1722 371 1783 δέ
394 1722 507 1782 πλούτου
527 1719 668 1801 προαχθείς
682 1723 717 1785 τίς
732 1724 887 1795 ἐπιθυμίαν,
902 1717 930 1778 όν
952 1720 984 1777 ἐκ
1005 1742 1060 1777 πα-

232 1835 256 1875 ιε
282 1815 360 1881 λαιᾶς
373 1834 402 1872 τε
416 1811 462 1870 καί
483 1812 640 1891 προγονικῆς
653 1808 816 1889 παραλαόὼν
842 1808 969 1888 εὐτυχίας
983 1807 1064 1867 iata-1

282 1925 361 1979 τητο,
379 1899 424 1959 καὶ
440 1901 487 1958 σὺν
506 1901 578 1979 αὐτῷ
594 1897 638 1957 τὸν
650 1897 829 1977 πρεσύύτερον
849 1897 903 1957 υίὸν
919 1897 1018 1976 εύγίνές
1034 1917 1060 1954 τι

283 1988 403 2071 φρόνημα
428 1987 598 2069 διαφαίνοντα
614 1986 660 2046 καί
677 1987 707 2046 τδ
727 1987 764 2063 μή
785 1990 938 2066 τιμωρῆσαι
962 1988 1000 2064 τῷ
1015 1990 1062 2042 θα-

283 2077 353 2158 νάτῳ
374 2081 419 2136 τοῦ
446 2075 545 2155 πατρὸς
570 2077 618 2134 οὐκ
638 2073 670 2134 ἀν
696 2074 889 2151 ὑπομείναντα·
915 2073 971 2141 νέος
995 2071 1060 2132 ind

283 2170 397 2247 Βροῦτος
418 2165 456 2224 ἔτι
470 2163 515 2224 καί
537 2165 634 2244 κομιδῇ
650 2164 770 2242 βοηθείας
794 2166 949 2241 συγγενικῆς
964 2162 1061 2243 ἔρημος

231 2281 258 2320 co
284 2256 359 2335 ἔργον
382 2254 538 2333 ἐπεχείρησε
565 2256 676 2327 ποιῆσαι
710 2252 816 2311 πάντων
847 2249 1059 2332 φρονιμώτατον,

284 2344 400 2405 ἐπίθετον
419 2347 515 2403 ἑαυτοῦ
531 2340 750 2422 καταψεύσασθαι
765 2342 882 2423 μωρίαν·
905 2340 947 2400 καλ
964 2341 1060 2417 διέμει-

284 2455 325 2492 νεν
340 2430 446 2491 ἅπαντα
464 2430 507 2490 τδν
522 2429 549 2499 ἐξ
564 2430 662 2489 ἐκείνου
677 2429 788 2512 χρόνον,
802 2428 850 2496 ίως
864 2420 893 2488 οδ
908 2428 952 2488 τὸν
968 2428 1061 2501 ἐπιτή-

284 2522 351 2580 δειον
374 2518 444 2588 ἔδοξε
465 2519 554 2600 καιρδν
570 2519 657 2598 ἔχειν,
683 2518 819 2600 φυλάττων
844 2518 874 2577 τὸ
888 2506 1061 2598 προσποίημα

284 2612 331 2681 τῆς
358 2610 463 2684 ἀνοίας,
489 2607 515 2676 ἐξ
540 2598 569 2667 οὗ
593 2606 690 2680 ταύτης
717 2607 795 2691 ἔτυχε
825 2611 873 2680 τῆς
900 2608 1059 2685 ἐπωνυμίας.

230 2714 258 2754 νε
284 2701 372 2759 Τοῦτο
382 2698 407 2756 δ’
419 2697 498 2756 αὐτόν
512 2694 641 2776 ἐρρύσατο
652 2697 733 2773 μηδὲν
750 2694 831 2755 δεινδν
842 2695 894 2756 ὑπὸ
907 2702 951 2755 τοῦ
966 2695 1061 2776 τυράν-

283 2809 329 2846 νου
338 2789 444 2860 παθεῖν,
456 2787 561 2845 πολλῶν
573 2784 619 2844 καί
626 2787 731 2863 ἀγαθῶν
746 2786 847 2862 ἀνδρῶν
858 2785 1059 2861 ἀπολλυμίνων.

285 2916 303 2943 :-
323 2877 424 2937 LXIX.
449 2873 659 2956 Καταφρονήσατ
679 2875 730 2953 γὰρ
750 2877 764 2933 ὁ
785 2874 998 2955 Ταρκόνιοςτῆς
1019 2875 1061 2933 δο-

283 2965 379 3038 κούσης
392 2954 459 3023 είναι
474 2964 535 3046 περὶ
551 2965 628 3024 αὐτὸν
645 2965 704 3049 ἀλλζ
717 2961 822 3022 οὔποτ’
841 2964 965 3035 ἀλήθειαν
980 2966 1062 3047 ύπαρςΙ

283 3054 382 3136 χούσης
405 3051 525 3133 μωρίας,
549 3052 707 3132 ἀφελόμενος
735 3051 847 3143 ἅπανταΙ
864 3051 898 3110 aa
930 3056 1060 3132 πατρῷα,

229 3166 257 3207 ευ
285 3145 366 3224 μικρά
390 3142 412 3201 δ’
426 3145 463 3209 είς
481 3140 526 3201 τὸν
541 3138 602 3199 καθ’
626 3139 729 3219 ἡμέραν
749 3140 806 3219 βίον
818 3142 1003 3220 ἐπιχορηγῶν,
1025 3141 1061 3207 ὡς

283 3234 356 3291 παῖδ’
371 3229 482 3311 ἀρφανδν
502 3229 652 3309 ἐπιτρόπων
669 3229 708 3287 ἔτι
727 3227 849 3304 δεόμενον
861 3227 1005 3307 ἐφύλαττεν
1017 3230 1060 3308 ὑφ’

284 3323 383 3400 ἑαυτῷ,
404 3316 555 3377 διαιτᾶσθαί
577 3340 606 3376 τε
625 3317 760 3393 μετὰτῶν
784 3316 886 3376 παίδων
902 3317 1059 3396 ἐπέτρεπεν,

283 3411 315 3470 οὗ
335 3409 380 3467 διὰ
397 3405 491 3486 τιμὴν,
513 3409 548 3473 ὡς
571 3405 718 3477 ἐσκήπτετο
742 3406 806 3485 πρὸς
820 3403 879 3471 τοὺς
892 3403 992 3480 πίλας,
1017 3396 1059 3464 οἷα

284 3493 315 3567 δή
330 3498 457 3575 συγγενῆ,
472 3492 530 3553 ἀλλ’
550 3492 594 3555 ἵνα
612 3492 715 3568 γέλωτα
729 3493 834 3574 ταρίχη
849 3493 902 3561 τοῖς
916 3494 1060 3572 μειρακίοις

228 3591 255 3631 3⁵
282 3584 366 3665 λέγων
383 3583 406 3642 τ’
422 3584 522 3653 ἀνόητα
536 3582 622 3643 πολλά
637 3583 682 3642 καί
694 3582 820 3664 πράττων
835 3581 917 3659 όμοια
931 3583 985 3650 τοῖς
1001 3583 1060 3643 κατ’

283 3675 407 3747 ἀλήθειαν
432 3671 567 3743 nitidiora,
595 3670 650 3732 ital
679 3668 711 3742 δὴ
733 3672 779 3730 καί
803 3670 847 3731 ὅτε
871 3674 910 3751 τῷ
936 3674 1060 3753 Δελφικῷ

284 3761 398 3844 μαντείῳ
410 3759 590 3842 χρησομένους
603 3758 747 3819 ἀπέστελλε
761 3758 821 3828 τοὺς
834 3758 880 3820 δύο
893 3762 945 3820 τῶν
957 3763 1058 3821 παίδων

281 3853 408 3935 Ἄρροντα
429 3852 473 3910 καὶ
497 3852 592 3921 Τίτον,
615 3848 682 3929 ὑπὲρ
707 3853 753 3909 τοῦ
778 3850 884 3925 λαιμοῦ·
907 3847 1059 3927 κατέσκηψε

282 3942 333 4023 γάρ
350 3967 388 4011 τις
401 3941 445 4001 ἐπὶ
464 3942 511 4011 τῆς
526 3938 624 3997 ἐκείνου
642 3938 776 4016 βασιλείας
791 3942 837 3998 ούκ
858 3940 965 3998 εἰωθυῖα
985 3940 1060 4006 νόσος

229 4053 257 4093 tu
283 4033 318 4096 τίς
332 4029 475 4110 παρθένους
488 4051 516 4087 τε
532 4025 578 4086 καὶ
596 4026 710 4104 παῖδας,
725 4024 768 4108 ὑφ’
781 4018 812 4099 ἧς
824 4027 913 4113 πολλὰ
932 4026 1059 4110 διεφθάρη

283 4118 411 4196 σώματα,
432 4117 611 4198 χαλεπωτάτη
627 4116 654 4177 δὲ
671 4116 717 4176 καί
740 4117 862 4186 δυσίατος
876 4119 912 4184 είς
922 4115 969 4184 τάς
984 4117 1060 4177 κυού-

283 4229 330 4275 σας
343 4207 469 4289 γυναῖκας
485 4209 571 4273 αὐτοῖς
592 4205 713 4288 βρέφεσιν
735 4206 924 4267 ἀποκτείνουσα
939 4205 986 4274 τὰς
1007 4230 1062 4283 μηῇ

282 4296 359 4377 τέρας
373 4297 400 4354 ἀν
411 4298 470 4362 ταῖς
482 4304 585 4374 γοναῖς·
600 4295 650 4368 τήν
664 4298 688 4353 τ’
704 4295 791 4354 αίτίαν
808 4300 855 4367 τῆς
868 4295 945 4356 νόσου
961 4298 1059 4374 γνῶναι

283 4382 357 4465 παρὰ
371 4387 419 4442 τοῦ
433 4386 491 4442 θεοῦ
505 4384 551 4443 καὶ
568 4380 615 4454 τήν
630 4382 704 4442 λύσιν
721 4382 892 4464 βουλόμενος,
908 4386 1060 4464 συνέπεμψε

228 4497 255 4537 es
282 4475 403 4534 κάκεῖνον
419 4470 477 4542 ἅμα
504 4480 558 4539 τοῖς
572 4472 717 4553 μειρακίοις
740 4474 883 4545 δεηθεῖσιν,
898 4469 942 4531 ίνα
956 4496 1059 4532 κατασ-

282 4562 396 4623 κώπτειν
416 4585 445 4621 τε
470 4561 516 4621 καί
530 4562 705 4642 περιυύρίζειν
729 4560 825 4641 ἔχοιεν.
870 4562 918 4628 Ὡς
933 4561 960 4621 δὲ
975 4585 1059 4641 παρε-

281 4651 429 4730 γενήθησαν
439 4648 521 4710 ἐπίτδ
532 4649 654 4727 μαντεῖον
673 4652 697 4710 oi
707 4652 848 4721 νεανίσκοι,
857 4645 1064 4727 καὶτοδςχρηση

283 4738 346 4814 μοδτ
378 4739 473 4800 ἐλαύον
507 4740 575 4820 ύπέρ
612 4729 648 4799 ὄν
678 4738 868 4818 ἐπέμφθησαν,
907 4736 1060 4814 ἀναθήμασι

282 4827 464 4909 δωρησάμενοι
479 4830 522 4889 τὸν
542 4828 598 4889 θεδν
615 4827 720 4888 καὶτοῦ
740 4826 856 4907 Βρούτου
871 4822 957 4885 πολλά
972 4849 1058 4886 κατα-

229 4952 256 4991 ,0
281 4916 453 4993 γελάσαντες,
465 4917 505 4976 ότι
517 4916 661 4998 βακτηρίαν
675 4914 779 4989 ξυλίνην
793 4914 903 4990 ἀνίθηκε
914 4916 953 4996 τῷ
964 4912 1059 4975 Ἀπόλ-

282 5004 357 5060 λωνι·
368 5004 419 5063 ὁδί
429 5005 571 5085 διατρήσας
586 5007 667 5076 αὐτὴν
678 5004 741 5077 ὅλην
756 5003 846 5086 ὥσπερ
856 5003 947 5077 attio,
958 5009 1060 5085 χρυσῆν

283 5087 380 5170 βάύδυν
405 5094 523 5166 ἀνέθηκεν
549 5093 651 5162 οέιδενδς
670 5092 861 5171 ἐπισταμένου·
887 5091 956 5171 μετά
982 5098 1059 5153 τοῦτο

282 5174 391 5256 ήρύντων
407 5180 451 5239 τδν
465 5182 541 5255 θεὸν,
559 5181 610 5241 τίνι
626 5183 765 5262 πέπρωται
781 5181 829 5253 τήν
845 5181 990 5258 Ῥωμαίων
1005 5185 1057 5260 ἀρ·

282 5267 333 5348 χήν
347 5269 526 5348 παραλαόεῖν·
544 5270 600 5330 ὁδί
617 5270 672 5338 θεδς
687 5271 774 5337 αὐτοῖς
793 5272 895 5345 ἀνεῖλε,
908 5274 946 5351 τῷ
959 5271 1057 5352 πρώτῳ

1145 846 1254 895 Lilvlll.
1271 847 1344 896 Pater
1362 845 1386 895 ei
1406 844 1452 896 luit
1468 848 1505 897 Μ.
1529 846 1628 908 lunius,
1648 847 1790 914 aquodam
1808 851 1893 902 AEneae

1114 945 1180 996 socio
1194 942 1323 1004 oriundus,
1334 944 1377 1008 qni
1388 944 1421 995 ob
1433 945 1551 1010 insignem
1563 946 1680 998 uirtutem
1692 949 1756 1001 inter
1768 950 1892 1001 nobilissi·
1933 962 1946 989 .-

1114 1049 1299 1097 mosltomanos
1312 1046 1450 1117 lrabebaiur
1470 1052 1572 1100 :mater
1594 1064 1653 1101 reno
1670 1053 1813 1116 Tarquinia,
1831 1056 1892 1104 Tar-

1029 1185 1046 1200 „
1115 1148 1194 1213 quinii
1209 1148 1285 1199 Prisci
1301 1149 1365 1227 regis
1379 1147 1429 1199 nna
1444 1169 1451 1199 ε
1465 1150 1517 1215 ipse
1531 1164 1589 1203 vero
1611 1154 1707 1220 egregie
1725 1156 1853 1207 institutus
1869 1161 1895 1209 et

1114 1253 1182 1302 omni
1195 1250 1309 1315 indigena
1322 1252 1451 1318 disciplina
1470 1252 1583 1305 emditus
1598 1258 1665 1316 erat,
1684 1259 1709 1307 et
1720 1256 1846 1322 ingenium
1856 1258 1896 1320 'ad

1114 1369 1200 1407 omnes
1217 1356 1293 1407 bonas
1314 1358 1469 1410 ethonestaa
1483 1371 1523 1410 res
1544 1360 1614 1412 laoile
1632 1360 1746 1413 babebat
1779 1365 1812 1412 At
1827 1367 1895 1427 post·
1951 1404 1956 1415 .

1114 1472 1189 1523 quarn
1198 1459 1346 1525 Tarquinius
1355 1500 1361 1516 ,
1374 1474 1439 1512 ceso
1448 1460 1537 1524 Tullio,
1550 1466 1641 1528 preter
1651 1462 1713 1514 alins
1723 1463 1816 1515 multos
1827 1465 1896 1516 viros

1115 1558 1219 1624 probos,
1234 1561 1313 1627 ipsius
1326 1576 1426 1628 quoque
1436 1566 1532 1628 patrem
1550 1563 1798 1620 clandestinamorte
1808 1569 1894 1616 sustu·

1116 1664 1156 1726 lit,
1171 1679 1219 1715 non
1230 1665 1263 1716 ob
1275 1665 1373 1731 aliquod
1387 1667 1441 1717 eius
1457 1666 1588 1729 delictum,
1608 1666 1654 1718 sed
1668 1666 1811 1719 dinitiarum
1822 1668 1894 1733 cupi·

1114 1764 1193 1817 ditate
1214 1766 1352 1828 adductus,
1375 1781 1438 1832 quas
1457 1781 1472 1819 a
1489 1768 1623 1820 maioribus
1640 1768 1745 1821 feliciter
1766 1776 1895 1837 congestas

1115 1869 1252 1922 hereditate
1266 1875 1409 1937 acceperat,
1421 1875 1446 1923 et
1460 1886 1517 1922 cnm
1536 1885 1566 1923 eo
1580 1872 1658 1923 tilium
1672 1872 1809 1924 maximum
1825 1877 1894 1936 natu,
1948 1848 1955 1883 ²

1115 1971 1201 2036 inquo
1214 1975 1362 2037 generositas
1383 1975 1458 2027 animi
1470 1975 1600 2035 elucebat,
1615 1976 1699 2040 etqui
1719 1976 1813 2028 endem
1830 1977 1895 2028 inul-

1114 2080 1166 2128 tam
1180 2092 1280 2130 manere
1298 2092 1347 2130 non
1367 2093 1455 2145 passus
1469 2079 1571 2139 luisset;
1595 2081 1686 2130 Breuis
1701 2079 1783 2131 adbuc
1795 2080 1896 2132 adoles·

1113 2189 1172 2230 cens
1185 2182 1211 2231 et
1223 2179 1291 2231 omni
1301 2184 1462 2246 cognatorum
1475 2181 1569 2232 auxilio
1583 2180 1731 2243 destitutus,
1745 2182 1840 2232 lacinus
1854 2195 1896 2247 ag-

1114 2293 1213 2345 gressus
1223 2285 1262 2332 est
1271 2282 1343 2347 longe
1351 2283 1462 2334 omnium
1473 2282 1703 2348 prudentissimum,
1717 2282 1776 2333 latui
1787 2284 1897 2348 speciem
1947 2288 1955 2323 ἲ

1115 2381 1226 2434 fictitiam
1235 2398 1361 2436 assumere
1374 2401 1381 2435 :
1394 2384 1562 2452 deincepsque
1567 2389 1711 2438 constanter
1719 2382 1897 2452 perseuerauit,

1114 2483 1193 2536 donec
1204 2489 1344 2552 opportuna
1359 2485 1485 2538 videretur
1496 2487 1579 2538 oblata
1590 2488 1704 2550 occano,
1720 2486 1746 2537 in
1760 2487 1802 2538 illa
1813 2500 1897 2538 amen·

1114 2585 1157 2638 tin
1168 2587 1337 2652 simulatione,
1351 2604 1383 2641 ea
1407 2603 1457 2655 qua
1472 2603 1607 2654 cognomen
1622 2589 1727 2655 adeptus
1748 2593 1795 2640 est.
1829 2593 1896 2641 iloc-

1114 2702 1163 2755 que
1176 2689 1212 2741 illi
1232 2689 1333 2742 unicum
1350 2691 1495 2763 praesidium
1511 2694 1558 2744 tuit
1579 2693 1700 2744 adversus
1719 2693 1819 2756 tyranni
1839 2707 1896 2744 cru·
1936 2730 1954 2745 -.

1114 2791 1241 2845 dentatam
1252 2807 1311 2845 cum
1323 2793 1396 2846 multi
1404 2793 1446 2846 alii
1458 2794 1505 2845 viri
1520 2794 1577 2845 boni
1590 2795 1707 2859 perirent.

1146 2895 1230 2946 Lxlx.
1247 2896 1396 2961 Tarquinius
1415 2895 1481 2948 enim
1498 2909 1567 2958 eam,
1583 2908 1639 2960 quae
1652 2895 1689 2945 illi
1700 2894 1780 2946 inesse
1792 2893 1897 2946 videba-

1115 2989 1166 3050 tur,
1182 3002 1269 3041 revera
1289 2995 1433 3041 tamennon
1452 2990 1546 3051 inerat,
1564 2989 1703 3041 fatuitatem
1716 2989 1789 3040 ralde
1809 2989 1895 3055 despi-

1114 3080 1315 3143 ciens,omnibus
1328 3083 1399 3135 bonis
1413 3084 1520 3148 paternis
1538 3083 1620 3148 ipsum
1640 3082 1759 3147 spoliarat
1777 3102 1783 3132 ι
1801 3086 1828 3133 et
1843 3082 1896 3132 exi-

1114 3185 1191 3235 guum
1202 3175 1322 3237 quiddam
1341 3190 1386 3240 pro
1401 3177 1468 3227 victu
1482 3175 1624 3240 quotidiano
1638 3176 1661 3227 ei
1675 3174 1851 3240 suppeditans,
1870 3181 1897 3228 ul
1941 3168 1947 3177 ⁴

1113 3266 1233 3332 pupillum
1244 3269 1369 3320 tutoribus
1380 3268 1529 3331 indigentem
1538 3267 1605 3333 apud
1618 3283 1645 3320 se
1657 3270 1789 3327 serrabat;
1803 3272 1830 3320 et
1838 3283 1896 3322 cum

1114 3360 1172 3411 dliis
1187 3364 1278 3413 cerauni
1299 3364 1453 3428 patiebatur,
1479 3377 1528 3414 non
1547 3364 1648 3414 honoris
1659 3376 1771 3423 caussa,
1787 3368 1817 3414 nt
1832 3365 1897 3428 apud

1114 3455 1262 3520 propinquos
1274 3457 1415 3517 simulabat,
1427 3457 1495 3521 quod
1506 3461 1573 3507 esset
1583 3462 1712 3521 cognatus,
1723 3457 1768 3506 sed
1779 3460 1806 3508 nt
1820 3460 1897 3510 risum

1114 3548 1311 3601 adolescentibus
1329 3554 1453 3610 moueret,
1472 3549 1551 3602 stulta
1565 3550 1791 3615 multa'prolerens
1810 3556 1837 3603 et
1852 3565 1895 3603 ve-

1115 3642 1149 3693 ris
1167 3643 1244 3695 lutuis
1265 3643 1353 3696 similia
1373 3645 1475 3710 agendo.
1510 3644 1654 3704 Quinetiam
1676 3658 1733 3696 cum
1752 3643 1817 3695 lilios
1835 3646 1897 3696 dnos

1114 3740 1233 3788 nruntem
1252 3742 1278 3789 et
1290 3738 1382 3799 Titum,
1396 3736 1524 3788 oraculum
1542 3736 1690 3803 Delphicum
1700 3737 1734 3788 de
1755 3741 1826 3802 peste
1838 3753 1896 3790 cou-

1114 3830 1223 3881 sulturos
1235 3832 1346 3883 mitteret
1361 3833 1433 3896 (nam
1450 3832 1492 3882 illo
1505 3836 1619 3895 regnante
1630 3831 1731 3884 morbus
1742 3832 1846 3896 qnidam
1862 3833 1897 3883 in·

1113 3924 1203 3975 solitus
1217 3924 1242 3975 in
1261 3926 1369 3991 virgines
1383 3930 1408 3977 et
1427 3940 1517 3990 pueros
1532 3927 1700 3991 grassabatur,
1713 3941 1764 3991 quo
1776 3926 1847 3978 multi
1861 3928 1897 3978 in·

1113 4018 1237 4083 teribant,
1258 4020 1420 4086 gravissimus
1437 4022 1463 4071 et
1477 4023 1566 4070 senatu
1584 4019 1693 4071 difficilis
1710 4020 1735 4070 in
1752 4019 1898 4072 mulieribus

1113 4114 1311 4183 pregnantibus,
1326 4114 1447 4180 siquidem
1460 4117 1554 4164 matres
1570 4113 1697 4179 cumipse
1723 4114 1784 4165 irato
1804 4116 1897 4178 passim

1114 4220 1158 4271 per
1168 4207 1264 4259 medias
1276 4208 1330 4258 rias
1340 4206 1473 4271 enecabat)
1486 4205 1553 4270 quod
1563 4205 1649 4257 erden
1663 4219 1812 4271 cognoscere
1824 4207 1898 4258 vellet

1114 4304 1140 4355 ct
1154 4301 1234 4352 morbi
1251 4315 1367 4362 causam,
1381 4305 1410 4352 et
1432 4301 1553 4352 rationem
1566 4314 1615 4364 qua
1631 4315 1662 4352 eo
1679 4305 1761 4366 posset
1785 4300 1896 4359 liberari,

1113 4389 1183 4440 illum
1197 4403 1316 4441 unacum
1330 4388 1528 4441 adolescentibus
1548 4388 1616 4440 misit
1633 4389 1755 4453 precatis,
1774 4394 1804 4440 ut
1825 4389 1898 4440 lrabe-

1115 4480 1170 4529 rent
1185 4479 1226 4530 cui
1237 4478 1321 4529 uerbis
1338 4482 1363 4529 et
1379 4479 1451 4531 lactis
1464 4477 1605 4530 illuderent.
1639 4477 1815 4529 adolescentes
1825 4478 1897 4542 igitur

1114 4580 1171 4617 oum
1185 4566 1217 4617 ad
1235 4567 1365 4618 omculum
1378 4568 1523 4631 venissent,
1536 4570 1562 4619 et
1578 4579 1724 4631 responsum
1745 4567 1897 4631 accepissmt

1113 4654 1147 4706 ob
1164 4654 1232 4719 quod
1248 4656 1318 4706 missi
1333 4656 1444 4717 inerant,
1462 4656 1570 4708 donariis
1590 4657 1639 4707 deo
1654 4654 1766 4715 donatis,
1783 4660 1811 4705 et
1826 4656 1896 4706 valde

1114 4744 1195 4796 deriso
1206 4747 1296 4806 Bmto,
1311 4744 1379 4811 qnod
1396 4745 1512 4797 baculum
1525 4745 1632 4809 lignenm
1654 4743 1759 4809 Apollini
1771 4744 1893 4801 dicasset,

1115 4834 1158 4900 (at
1172 4836 1215 4886 illo
1232 4834 1300 4886 nullo
1316 4848 1367 4886 rem
1382 4835 1476 4886 sciente
1484 4835 1601 4886 baculum
1622 4834 1759 4900 perforarat
1778 4836 1807 4883 nt
1821 4832 1895 4883 fiatu-

1114 4922 1178 4985 lam,
1190 4928 1216 4977 et
1230 4938 1330 4975 auream
1345 4924 1438 4989 virgam
1451 4924 1587 4985 indiderat)
1599 4928 1685 4987 postea
1696 4936 1729 4973 ex
1744 4920 1792 4972 deo
1808 4921 1894 4971 scisci·

1114 5012 1161 5063 tati
1170 5016 1241 5074 sunt,
1255 5025 1386 5076 quemnam
1398 5011 1449 5062 iata
1458 5014 1624 5062 Romanorum
1636 5011 1770 5076 principem
1784 5010 1894 5061 futurum

1114 5098 1294 5153 destinassent:
1305 5101 1367 5152 deus
1378 5100 1427 5151 illis
1440 5100 1577 5165 respondit,
1591 5113 1650 5151 eum
1658 5100 1702 5165 qni
1718 5101 1814 5165 primus
1822 5098 1894 5149 mani

1112 5189 1227 5240 οετυΙιιω
1250 5188 1355 5239 tulisset.
1391 5188 1429 5238 llli
1451 5189 1535 5252 igitur,
1570 5201 1629 5238 cum
1657 5202 1707 5239 non
1729 5188 1894 5253 percepissent

1113 5276 1174 5342 qnid
1183 5276 1234 5330 sibl
1248 5277 1323 5330 vellet
1338 5277 1480 5340 oraculum,
1497 5277 1561 5344 pacti
1575 5277 1640 5330 inter
1655 5291 1683 5329 se
1699 5282 1758 5329 sunt
1775 5280 1805 5328 ut
1821 5273 1895 5327 simul
