4052 5926
254 327 313 385 nti
777 321 947 382 btoltlstt
972 320 1356 382 Hlttcnltttnsstirtsts

259 484 271 508 ι
288 456 374 531 θείας,
390 454 449 515 οὔτε
463 453 562 537 φοόερά
585 445 653 513 ι’ίναι
665 454 735 514 δοκεῖ
749 451 808 513 οὔτε
817 452 887 512 πάνυ
906 452 1031 513 κατιπιί·
1084 480 1096 505 ιι
1113 474 1169 527 ques
1179 460 1377 514 aliitimendnei
1390 462 1465 514 celeri
1480 463 1590 527 indigere
1603 464 1868 529 auxilioertsttmant,

259 570 369 625 «γοντα
376 592 386 621 ,
401 547 457 611 πῶς
471 542 523 624 χρὴ
547 545 601 610 τοῖς
625 542 775 622 συμμάχοις
799 543 988 621 ἐπικουρῆσαι,
1013 542 1031 615 ἢ

258 662 272 687 ιι
290 637 351 692 καθ’
372 632 401 690 όν
416 654 475 690 τινα
487 629 583 711 τρόπον
598 628 657 696 τούς
677 630 817 706 πολεμίους
838 631 1002 707 ἀμύνασθαι·
1015 629 1033 688 ἀ

259 750 272 777 ι
290 722 385 782 δίούτε
406 718 520 798 μέγιστα
533 722 586 779 τῶν
603 721 692 778 κακῶν
710 718 858 794 νομίζουσιν
874 717 928 777 οὔτ’
950 723 1032 799 ἀναγ·

260 810 352 870 ιικαῖα
370 811 397 868 tr
413 812 450 887 τῷ
472 808 600 889 παρόντι,
628 807 738 889 ἀμελείᾳ
758 830 787 866 τε
811 806 879 867 αύτά
900 813 936 876 ὡς
960 809 1032 868 οὐδὲν

259 927 272 953 ιι
289 903 360 977 ἡμᾶς
377 899 512 981 βλάψοντα
533 898 694 978 παραδόντες
715 897 822 976 ἔχουσι,
841 903 925 955 ταῦτα
951 898 1031 978 φοόε-

259 1016 272 1043 ιι
290 990 391 1070 ρώτερά
415 1012 468 1065 μοι
490 987 625 1070 φαίνεται,
650 989 696 1047 καὶ
720 991 742 1046 εἰ
776 987 813 1058 μὴ
841 987 943 1067 ταχέως
966 987 1034 1047 adad

259 1078 479 1153 «ἐπιστήσομεν,
504 1077 619 1158 ἐσχάτης
645 1079 794 1157 ἀνατροπῆς
817 1077 861 1134 καὶ
881 1077 1033 1156 συγχύσεως

259 1193 272 1221 ι
289 1173 340 1227 τῶν
355 1172 446 1228 κοινῶν
458 1168 572 1243 alrami,
592 1191 621 1227 τε
640 1170 692 1226 τῶν
705 1170 826 1243 δημοτῶν
840 1169 960 1227 ἀπείθεια
980 1172 1033 1226 τῶν

204 1279 230 1319 10
259 1282 272 1310 ι
294 1259 342 1317 οὐκ
362 1259 502 1327 ἀξιούντων
523 1257 558 1317 τδι
583 1259 774 1332 ἐπιταττόμενοι
794 1257 845 1315 ὑπὸ
858 1260 910 1314 τῶν
925 1255 1033 1314 ὑπάτων

258 1372 271 1398 ι
287 1346 429 1424 πράττειν,
448 1345 495 1406 καί
506 1349 582 1423 ἡμῶν
600 1347 686 1404 αὐτῶν
701 1350 718 1415 η
733 1345 796 1422 πρὸς
814 1344 843 1401 τὸ
857 1344 969 1415 ἀνήκοον
985 1346 1034 1402 αὖ·

259 1438 340 1494 «τῶν
356 1436 401 1495 καί
418 1437 448 1497 τό
462 1436 638 1514 ἀλευθεριάζον
651 1433 812 1514 χαλεπότης.
830 1426 916 1510 Οἶμαι
936 1431 964 1490 δὲ
982 1457 1035 1510 μη-

257 1548 274 1580 a
292 1525 334 1584 δέν
349 1530 421 1603 ἡμᾶς
438 1525 490 1584 δεῖν
510 1527 537 1584 ἐν
552 1527 589 1605 τῷ
603 1525 714 1603 παρόντι
730 1523 854 1595 σκοπεῖν,
867 1526 889 1582 εί
908 1521 945 1597 μὴ
962 1521 1034 1588 ὅπως

259 1639 272 1666 ιι
289 1612 483 1694 ἐξαιρεθήσεται
497 1617 571 1674 ταῦτ’
583 1614 614 1671 ἐκ
630 1615 678 1684 τῆς
688 1612 805 1687 πολεως,
816 1612 862 1670 καὶ
875 1619 924 1692 μιᾷ
939 1612 1034 1676 πάντες

258 1729 271 1754 ιι
288 1702 381 1784 γνιίιμῃ
406 1702 439 1761 τά
458 1702 532 1762 rorat
555 1702 606 1782 πρὸ
626 1705 677 1760 τῶν
699 1700 770 1760 ἰδίων
793 1699 941 1781 αἱρούμενοι
963 1700 1036 1760 πολι·

262 1816 276 1845 ιι
294 1792 449 1871 πευσόμεθα.
493 1791 659 1866 Ὁμονοοῦσα
682 1789 799 1870 μὲνγὰρ
826 1794 843 1860 ἡ
866 1795 912 1861 τῆς
935 1791 1035 1854 πολεως

258 1911 272 1938 ι
290 1881 398 1961 δύναμις
411 1881 489 1955 ίκανὴ
504 1882 580 1941 ἔσται
599 1880 645 1939 καί
661 1879 744 1959 φίλοις
765 1878 911 1959 ἀσφάλειαν
931 1900 1035 1957 παρασ-

259 2001 273 2025 e
288 1981 345 2053 χεῖν
362 1971 408 2031 καί
428 1974 530 2051 ἐχθροῖς
553 1969 624 2040 δίος,
643 1968 820 2037 στασιάζουσα
838 1969 862 2026 δ’
879 1965 970 2046 ὥσπερ
988 1975 1033 2028 νῦν

258 2061 386 2122 «τούτων
406 2061 540 2139 οὐδέτερον
560 2059 591 2116 ἀν
610 2056 714 2115 δύναιτο
736 2054 937 2136 διαπράξασθαι.
960 2058 1036 2118 θαυ·

259 2179 271 2205 ι
289 2152 407 2228 μάσαιμι
424 2151 448 2209 δ’
462 2147 493 2208 ἀν
510 2151 531 2207 εἰ
548 2145 584 2224 μὴ
605 2146 651 2205 καὶ
671 2145 768 2215 ἑαυτὴν
788 2144 973 2225 διεργάσαιτο,
989 2150 1035 2204 καί

259 2270 271 2294 ιι
287 2241 422 2320 παράσχοι
442 2244 496 2305 τοῖς
511 2240 613 2316 ἐχθροῖς
639 2236 702 2314 δίχα
717 2235 797 2294 πόνου
816 2235 846 2294 ιθ
869 2236 977 2313 κράτος·
1001 2235 1033 2309 θ,

258 2355 271 2381 ιι
288 2328 327 2404 μά
340 2329 383 2386 τὸν
399 2328 449 2388 Δία
463 2325 509 2387 καί
523 2322 582 2390 τοὺς
596 2325 691 2390 ἀλλους
705 2322 794 2393 θεοὺς,
810 2326 856 2382 οὐκ
875 2327 910 2390 εἰς
930 2325 1035 2405 μακρδιν

258 2441 270 2467 ιι
289 2413 377 2489 οίομαι
397 2418 508 2473 τοιαῦτα
522 2411 732 2487 πολιτευομένων
747 2415 823 2485 ἡμῶν
842 2412 1034 2487 γενησεσθαιιι

294 2506 429 2566 xxxvl.
455 2501 655 2582 ιιΔιῳκίσμιθα
675 2500 746 2580 γάρ,
763 2504 798 2567 ὡς
812 2505 906 2581 δρᾶτε,
922 2510 968 2561 καὶ
988 2504 1036 2562 δύο

258 2620 270 2647 ιι
287 2592 375 2660 πόλεις
400 2592 514 2671 ἔχομεν,
532 2590 579 2661 τὴν
600 2588 648 2666 μίν
668 2589 732 2667 μίαν
757 2591 808 2650 ὑπὸ
833 2590 925 2657 πενίας
938 2615 968 2651 τε
989 2594 1035 2652 καί

258 2710 270 2736 ιι
290 2683 407 2760 ἀνάγκης
424 2680 585 2761 ἀρχομένην,
606 2679 654 2750 τὴν
670 2679 695 2738 δ’
708 2680 760 2739 ὑπὸ
770 2680 847 2759 κόρου
862 2683 908 2741 καί
923 2682 1032 2759 ὕβρεως.

258 2797 271 2825 ιι
289 2771 377 2838 Αἰδὼς
392 2770 419 2829 δὲ
429 2770 474 2828 καί
487 2769 586 2846 κόσμος
601 2766 647 2828 καί
667 2770 741 2841 δίκη,
762 2769 807 2850 ὑφ’
826 2761 863 2829 ὧν
880 2769 973 2829 ἀπασα
987 2795 1035 2831 πο-

259 2885 272 2911 ιι
288 2859 376 2930 λιτικιλ,
390 2857 512 2918 κοινωνία
523 2856 650 2930 σώζεται,
666 2860 731 2939 παρ’
746 2859 869 2939 οὐδετέρα
889 2861 959 2938 μένει
982 2866 1034 2920 τῶν

257 2971 273 3003 α
288 2947 400 3008 πόλεων.
421 2948 563 3027 Τοιγάρτοι
582 2945 652 3027 χειρί
667 2947 697 3004 τὸ
717 2947 818 3007 δίκαιον
833 2949 884 3023 ἤδη
902 2955 967 3030 παρ’
985 2955 1034 3011 ἀλ-

201 3062 228 3102 ao
259 3037 379 3110 ιιληλων
404 3037 591 3113 λαμόάνομεν,
616 3033 667 3094 κάν
692 3038 730 3116 τῷ
755 3040 895 3119 βιαιοτέρῳ
930 3040 1034 3117 τίθεμεν

257 3151 273 3183 α
287 3126 317 3186 τὸ
332 3128 447 3199 δικαιόν,
469 3124 559 3205 ὥσπερ
584 3123 619 3183 τά
644 3125 740 3206 θηρία,
760 3126 790 3185 τδ
813 3129 957 3188 ἀντίπαλον
977 3129 1034 3197 ε’ξο-

258 3243 271 3269 ι
287 3218 364 3274 λε’σαι
387 3216 455 3292 μετὰ
477 3220 524 3275 τοῦ
546 3213 673 3296 σφετέρου
695 3219 779 3274 κακοῦ
805 3215 992 3295 βουληθέντες,
1016 3219 1033 3291 ἢ

258 3331 270 3358 ιι
292 3303 322 3362 τὸ
343 3307 444 3371 ἑαυτοῖς
467 3303 584 3384 ἀσφαλές
609 3303 783 3385 φυλάττοντες
810 3303 879 3379 μιτά
904 3311 949 3364 τοῦ
974 3309 1034 3366 δια-

258 3422 271 3447 ιι
288 3392 368 3474 φόρου
385 3398 460 3474 κοινῇ
482 3396 623 3455 σεσῶσθαι.
638 3383 693 3451 Ὧν
721 3390 772 3471 ἐγὼ
790 3395 860 3469 epm
885 3394 949 3465 ἀξιῶ
971 3400 1035 3457 πολ-

201 3521 228 3560 ts
257 3507 272 3539 ιι
288 3479 336 3553 λην
352 3482 477 3560 πρόνοιαν
491 3481 668 3553 ποιήσασθαι,
684 3481 781 3560 βουλὴν
796 3482 863 3561 ὑπὲρ
875 3484 961 3543 αὐτῶν
970 3483 1035 3542 τού-

258 3601 270 3626 ιι
287 3597 340 3633 των
351 3572 527 3649 καθίσαντας,
540 3572 644 3630 ἐπειδὰν
656 3570 807 3644 ἀπολύσητε
822 3571 869 3639 τάς
878 3573 1032 3652 πρεσόείας.

186 3650 190 3658 ³
258 3692 270 3717 ιι
286 3662 319 3725 Ἃ
335 3662 362 3722 δέ
377 3670 435 3729 ταῖς
457 3660 608 3742 πρεσίείαις
623 3660 815 3741 ἀποκρίνασθαι
830 3664 857 3720 ἐν
871 3666 909 3739 τῷ
924 3663 1035 3741 παρόντι

258 3752 426 3830 υπαραινεῖν
450 3749 520 3829 ἔχοι,
544 3747 619 3807 ταῦτ’
642 3753 725 3809 ἐστιν·
750 3748 841 3820 ἐπειδὴ
870 3753 1034 3811 Οὐολοῦσκοι

258 3867 270 3893 ι
290 3841 338 3918 μίν
353 3842 511 3899 ἀπαιτοῦσιν
532 3842 603 3914 ἡμᾶς
616 3838 655 3909 ,ἀ
674 3839 764 3905 όπλοις
778 3839 958 3919 κρατήσαντες
977 3839 1036 3919 έχο-

202 3946 229 3983 ro
255 3952 350 4006 ιμεν,
378 3928 424 3988 καὶ
458 3928 587 4003 πολεμον,
618 3929 756 3986 ἀπειλοῦσι
787 3926 825 4005 μὴ
856 3928 1034 4005 πειθομένοις,

259 4045 270 4068 ιι
287 4016 351 4075 τάδε
371 4016 506 4094 λέγιιιμεν,
529 4015 571 4076 ότι
594 4014 727 4093 Ῥωμαῖοι
746 4018 889 4084 καλλίστας
915 4019 1035 4094 ὐπολαμ-

260 4102 406 4177 ιιόάνομεν
430 4107 534 4176 κτήσεις
554 4094 621 4163 εἶναι
641 4104 686 4162 καί
706 4105 888 4179 δικαιοτάτας,
904 4105 921 4164 ἀ
935 4103 967 4164 ἀν
984 4129 1036 4165 κα-

261 4195 434 4271 «πάσχοιμεν
456 4192 573 4267 πολέμου
595 4191 721 4260 λαθόντες
745 4195 791 4254 καί
816 4194 904 4275 νόμῳ,
928 4195 974 4254 καί
991 4198 1038 4255 οὐκ

257 4311 269 4337 ι
289 4280 320 4342 ἀν
334 4278 524 4373 ὑπομείναιμεν
546 4281 635 4363 μωρίᾳ
651 4282 700 4355 τὴν
715 4282 811 4363 ἀρετ-δν
832 4284 960 4365 ἀφανίσαι
985 4310 1039 4346 πα-

203 4386 229 4425 ts
260 4369 412 4453 ιραδόντες
433 4370 501 4428 αύτά
522 4374 576 4439 τοῖς
600 4372 795 4432 ἀπολωλεκόσι·
817 4375 989 4446 κοινωνητέον
1010 4396 1039 4433 τε

259 4470 357 4522 «πᾶσι
381 4460 428 4520 καί
451 4462 504 4527 τοῖς
528 4463 558 4520 ἐκ
581 4460 679 4521 τούτων
712 4465 860 4543 γενομένοις
882 4464 1039 4525 καταλιπεῖν

261 4581 273 4604 ιι
291 4551 488 4629 ἀγωνιούμεθα·
499 4554 544 4608 νύν
556 4548 583 4609 ἀί
595 4552 767 4632 ὑπαρχόντων
781 4552 834 4625 ἤδη
847 4554 1039 4633 στερησόμεθα,

262 4668 273 4692 ιι
290 4641 336 4701 καὶ
351 4640 458 4709 ἑαυτούς
479 4638 528 4699 ὅσα
552 4638 695 4716 πολεμίους
716 4642 865 4723 βλάψομεν.
918 4642 1040 4701 Λατίνων

263 4755 275 4781 ιι
294 4728 321 4787 ἀί
343 4728 372 4787 τδ
388 4726 479 4789 εὔνουν
501 4728 684 4797 ἐπαινέσαντες
699 4728 923 4804 ἀναθαρσύνωμεν
948 4728 978 4787 τό
999 4731 1040 4789 δε-

207 4830 234 4868 to
264 4841 279 4872 α
297 4817 367 4889 διὸς,
392 4822 427 4885 ιίις
446 4821 494 4878 οὐκ
510 4819 742 4899 ε’γκαταλείψοντες
762 4817 870 4888 αὐτούς,
895 4818 943 4879 έιιιτ
964 4816 995 4875 ἀν
1010 4820 1040 4878 τὸ

266 4927 279 4960 ε
297 4906 390 4965 πιστὸν
410 4908 578 4988 φυλάσσωσιν
593 4911 620 4968 ἀν
635 4907 719 4967 οὐδενὶ
741 4908 816 4985 δεινῷ
837 4907 990 4984 γενομένους
1006 4909 1039 4967 δι’

264 4994 382 5065 «ἡμᾶς,
398 4993 466 5053 ἀλλά
486 4995 596 5073 δύναμιν
619 4996 712 5067 ἱκανὴν
735 4995 843 5071 ἀμύνειν
865 4999 952 5064 αὐτοῖς
970 4999 1040 5074 πέμ·

264 5104 276 5130 ι
292 5079 384 5157 ιβοντις
403 5081 433 5137 οὗ
452 5083 497 5141 διὰ
503 5088 618 5165 μακροῦ.
640 5082 749 5152 Ταύτας
764 5086 882 5161 ἡγοῦμαι
897 5085 1040 5163 κρατίστας

266 5193 279 5219 ιι
296 5187 324 5225 τι
342 5165 387 5224 καὶ
398 5167 567 5239 δικαιοτάτας
584 5172 689 5232 ἔσεσθαι
702 5173 748 5241 τάς
759 5172 922 5254 ἀποκρίσεις.
940 5175 1042 5235 ’einal-

1089 568 1102 593 ι
1116 563 1197 613 περιτο
1209 550 1318 602 timenda
1333 565 1413 618 oeque
1424 552 1497 603 ratde
1511 553 1622 617 urgentia
1631 552 1764 616 ridentur,
1776 555 1871 607 scilieet

1088 657 1102 686 ιι
1116 641 1191 693 modo
1202 642 1322 692 auxilium
1333 642 1407 694 sociis
1421 643 1454 694 sit
1464 642 1602 706 ferendum,
1616 646 1661 696 aut
1674 659 1781 708 ιμιοοειιι
1794 647 1871 697 modo

1089 748 1102 773 ιι
1117 730 1202 780 trustes
1223 731 1356 794 repellendi
1376 752 1384 782 ε
1404 746 1461 797 qum
1481 746 1541 783 rem
1566 745 1647 796 neque
1672 733 1778 784 marimo
1804 736 1871 785 mala

1089 838 1102 864 ι
1116 818 1158 870 alli
1171 818 1325 880 existimant,
1338 834 1419 885 neque
1430 822 1455 871 ia
1468 822 1584 885 praesenti
1595 835 1680 872 rerum
1698 826 1765 873 statu
1776 837 1872 888 urgen-

1089 927 1101 951 ·
1120 909 1169 966 tia,
1180 912 1205 959 et
1215 923 1273 974 quae
1284 909 1409 974 negligunt
1419 911 1491 973 quasi
1500 910 1596 961 nullum
1605 909 1722 961 damnum
1736 912 1809 963 nobis
1820 914 1874 964 sint

1090 1014 1103 1041 ι
1117 995 1230 1057 allatura,
1244 996 1299 1047 hee
1308 996 1370 1049 mihi
1379 1000 1457 1062 magis
1471 998 1642 1060 formidanda,
1658 1002 1685 1048 et
1695 1000 1744 1049 nisi
1757 1001 1830 1051 ocius
1844 1015 1874 1052 ea

1090 1102 1103 1128 ι
1119 1086 1485 1149 represserimns‚e1tremam
1519 1087 1672 1138 eversionem
1694 1092 1723 1139 et
1744 1090 1874 1140 confusio·

1091 1186 1177 1224 eoem
1192 1174 1333 1238 reipublice
1352 1174 1457 1225 allatura
1478 1174 1609 1251 ridentur,
1632 1178 1763 1228 nimirum
1783 1183 1873 1239 coatu-

1091 1280 1103 1304 ιι
1118 1261 1197 1312 mucia
1218 1262 1295 1327 plebis
1311 1264 1448 1314 recusantis
1460 1264 1593 1314 consulum
1603 1264 1726 1329 imperata
1740 1246 1876 1329 facereRt

1091 1371 1103 1395 ι
1117 1356 1203 1402 nostra
1219 1352 1330 1415 ipsemm
1343 1353 1368 1402 in
1383 1353 1540 1404 refractarios
1554 1356 1581 1404 et
1598 1353 1700 1404 liberius
1714 1367 1742 1405 se
1761 1359 1876 1419 gerentes

1090 1460 1102 1484 ιι
1118 1440 1252 1492 acerbitas.
1304 1429 1424 1493 Existimo
1446 1446 1528 1493 autem
1547 1442 1609 1493 nulli
1635 1443 1677 1493 alii
1699 1443 1735 1494 rei
1756 1444 1828 1495 nobis
1850 1446 1875 1496 in

1091 1547 1102 1571 ι
1119 1528 1251 1591 praeseutia
1271 1532 1324 1579 tarn
1344 1543 1398 1579 esse
1412 1530 1611 1594 prospiciendum
1623 1545 1700 1596 quam
1712 1532 1785 1589 truie,
1801 1538 1829 1583 nt
1843 1547 1875 1584 ex

1090 1634 1103 1660 ιι
1119 1616 1182 1668 urbe
1205 1616 1261 1668 hoec
1282 1618 1348 1668 mala
1371 1619 1507 1681 tollantur,
1531 1624 1557 1670 ct
1577 1634 1664 1671 omnes
1687 1634 1737 1671 uno
1754 1635 1874 1672 consensu

1091 1723 1104 1749 ι
1118 1706 1247 1756 commoda
1262 1707 1359 1770 publica
1376 1708 1478 1771 privatis
1496 1711 1682 1772 anteponentes,
1695 1711 1874 1774 rempublicam

1091 1794 1329 1847 «administremus.
1350 1796 1376 1847 Sl
1397 1799 1463 1848 enirn
1485 1797 1629 1861 reipublice
1648 1800 1716 1849 vires
1738 1800 1874 1851 concordes

1090 1903 1103 1927 ιι
1118 1883 1228 1947 fuerint,
1248 1885 1319 1934 facile
1331 1885 1425 1949 peterit
1446 1889 1473 1937 et
1487 1887 1582 1937 amieos
1593 1887 1626 1937 ab
1638 1888 1714 1938 hoste
1724 1892 1796 1940 tutos
1817 1890 1874 1941 red·

1090 1993 1104 2018 ιι
1118 1973 1192 2033 dere,
1206 1975 1232 2024 et
1243 1973 1349 2025 iuiuricis
1368 1981 1489 2027 terrorem
1507 1977 1617 2029 incutere
1637 1997 1644 2027 ι
1663 1977 1791 2030 discordes
1814 1994 1875 2031 vero

1090 2080 1103 2107 ιι
1119 2061 1163 2127 (ut
1176 2063 1257 2125 nunc)
1268 2061 1358 2112 bemm
1368 2068 1485 2116 neutrum
1497 2066 1660 2129 praestabunt.
1694 2067 1805 2118 Mirabor
1815 2082 1876 2119 rere

1090 2168 1103 2193 ιι
1118 2150 1167 2201 nisi
1186 2150 1241 2201 bac
1260 2151 1396 2204 ἀίισοεάθα
1412 2154 1493 2217 ipsam
1520 2156 1699 2221 rempublicam
1716 2156 1831 2208 conficiat
1845 2172 1876 2209 ae

1090 2256 1104 2285 ιι
1118 2239 1219 2304 perdat,
1234 2243 1260 2291 et
1271 2242 1325 2292 sine
1334 2240 1385 2292 ulto
1397 2241 1481 2293 labere
1495 2243 1609 2295 troetlbus
1625 2247 1750 2297 riemriam
1766 2247 1851 2297 tradet
1867 2260 1873 2291 τ

1091 2347 1104 2373 ιι
1123 2327 1147 2379 id
1159 2328 1227 2392 qued
1245 2343 1290 2393 per
1308 2332 1390 2380 torem
1410 2336 1554 2395 ceterosque
1566 2332 1627 2384 deos
1639 2335 1708 2385 breri
1726 2338 1874 2386 eventurum

1090 2436 1103 2461 ιι
1119 2418 1228 2482 puto‚si
1244 2418 1279 2469 ita
1298 2420 1476 2483 rempublicam
1490 2421 1665 2474 administrare
1675 2424 1794 2487 pergatis.

1119 2507 1232 2557 xxxvl.
1249 2525 1262 2549 ιι
1272 2506 1351 2557 Divisi
1362 2508 1427 2557 eninr
1439 2522 1527 2560 sumus
1540 2511 1697 2576 (uiridetis)
1709 2514 1736 2563 et
1747 2512 1812 2563 duas
1823 2513 1871 2563 lra-

1090 2618 1102 2643 ιι
1120 2598 1210 2650 bernus
1221 2599 1335 2653 civitates
1347 2619 1354 2651 ι
1365 2615 1472 2666 quarum
1487 2605 1590 2654 alteram
1605 2609 1740 2670 paupertas
1754 2610 1780 2656 et
1793 2619 1876 2657 neces·

1090 2714 1102 2737 ιι
1117 2694 1180 2745 sitas
1196 2699 1299 2758 regunt,
1314 2695 1420 2747 alteram
1431 2697 1583 2749 abundantia
1598 2703 1624 2749 et
1637 2699 1763 2763 superbia.
1797 2700 1878 2751 Pudor

1090 2808 1103 2833 ιι
1124 2802 1186 2841 rere
1201 2793 1228 2840 et
1249 2790 1371 2841 modestia
1385 2805 1415 2841 ac
1431 2792 1540 2853 iustitia,
1555 2791 1649 2855 qulbus
1660 2793 1743 2844 omnis
1757 2793 1880 2844 eirilfsse

1090 2902 1104 2927 ιι
1120 2883 1199 2935 cletas
1216 2887 1390 2945 conservatur,
1410 2886 1441 2935 ab
1459 2888 1563 2950 unaque
1583 2887 1708 2938 exsulant.
1742 2890 1793 2937 lum
1811 2888 1877 2938 euim

1090 2991 1102 3014 ‘¹
1117 2991 1162 3042 per
1182 2977 1233 3028 rim
1253 2978 1297 3028 alii
1316 2977 1349 3028 ab
1372 2977 1428 3027 allis
1447 2978 1486 3027 ius
1506 2985 1618 3031 nostrum
1638 2980 1791 3045 repetimus,
1813 2985 1839 3032 et
1852 2984 1878 3034 in

1089 3092 1102 3116 ιι
1119 3085 1219 3123 summa
1233 3071 1350 3121 violentia
1368 3084 1494 3122 summum
1506 3072 1545 3123 ius
1558 3074 1686 3137 ponimus.
1700 3075 1823 3137 mnquam
1842 3075 1876 3125 fe·

1089 3185 1101 3209 ι
1119 3179 1167 3225 νιος
1191 3163 1371 3228 malumusque
1390 3163 1545 3215 adversarios
1560 3169 1646 3216 nostro
1665 3166 1731 3216 malo
1755 3167 1875 3230 perdere,

1089 3273 1102 3297 ιι
1116 3271 1189 3321 quem
1201 3261 1292 3308 nostrae
1306 3257 1469 3308 incolumitati
1484 3258 1641 3309 consulentes
1654 3257 1726 3309 simul
1739 3272 1797 3309 curn
1814 3260 1878 3324 ipsis

1094 3374 1108 3401 ιι
1126 3352 1228 3405 serrari.
1263 3353 1358 3411 Quibus
1368 3352 1444 3402 rebus
1460 3357 1488 3402 ut
1500 3356 1616 3404 accurate
1629 3354 1797 3418 prospiciatis.
1814 3368 1877 3405 con·

1089 3473 1102 3498 ιι
1116 3448 1249 3500 cultatione
1268 3450 1324 3512 post
1341 3445 1459 3498 dimissos
1483 3447 1577 3511 legatos
1597 3447 1629 3497 de
1650 3447 1693 3499 lris
1712 3447 1879 3510 institute,a

1089 3559 1102 3587 ιι
1118 3540 1188 3590 rolris
1200 3543 1268 3604 peto.
1303 3541 1427 3603 Responsa
1437 3552 1508 3601 rere,
1529 3552 1586 3604 qua
1603 3539 1768 3604 legationibus
1777 3538 1803 3589 in
1814 3554 1879 3604 prer-

1089 3653 1102 3676 ιι
1119 3632 1198 3683 sentia
1212 3630 1413 3692 momoderate,
1425 3630 1481 3680 brec
1494 3634 1562 3682 sunt:
1578 3631 1784 3695 quandoquidem
1796 3630 1878 3683 volsci

1091 3743 1103 3766 ιι
1118 3741 1134 3776 a
1148 3726 1218 3775 uobis
1234 3731 1355 3790 repetunt
1367 3739 1411 3782 ea,
1426 3739 1484 3789 qua
1493 3725 1603 3776 victores
1617 3724 1694 3776 armis
1706 3726 1878 3789 quesivimus,

1091 3838 1103 3861 ιι
1119 3824 1144 3870 et
1164 3819 1237 3869 nobis
1262 3820 1309 3869 nisi
1333 3820 1455 3883 imperate
1475 3819 1606 3871 fecerimus
1626 3819 1721 3871 bellum
1738 3821 1879 3886 ιιιίιιιιιιιιι,

1093 3930 1104 3953 ι
1119 3912 1173 3962 brec
1181 3912 1372 3975 respondeamus
1383 3930 1389 3960 :
1401 3926 1447 3964 uos
1455 3915 1579 3965 Romanos
1588 3913 1733 3965 existimem
1741 3927 1773 3965 ea
1785 3914 1878 3964 bones·

1093 4020 1104 4043 ιι
1122 4000 1216 4050 tissime
1234 4004 1261 4051 et
1285 4001 1419 4052 iustissime
1449 4003 1644 4065 quaestinem,
1667 4017 1725 4067 quae
1746 4003 1802 4054 lure
1824 4003 1879 4054 beiti

1093 4117 1105 4142 ιι
1122 4099 1215 4150 fuerint
1230 4102 1315 4163 parta,
1336 4113 1416 4163 aeque
1437 4114 1546 4165 unquam
1565 4113 1611 4151 nos
1622 4113 1741 4165 passuros
1757 4107 1786 4153 ut
1800 4101 1880 4153 virtus

1092 4219 1105 4243 ι
1124 4199 1228 4250 stultitia
1240 4200 1360 4259 delentur,
1372 4200 1439 4263 quoti
1457 4199 1529 4252 fleret
1539 4202 1561 4251 si
1572 4215 1613 4252 res
1623 4204 1708 4266 partas
1721 4202 1879 4254 traderemus

1093 4319 1105 4343 ι
1120 4298 1164 4360 iis,
1177 4299 1219 4363 qul
1229 4312 1271 4349 ees
1281 4300 1431 4359 amiserunt3
1444 4298 1489 4351 sed
1498 4315 1542 4352 nos
1555 4299 1658 4351 daturos
1672 4316 1773 4367 operam
1785 4306 1813 4352 ut
1823 4302 1878 4352 hee

1094 4397 1335 4449 «communicemus
1350 4411 1408 4447 cum
1426 4398 1517 4448 nostris
1535 4400 1651 4450 omnibns
1665 4400 1784 4464 posteris,
1800 4401 1878 4463 atque

1094 4516 1106 4540 ιι
1121 4494 1174 4546 baec
1188 4495 1248 4558 ipsis
1261 4496 1440 4560 relinquamus.
1475 4486 1580 4561 Alioqui
1599 4497 1622 4548 si
1645 4498 1722 4550 rebus
1738 4500 1787 4550 iem
1797 4500 1878 4561 partis

1094 4612 1106 4637 ιι
1123 4591 1169 4657 ipsi
1182 4605 1227 4642 nos
1238 4591 1419 4648 fraudaremus,
1430 4606 1476 4642 nos
1487 4591 1554 4657 ipsos
1566 4592 1691 4645 hostiliter
1702 4598 1877 4646 tractaremus.

1093 4713 1105 4733 ιι
1121 4689 1232 4741 Laudato
1244 4694 1328 4741 autem
1346 4690 1490 4741 Latinorum
1511 4690 1700 4757 benevolentia,
1721 4706 1810 4745 comm
1822 4692 1875 4743 anl-

1094 4808 1106 4832 ιι
1125 4804 1179 4840 mos
1188 4789 1365 4840 confirmemus
1373 4793 1400 4839 et
1414 4792 1509 4840 metum
1521 4789 1669 4852 eximamus,
1680 4795 1705 4842 et
1716 4791 1877 4855 polliceamur

1095 4909 1107 4931 ιι
1124 4890 1174 4939 foro
1186 4893 1214 4940 nt
1234 4888 1257 4937 in
1271 4889 1337 4939 nullo
1355 4887 1481 4952 periculo,
1501 4888 1568 4952 quod
1584 4893 1672 4940 nostra
1689 4903 1779 4941 caussa
1797 4891 1876 4940 subie-

1095 4985 1184 5047 «rint,
1206 4998 1250 5037 cos
1272 5000 1381 5050 uuquam
1403 4985 1562 5048 deseramus,
1587 4987 1667 5039 donee
1687 4989 1762 5039 fldem
1793 5002 1875 5040 εειεο-

1095 5103 1108 5128 ι
1125 5083 1185 5143 rint,
1202 5082 1245 5133 red
1268 5082 1339 5133 lueri
1361 5095 1407 5134 nos
1424 5084 1472 5134 illis
1491 5088 1590 5136 tautum
1613 5086 1739 5151 eopiamm
1756 5087 1875 5137 missuros

1096 5203 1108 5226 ιι
1122 5186 1244 5246 quantum
1264 5181 1324 5232 satis
1343 5183 1417 5234 fuerit
1439 5184 1469 5234 ed
1487 5184 1597 5236 hosfium
1616 5186 1666 5237 rim
1685 5186 1873 5238 defendendam.
