3980 5936
247 365 308 426 uit

246 498 341 578 ίτοχον
356 496 407 579 γὰρ
426 497 491 576 ὑπὲρ
514 497 601 556 αὑτῶν
622 494 722 555 τούτων
746 496 958 577 συνεδρεύοντες·
979 497 1025 557 καλ

245 587 419 669 παρελθόντες
439 586 558 659 ἰδίοντα,
580 583 648 663 μήτε
669 585 763 652 αὑτοὺς
791 586 826 646 τδι
850 586 952 666 ἔσχατα
976 609 1024 646 πε·

246 675 371 742 τονθότας
392 676 533 757 περιϊδεῖν,
562 672 632 753 μήτε
655 673 700 732 τὸν
724 675 808 751 δῆμον
850 674 1025 756 ἀφαιρεθέντα

244 764 293 836 τὴν
308 763 335 833 ἐξ
347 765 432 823 αὑτῶν
450 760 590 843 βοήθειαν,
608 758 747 830 διεξιόντες
767 762 817 823 θσα
834 754 904 836 ἦσαν
927 786 1025 823 πεπον·

205 866 219 904 ο
244 850 316 921 θότες
338 852 390 910 ὑπὸ
410 857 464 912 τῶν
479 849 585 910 ὑπάτων
603 849 649 910 καὶ
664 853 711 923 τῆς
735 852 796 933 περί
822 851 915 920 αὐτοὺς
941 875 1024 912 συνω-

245 941 361 1016 μοσίας,
381 943 410 1000 ού
427 940 505 1018 μόνον
527 942 563 1007 εἰς
587 936 635 1011 ris
658 937 782 1007 ίξοναίαν
798 939 866 999 ἀλλὰ
881 942 927 999 καὶ
942 943 978 1008 εἰς
992 941 1025 998 τά

244 1028 357 1105 σώματα
373 1026 641 1111 προπηλακισθέντες.
672 1026 776 1097 Ἥξίουν
789 1052 817 1087 τε
833 1030 902 1087 δυεῖν
917 1028 1024 1110 θάτερον

243 1127 327 1177 ποιεῖν
341 1116 401 1185 τοὺς
423 1118 552 1182 ὑπάτους·
567 1117 590 1174 εί
614 1113 662 1187 piu
678 1118 817 1193 ἀρνοῦνται
841 1116 923 1193 μηδὲν
945 1106 981 1175 ὧν
1000 1124 1025 1176 ol

245 1205 320 1281 νόμοι
331 1205 513 1265 κεκωλύκασιν
528 1205 564 1269 είς
577 1202 611 1261 rie
624 1206 676 1261 τῶν
696 1205 842 1284 δημάρχων
863 1206 1025 1282 πλημμελῆ-

195 1305 218 1342 ¹⁰
246 1317 291 1352 σαι
306 1292 432 1372 σώματα,
447 1291 675 1373 παραγενομένους
691 1295 727 1358 είς
739 1289 787 1363 τὴν
803 1292 946 1364 ἐκκλησίαν
960 1296 1026 1353 ἀπο-

246 1386 340 1459 μόσαι·
358 1386 381 1442 εἰ
402 1382 430 1441 δὲ
448 1386 497 1462 οὔχ
521 1380 681 1458 ὑπομένουσι
703 1381 747 1441 τὸν
774 1381 868 1460 ὅρκον,
884 1380 959 1454 ἥκειν
982 1381 1025 1441 ist

244 1472 305 1542 τούς
326 1472 442 1549 δημότας
456 1471 532 1550 λόγον
555 1469 712 1549 ὑφέξοντας·
733 1468 876 1529 ἀναδώσειν
892 1469 944 1550 γδιρ
959 1469 1025 1552 ὑπλρ

246 1564 332 1621 αὐτῶν
354 1564 412 1627 ταῖς
428 1561 522 1639 φυλαῖς
544 1556 592 1630 τὴν
616 1560 715 1639 ψῆφον.
740 1560 775 1618 Oi
795 1559 823 1616 δὲ
846 1558 942 1618 ύπατοι
962 1558 1025 1639 πρὸς

245 1651 318 1709 ταῦτ’
350 1652 542 1725 ἀπελογοῦντο,
584 1648 751 1713 διδάσκοντες
782 1645 822 1705 ότι
845 1651 892 1719 τῆς
928 1645 1026 1728 θύρεως

194 1752 219 1790 tn
245 1741 269 1797 οί
285 1736 418 1817 δήμαρχοι
439 1735 559 1815 ἄρξειαν,
584 1734 711 1817 αύθαδεία
724 1734 891 1816 χρησάμενοι
905 1736 950 1795 καὶ
965 1737 1025 1794 τολ·

246 1826 377 1905 μήααντες
400 1828 436 1890 είς
457 1824 566 1885 ὑπάτων
586 1825 701 1903 αόνματα
722 1836 908 1904 παρανομεῖν,
927 1826 959 1885 τὸ
978 1824 1025 1903 μίν

245 1918 349 1993 πρῶτον
372 1912 514 1991 ὑπηρέταις
537 1913 627 1972 τεκαὶ
650 1912 825 1993 ἀγορανόμοις
843 1913 1026 1982 ἐπιτάττοντες

245 2002 318 2081 ἀγειν
335 2004 370 2070 είς
385 2003 417 2072 τὸ
435 2000 617 2081 δεσμωτήριον
640 2000 786 2080 ἄρχοντας,
806 1991 843 2068 οἷς
865 2001 896 2060 rb
916 2000 1025 2060 πάντων

246 2090 403 2151 ἀποδίδοται
420 2091 530 2169 κράτος,
552 2088 634 2147 ἔπειτ’
651 2089 725 2147 αὐτοὶ
742 2090 922 2165 τολμήσαντες
943 2089 1024 2167 δμόσε

191 2189 218 2228 2⁰
244 2188 340 2260 χωρεῖν
358 2180 404 2240 οὑν
415 2183 470 2245 τοῖς
487 2179 665 2255 ἰταμωτάτοις
679 2180 731 2235 τῶν
747 2178 913 2253 δημοτικῶν·
933 2177 982 2246 τάς
996 2202 1025 2238 τε

244 2266 329 2348 ἀρχδις
343 2267 510 2335 διδάσκοντες
520 2265 580 2325 θσον
599 2263 724 2337 ἀλλήλων
739 2264 924 2346 διαφέρουσιν,
942 2271 959 2338 ἡ
977 2266 1025 2344 μὲν

245 2356 362 2430 ὑπατικὴ
375 2357 406 2414 τό
419 2360 472 2416 τίίν
489 2354 620 2433 βασιλέων
634 2353 733 2432 ἔχοντα
756 2354 871 2433 κράτος,
896 2359 912 2427 ἡ
935 2354 963 2414 δὲ
979 2357 1025 2430 δη-

245 2445 365 2527 μαρχικὴ
379 2450 427 2516 τῆς
445 2442 565 2526 βοηθείας
588 2449 665 2502 ἕνεκα
685 2444 884 2523 παρεληλυθυῖα
906 2448 958 2503 τῶν
977 2468 1026 2503 κα-

244 2533 425 2615 τισχυομένων
434 2524 471 2613 ,ᾗ
490 2530 615 2592 τοσούτου
637 2531 689 2589 δεῖν
703 2529 798 2598 ίξεῖναι
812 2530 882 2591 κατὰ
893 2535 946 2590 τῶν
961 2534 1026 2592 ὑπά·

191 2632 218 2670 2⁶
244 2647 298 2684 των
308 2621 377 2690 τινὸς
392 2624 478 2705 ψῆφον
500 2618 651 2679 ἀναδιδόναι
673 2626 729 2686 τοῖς
749 2619 852 2700 ὄχλοις,
873 2619 942 2680 ὥστε
958 2621 1025 2699 μηδδ

244 2712 315 2774 κατά
332 2711 488 2771 τῶνᾶλλων
509 2711 655 2789 πατρικίων
677 2714 723 2768 τοὺ
739 2710 905 2789 φαυλοτάτου
924 2711 1024 2783 ταύτην

244 2800 419 2862 ἀποδεδόσθαι
432 2799 480 2871 τὴν
503 2797 639 2869 ἐξουσίαν,
662 2796 694 2855 διν
708 2797 746 2876 μὴ
766 2801 784 2868 ἡ
803 2798 883 2876 βουλὴ
907 2796 1025 2879 φηφίαη·

244 2914 301 2952 ται.
344 2887 485 2948 Ἠπείλουν
500 2910 544 2960 τε,
562 2883 625 2945 όταν
638 2886 732 2945 ίκεῖνοι
742 2887 827 2967 ψῆφον
842 2887 958 2944 ἀναδῶαι
973 2887 1026 2954 τοῖς

245 2977 388 3056 δημόταις,
404 2975 480 3036 αύτοῖ
493 2974 528 3034 τδι
540 2973 611 3033 ὅπλα
625 2972 778 3054 περιθήσειν
791 2982 845 3041 τοῖς
866 2974 1023 3055 πατρικίοις.

192 3074 218 3114 ³⁰
244 3066 379 3129 Τοιούτων
392 3066 424 3137 δὴ
441 3063 571 3146 ῥηθέντων
586 3061 671 3140 λόγοιν
689 3064 722 3121 δι’
737 3058 799 3133 ὅλης
817 3060 935 3141 ἡμέρας,
951 3063 1024 3121 οὐδὲν

245 3155 410 3233 ἐξήνεγκενὴ
427 3151 509 3232 βουλὴ
529 3151 618 3224 τύλος,
636 3149 679 3209 ἵνα
697 3149 764 3226 μήτε
784 3147 831 3222 τὴν
852 3151 904 3208 τῶν
917 3150 1024 3210 ὑπάτων

245 3242 330 3323 ἀρχὴν
346 3240 482 3319 μειώσειε,
504 3238 572 3317 μήτε
585 3244 634 3311 τὴν
648 3244 701 3298 τῶν
717 3238 882 3319 δημάρχων,
900 3238 1024 3319 ἑκάτερον

245 3335 334 3412 δρῶσα
350 3330 473 3407 μεγάλων
487 3325 612 3389 κινδύνων
631 3326 715 3388 αίτιον
730 3326 863 3403 ἐσόμενον.

284 3421 404 3483 XXXV.
427 3419 504 3481 Ἐπεί
531 3417 558 3477 δὲ
583 3419 703 3477 κάκεῖθεν
728 3416 905 3488 ἀπηλάθησαν
933 3420 956 3477 οἱ
978 3418 1025 3490 δή·

193 3513 218 3553 θῠ
246 3533 346 3592 μαρχσι
368 3508 489 3588 βοήθειαν
515 3505 639 3583 οὐδεμίαν
658 3504 807 3585 εὑρόμενοι,
825 3507 953 3567 ἐσκόπουν
975 3498 1025 3566 αύ-

246 3605 283 3667 θις
297 3598 348 3658 δτι
360 3597 413 3679 χρὴ
424 3598 508 3658 ποιεῖν
522 3598 557 3664 είς
570 3595 615 3655 τδν
628 3595 712 3671 δῆμον
730 3593 896 3674 ἀφικόμενοι.
927 3595 1026 3665 Ἐνίοις

247 3688 294 3759 μὲν
309 3679 352 3746 οὖν
370 3685 472 3760 ἐδόκει,
491 3684 538 3744 καὶ
554 3682 670 3761 μάλιστα
692 3690 745 3747 τοῖς
761 3684 1024 3763 ταραχωδεστάτοις,

247 3774 352 3836 ἀπιέναι
363 3777 444 3835 πάλιν
456 3776 487 3832 ἐκ
497 3778 545 3845 τῆς
553 3772 655 3838 πόλεως
663 3769 722 3838 τοὺς
732 3773 888 3848 δημοτικούς
911 3773 945 3832 τδι
956 3775 1025 3833 δπλα

247 3864 481 3941 άναλαμθάνοντας
493 3866 530 3929 τίς
543 3860 573 3920 τδ
584 3861 654 3941 ἱερὸν
667 3859 734 3940 ύρος,
744 3858 805 3919 ίνθοι
816 3860 862 3918 καλ
877 3860 907 3919 τὸ
921 3865 1025 3943 πρῶτον

193 3992 220 4031 40
247 3950 534 4034 ἐστρατοπεδεύσαντο,
561 3950 608 4010 καλ
622 3950 668 4007 τὸν
688 3950 804 4026 πόλεμον
825 3954 922 4011 ἐκεῖθεν
937 3956 1026 4031 ὑρμω-

249 4040 341 4117 μένους
359 4050 444 4099 ποιεῖν
456 4039 521 4119 πρδς
534 4037 593 4106 τοὺς
614 4037 783 4117 πατρικίους,
799 4037 890 4112 ἐπειδὴ
905 4041 953 4109 τδις
969 4065 1027 4102 συν·

248 4128 330 4200 θήκας
348 4128 444 4187 ἔλυσαν
460 4130 554 4187 ἐκεῖνοι
574 4126 621 4194 τδς
633 4125 773 4203 γενομένας
792 4129 878 4196 αὑτοῖς
899 4127 964 4211 πρδς
981 4130 1026 4192 τδν

248 4219 347 4296 δῆμον,
366 4219 541 4283 καταλύοντες
553 4216 602 4287 τὴν
616 4213 787 4295 δημαρχικὴν
804 4215 922 4285 ἐξουσίαν
941 4223 1026 4279 iared

247 4313 369 4387 ρανεροὺ.
391 4306 494 4373 Τοῖςδὲ
508 4304 626 4365 πλείοσιν
643 4303 725 4364 ίδόκει
738 4304 776 4383 μὴ
795 4315 965 4387 παραχωρεῖν
979 4314 1027 4381 τῆς

192 4435 219 4474 to
247 4396 361 4467 πόλεως,
379 4394 446 4471 μηδὲ
460 4394 536 4455 κοινά
550 4394 655 4454 πάντων
674 4394 832 4472 ἐγκλήματα
854 4404 938 4455 ποιεῖν
959 4399 1027 4480 ὑπὲρ

246 4477 284 4544 ὧν
297 4484 351 4566 ἰδία
373 4482 439 4551 τινὲς
454 4486 490 4551 είς
503 4481 563 4551 τούς
582 4482 735 4563 δημάρχους
757 4484 963 4564 παρηνόμησαν,
979 4485 1025 4547 ἐὰν

246 4573 279 4633 τά
294 4573 520 4655 συγκεχωρημένα
530 4581 584 4640 τοῖς
599 4571 687 4649 νόμοις
701 4572 885 4649 λαμόύνωσιν,
897 4573 923 4633 οἳ
936 4575 1027 4634 κελεύ-

247 4687 305 4722 ουσι
318 4663 422 4735 νηποινὶ
441 4667 563 4725 τεθνάναι
586 4661 646 4729 τούς
666 4662 825 4741 ὑόρίσαντοις
848 4661 907 4740 [εἰς]
920 4663 953 4721 τδι
973 4666 1026 4722 τῶν

246 4751 393 4832 δημάρχων
409 4749 536 4827 σώματα.
559 4753 624 4818 Τοῖς
642 4748 669 4808 δὲ
689 4751 871 4831 χαριεστέρως
891 4751 1026 4831 οὐδέτερον

192 4874 220 4915 50
244 4839 345 4902 τούτων
359 4840 478 4921 ἐφαίνετο
490 4841 578 4906 καλῶς
592 4839 678 4920 ἔχειν,
689 4838 748 4899 ούτε
760 4838 809 4912 τὴν
820 4839 898 4900 πόλιν
910 4841 1025 4902 ίκλιπιῖν

245 4929 304 4990 οὔτε
327 4929 403 5012 φόνον
428 4930 533 5010 ἀκριτον
554 4932 699 5002 ἐπιτελεῖν,
725 4928 875 4988 καὶταῦτα
896 4930 1024 5004 ὑπάτων,

245 5011 311 5092 oleri
328 5019 440 5099 μεγίστη
455 5019 577 5078 ὑπίκειτο
592 5019 683 5099 ἀρχὴ,
704 5019 762 5078 ἀλλ’
777 5021 814 5085 εἷς
828 5018 887 5087 τοὺς
902 5044 1024 5099 συναγω-

244 5107 393 5183 νιζομίνους
407 5107 495 5174 αὐτοῖς
508 5107 668 5186 μεταφέρειν
691 5105 740 5179 τὴν
756 5105 852 5187 ἀργὴν,
868 5107 914 5166 καλ
932 5107 978 5176 τδς
995 5110 1026 5167 ίκ

242 5195 297 5253 τῶν
323 5191 408 5271 νόμων
425 5195 554 5275 τιμωρίας
575 5193 641 5275 παρ’
659 5195 764 5256 ἐκείνων
789 5192 944 5271 λαμύοίνειν.
990 5198 1025 5257 El

738 362 906 424 DIONYSll
928 361 1309 425 Htttctsttassteltsis

1082 504 1156 556 rebus
1179 506 1204 555 lu
1225 507 1295 558 ruris
1318 506 1505 570 consultabant)
1518 508 1544 558 el
1568 505 1594 555 in
1614 505 1726 556 medium
1743 504 1886 570 promsi

1081 596 1212 658 rogarunt,
1227 608 1259 645 ne
1269 608 1297 645 se
1309 594 1457 645 fedissimas
1473 594 1576 657 iniurias
1594 607 1682 658 pessos
1700 594 1884 658 negligerent,

1080 695 1142 733 neue
1155 681 1220 746 plebi
1243 697 1317 733 suum
1343 683 1469 744 auxilium,
1488 683 1549 747 eripi
1571 684 1739 747 paterentur:
1764 682 1884 745 (omues

1080 770 1183 832 injurias
1203 770 1251 822 sibi
1271 772 1443 823 aoousulibus
1458 774 1485 823 et
1503 773 1632 834 coniurata
1649 785 1737 822 eorum
1759 770 1883 821 laetione

1080 859 1162 911 dietas
1176 863 1349 923 recensentes;
1372 865 1460 927 utpote
1477 861 1521 927 qui
1537 861 1692 912 contumeliis
1712 874 1764 910 non
1787 862 1883 910 sotum

1080 950 1197 1013 potestati
1217 964 1285 1012 suae,
1308 951 1411 1013 (verum
1437 951 1511 1001 etlam
1527 949 1689 1021 corporibus)
1709 949 1794 999 illatis
1813 948 1881 999 affi-

1080 1041 1211 1097 oereutur;
1242 1037 1468 1103 postulabantque,
1515 1041 1544 1089 ut
1575 1038 1688 1088 oousnles
1714 1037 1882 1088 alterutnm

1081 1126 1189 1175 inoerent
1205 1128 1256 1185 aut,
1282 1126 1303 1177 si
1318 1130 1436 1189 negarent
1459 1140 1487 1177 se
1507 1125 1559 1175 ullo
1576 1125 1650 1175 modo
1663 1125 1688 1175 iu
1704 1123 1882 1175 tribunorum

1080 1225 1184 1277 corpora
1209 1216 1295 1264 eontra
1314 1215 1379 1280 teges
1393 1214 1543 1278 deliquisse,
1565 1228 1608 1280 pro
1626 1214 1747 1264 concione
1765 1214 1880 1277 dejera-

1082 1306 1150 1363 reut;
1173 1307 1225 1365 aut,
1251 1304 1272 1354 si
1296 1305 1380 1370 religio
1399 1320 1443 1357 eos
1457 1307 1555 1357 vetaret
1572 1303 1672 1366 jurare,
1693 1305 1726 1354 ad
1744 1305 1881 1369 populum

1081 1391 1204 1452 venirent,
1228 1394 1254 1443 et
1280 1394 1347 1458 apud
1365 1409 1423 1445 eum
1448 1408 1563 1446 caussam
1590 1394 1724 1445 dicerent:
1745 1407 1775 1443 se
1805 1393 1879 1444 eninr

1083 1478 1162 1529 tribus
1173 1480 1199 1530 in
1214 1481 1330 1546 suffragia
1350 1470 1487 1533 missuos‘
1510 1482 1630 1532 consules
1644 1482 1676 1531 ad
1689 1481 1748 1530 baee
1762 1493 1793 1530 se
1809 1494 1879 1544 pur-

1083 1573 1168 1634 gantes
1181 1570 1374 1635 responderunt,
1390 1572 1624 1622 etdemoustraruot
1638 1569 1741 1620 initium
1760 1568 1879 1632 injuria-

1082 1672 1139 1710 rum
1157 1672 1173 1708 s
1188 1658 1292 1709 tribunis
1305 1659 1409 1721 ἱεεευιιι,
1423 1659 1467 1723 qui
1484 1658 1618 1709 insolenter
1633 1672 1660 1708 se
1674 1657 1834 1721 gessissent,
1849 1661 1881 1710 et

1082 1747 1202 1821 yloleulas
1217 1760 1306 1798 manus
1324 1750 1410 1799 eontra
1424 1749 1462 1798 iss
1473 1748 1603 1799 oousulum
1616 1746 1766 1812 comunibus
1778 1747 1880 1798 intem

1084 1836 1140 1886 ausi
1155 1835 1272 1896 luisseut3
1288 1836 1394 1899 primum
1410 1838 1524 1902 quidem,
1544 1836 1643 1900 quando
1654 1848 1700 1900 per
1710 1836 1879 1900 apparitores

1084 1929 1110 1975 et
1123 1925 1208 1976 addes
1222 1925 1249 1975 in
1266 1938 1392 1976 carcerem
1410 1937 1522 1975 summos
1538 1922 1773 1986 magistratnsduei
1791 1924 1879 1988 jusse-

1082 2015 1154 2074 mut,
1177 2010 1265 2063 delude
1284 2027 1352 2072 vero,
1368 2011 1467 2076 quando
1484 2011 1592 2076 ipsimet,
1610 2010 1789 2062 audacissimis
1814 2011 1875 2075 qui·

1082 2100 1179 2163 busque
1192 2099 1293 2165 plebeiis
1305 2100 1405 2167 stipati,
1418 2114 1507 2150 manus
1516 2100 1541 2149 in
1552 2113 1596 2150 eos
1609 2100 1711 2163 injicere
1727 2103 1789 2150 sunt
1803 2101 1872 2151 ausi.

1084 2190 1293 2240 Demonstrarunt
1317 2191 1405 2245 etiam.
1427 2193 1547 2253 quantum
1566 2189 1700 2239 discrimen
1722 2190 1789 2239 iuter
1807 2190 1875 2239 istos

1082 2274 1242 2340 magistratus
1250 2279 1333 2327 esset:
1350 2276 1505 2327 consularem
1515 2274 1580 2325 enim
1591 2277 1744 2339 potestatem
1754 2275 1874 2327 otum

1083 2363 1176 2429 regium
1191 2363 1322 2428 imperium
1337 2362 1476 2421 dicebant·
1486 2361 1641 2413 tribunitiam
1659 2376 1723 2413 vero
1735 2363 1757 2412 in
1771 2362 1871 2412 cirita-

1081 2454 1133 2502 tem
1142 2454 1268 2516 receptam
1279 2451 1368 2511 tuisse,
1381 2449 1515 2501 uteivibus
1524 2449 1610 2499 simet
1620 2449 1738 2511 injuriam
1751 2449 1871 2514 patieuti-

1082 2540 1446 2607 bnsopitusrerunettsntum
1453 2537 1548 2599 abesse,
1555 2539 1671 2591 attineret
1680 2539 1873 2592 trtoaomdiem

1081 2630 1222 2683 oonsulibus
1238 2628 1335 2689 disere,
1359 2626 1504 2691 plebemque
1525 2626 1550 2675 iu
1573 2627 1692 2691 sutfragia
1715 2632 1810 2678 eontra
1829 2640 1875 2679 eus

1080 2719 1195 2779 millene,
1212 2719 1241 2767 ut
1250 2729 1281 2766 ne
1293 2716 1320 2766 in
1333 2713 1462 2764 mlnimum
1473 2713 1574 2776 quidem
1589 2714 1684 2765 ordinis
1698 2715 1801 2778 patricii
1818 2716 1875 2766 brer

1082 2810 1194 2872 potestas
1210 2805 1272 2866 illis,
1291 2804 1339 2854 nisi
1365 2817 1395 2853 ex
1414 2802 1646 2865 senetuseonsulto,
1662 2801 1695 2852 sit
1718 2801 1792 2854 dala.
1825 2805 1873 2856 tu-

1083 2896 1268 2958 nsbanturque.
1289 2892 1311 2941 si
1329 2891 1365 2942 illi
1377 2890 1476 2956 plebem
1489 2889 1522 2940 ad
1534 2890 1654 2955 sullraqia
1668 2894 1814 2953 vocarent,
1827 2906 1875 2957 pa·

1083 2982 1168 3033 tricios
1183 2994 1198 3030 a
1212 2994 1239 3031 se
1253 2981 1378 3030 armatum
1398 2978 1437 3028 irl.
1470 2981 1498 3028 lu
1520 2978 1560 3028 bis
1582 2978 1795 3030 altercationibus
1813 2996 1875 3032 oon·

1084 3072 1167 3118 sumta
1179 3066 1228 3129 die,
1244 3068 1347 3115 senatus
1357 3064 1416 3114 nihil
1428 3065 1489 3115 certi
1501 3062 1620 3125 decrevit,
1630 3078 1662 3115 ne
1669 3065 1712 3114 uel
1724 3068 1873 3129 consulum,

1082 3156 1121 3207 vel
1130 3153 1303 3215 tribunorum,
1316 3155 1490 3215 magistratum
1501 3154 1638 3215 minueret3
1651 3152 1721 3217 quod
1732 3157 1876 3221 utrumque

1082 3259 1169 3311 magua
1182 3244 1292 3311 perieuls
1305 3243 1437 3294 allaturum
1449 3244 1553 3295 uideret.

1112 3441 1213 3489 XXXV.
1239 3440 1324 3496 Quum
1349 3436 1424 3500 igitur
1444 3435 1534 3487 tribuni
1557 3436 1631 3487 etium
1651 3437 1710 3488 inde
1731 3452 1762 3490 re
1780 3439 1874 3491 inlecta

1083 3524 1271 3585 dissessisseut‚
1297 3525 1391 3577 reversi
1419 3525 1452 3575 ad
1474 3525 1592 3590 populum
1615 3525 1709 3576 iterum
1727 3529 1874 3580 consultare

1082 3622 1225 3684 coeperunt,
1246 3617 1306 3681 quid
1323 3614 1462 3666 laciendum
1476 3617 1552 3666 esset.
1585 3616 1702 3667 Nonnulli
1719 3618 1874 3682 suadebant,

1082 3711 1216 3777 (praecipue
1232 3724 1305 3768 reru,
1327 3707 1371 3773 qui
1392 3707 1602 3760 turbulentissimi
1620 3710 1708 3770 erant)
1729 3713 1761 3759 ut
1779 3712 1868 3774 plebs,

1082 3803 1202 3868 correptis
1214 3802 1299 3863 armis,
1320 3799 1413 3850 iterum
1432 3801 1595 3851 seomsiouem
1611 3800 1704 3851 laceret
1726 3802 1754 3851 iu
1768 3816 1871 3855 εετεααι

1081 3901 1205 3958 montem,
1223 3894 1266 3944 ubi
1279 3897 1305 3944 et
1317 3894 1375 3943 olim
1389 3897 1473 3944 eastra
1482 3897 1613 3957 posuerat,
1630 3906 1710 3957 eaque
1720 3894 1780 3945 belli
1793 3895 1870 3947 sedas

1082 3997 1148 4044 esset
1178 3996 1263 4042 contra
1285 3989 1400 4054 patricios
1422 3988 1521 4053 quaudo
1547 3987 1582 4037 illi
1607 3987 1692 4039 ioedus
1713 4003 1772 4040 eum
1796 3991 1873 4056 plebe

1083 4086 1176 4134 laetum
1199 4083 1341 4143 violassent,
1357 4080 1485 4131 tribunitia
1501 4083 1623 4145 potestate
1646 4086 1734 4146 aperte
1759 4085 1873 4139 sublata.

1082 4179 1114 4225 st
1125 4174 1203 4238 major
1225 4187 1312 4224 eorum
1334 4185 1391 4237 pers
1411 4172 1522 4231 censuit,
1548 4173 1579 4222 de
1595 4171 1658 4222 urbe
1674 4187 1725 4223 nou
1740 4174 1872 4229 deeeden·

1081 4267 1152 4327 dum,
1165 4280 1210 4317 nee
1223 4265 1323 4329 eulpam
1334 4264 1487 4331 priuatorum
1497 4263 1676 4326 quorumdam,
1688 4267 1733 4329 qui
1751 4268 1874 4322 tribunos

1082 4356 1211 4418 mutarunt,
1234 4358 1259 4406 iu
1286 4368 1372 4406 omues
1396 4353 1584 4415 conterendam,
1604 4352 1742 4405 dummodo
1770 4357 1872 4421 tegibus

1082 4468 1198 4507 eoncessa
1213 4454 1341 4506 obtineant
1360 4466 1417 4518 quus
1438 4466 1496 4512 eos,
1516 4452 1561 4518 qui
1583 4452 1740 4505 tribunorum
1762 4470 1873 4522 corpore

1081 4547 1217 4615 violarent,
1237 4554 1281 4602 sut
1301 4550 1389 4602 exsulo
1400 4554 1443 4602 aut
1455 4555 1536 4603 morte
1557 4551 1688 4604 mulctant.
1702 4558 1735 4604 at
1753 4555 1874 4608 homines

1081 4647 1178 4712 ingenio
1198 4645 1290 4696 mitiori
1314 4645 1413 4709 prediti
1444 4650 1561 4696 neutrum
1593 4644 1684 4697 horum
1704 4647 1870 4712 probabant,

1081 4755 1162 4806 neque
1175 4740 1262 4790 urbem
1273 4738 1449 4801 deserendam,
1469 4752 1550 4803 neque
1568 4739 1662 4791 indicta
1673 4753 1763 4792 caussa
1774 4756 1871 4806 quun·

1081 4847 1156 4899 quam
1166 4829 1339 4892 occidendum,
1358 4832 1497 4896 praesertim
1513 4845 1573 4882 vero
1584 4832 1707 4893 eonsules,
1716 4832 1762 4896 qui
1773 4837 1871 4900 nagis-

1080 4928 1162 4977 trotus
1183 4928 1250 4976 esset
1275 4924 1415 4988 maximus,
1439 4925 1483 4975 sed
1516 4926 1578 4976 iram
1599 4925 1624 4975 io
1644 4939 1730 4977 sorum
1754 4926 1871 4981 lautores

1081 5014 1289 5076 transferendam,
1309 5020 1334 5066 et
1345 5029 1430 5081 poenas
1443 5016 1475 5068 de
1486 5017 1547 5079 illis,
1563 5031 1620 5083 ques
1633 5017 1729 5081 legibus
1740 5022 1804 5070 sunt
1814 5024 1869 5071 stu·

1081 5113 1151 5169 tutae,
1167 5109 1302 5161 sumendus
1324 5110 1467 5162 censebant.
1509 5110 1536 5162 si
1551 5110 1627 5175 igitur
1639 5110 1682 5161 illo
1693 5111 1737 5163 die
1754 5113 1868 5171 tribum.

1081 5205 1176 5267 impetu
1199 5202 1313 5268 impulsi,
1335 5217 1365 5255 eo
1384 5205 1509 5270 progressi
1533 5203 1644 5267 inissem,
1669 5210 1697 5255 ut
1720 5206 1819 5270 aliquid
1843 5208 1870 5258 in
