4048 5924
619 401 912 478 luttQUlTatttttt
935 403 1081 466 ΗΟλίΑΝ.
1105 407 1173 466 LIB.
1196 408 1276 468 l'tll.

118 532 197 612 μόνον
212 531 326 595 ἀπὸτοῦ
347 533 451 613 τείχους
472 532 605 610 ἠμύνοντο
619 534 678 601 τούς
699 536 857 616 προσιόντας
871 539 895 597 ol

117 622 275 697 Βοιλλανοί,
301 620 371 681 ἀλλά
385 621 431 682 καί
451 620 498 688 τάς
521 621 606 690 πύλας
626 624 773 702 ἀνοίγοντες
794 622 893 694 έξέθεον

118 712 208 793 ἀθρόοι
231 710 277 768 καί
295 708 365 769 κατόν
379 715 427 771 τοῦ
440 717 553 792 πρανοῦς
574 709 670 771 ίώθουν
687 711 733 793 βίσρ
746 712 806 780 τούς
821 717 896 794 ὑφισ-

118 797 255 876 ταμένους·
274 798 350 878 φόνος
364 822 394 857 τε
408 799 532 866 πλεῖστος
547 800 637 858 αὐτόθι
651 803 704 857 τῶν
719 800 894 863 Οὐολούσκων

76 917 89 955 ς
118 886 222 967 ίγένετο
237 887 282 945 καὶ
296 887 388 970 χρόνος
403 891 450 960 τῆς
465 888 643 968 τειχομαχίας
658 886 788 969 [πολύς],
804 894 852 950 τοῦ
868 912 896 948 τε

119 976 263 1058 κρατήσειν
278 981 325 1049 τῆς
339 975 441 1044 πόλεως
454 976 552 1058 άπορος
565 977 666 1037 άπασιν
680 981 697 1049 ἡ
712 978 797 1046 ἐλπίς.
814 978 894 1040 ’ἀλλὰ

118 1073 170 1129 τῶν
200 1067 389 1145 ἀπολλυμένων
415 1066 513 1139 άδηλον
537 1066 620 1128 ίποίει
647 1065 695 1137 τιλν
728 1067 895 1129 ἀπουσίανδ

118 1162 264 1239 στρατηγός
294 1153 481 1222 ἀντικαθιστὰς
505 1154 626 1234 ἑτέρους,
658 1159 710 1214 τῶν
738 1156 892 1233 καμνόντων

116 1248 298 1328 παρεθάρρυνε
321 1243 370 1317 τὴν
392 1243 507 1320 ἀθυμίαν
524 1242 570 1304 tet
587 1245 618 1304 τδ
630 1252 728 1306 πονοῦν
745 1246 824 1326 μέρος
846 1250 894 1320 τῆς

64 1365 89 1402 m
117 1346 240 1415 στρατιᾶς
256 1334 333 1402 αὐτός
352 1331 508 1410 ὠθούμενος·
527 1324 561 1407 ἦν
581 1337 606 1390 τ’
623 1336 682 1413 οὐχ’
696 1338 710 1394 ό
723 1334 799 1415 λόγος
814 1337 893 1397 αὐτοῦ

117 1425 197 1501 μόνον
216 1423 353 1505 ἐπαγωγὸς
367 1424 411 1481 ἐπὶ
424 1420 456 1481 τδ
472 1419 605 1503 εὔψυχον,
622 1422 691 1482 ἀλλὰ
706 1425 751 1484 καὶ
765 1424 798 1484 τά
814 1425 889 1505 ἔργα.

116 1515 212 1575 Πάντα
227 1515 279 1595 γάρ
301 1512 429 1594 ύφίστατο
450 1510 567 1572 κίνδυνον
583 1511 629 1572 καί
653 1514 779 1589 οὐδεμιᾶς
797 1514 892 1595 πείρας

116 1604 279 1686 ἀπελείφθη,
295 1603 344 1669 ίως
365 1601 436 1661 έάλω
451 1598 481 1659 τδ
502 1601 599 1681 τεῖχος.
647 1601 791 1680 Κρατήσας
805 1603 832 1663 δέ
846 1604 893 1663 καὶ

114 1692 214 1766 ταύτης
241 1691 287 1751 σῦν
310 1688 397 1771 χρόνῳ
421 1692 468 1760 τῆς
489 1687 610 1763 πόλεως,
637 1689 750 1750 καὶτῶν
775 1692 891 1752 ἁλόντων

63 1812 87 1850 ις
114 1780 174 1848 τοῦς
189 1780 237 1856 μίν
250 1782 276 1838 ἐν
290 1781 388 1859 χειρῶν
401 1776 475 1860 νόμῳ
490 1778 659 1858 διαφθείρας,
680 1777 740 1846 τούς
751 1780 774 1838 δ’
787 1783 892 1860 αἰχμα-

112 1868 212 1937 λώτους
234 1867 339 1939 λαθών,
365 1870 452 1944 ἀπῆγε
467 1865 515 1937 τὴν
538 1866 648 1943 δύναμιν
676 1868 890 1948 ἐπιφανεστάτην

24 1953 29 1961 ’
113 1959 189 2029 νίκην
201 1957 401 2034 ἐξενεγκάμενος
412 1955 458 2014 καί
469 1955 574 2037 λάφυρα
584 1956 714 2014 κάλλιστα
725 1957 771 2016 καί
779 1958 891 2017 πλεῖστα

115 2046 335 2127 άγων,χρήμασί
356 2069 386 2104 τε
406 2044 591 2122 παμπόλλοις,
613 2035 649 2103 ὧν
678 2044 807 2124 ἐγκρατὴς
832 2046 891 2122 ἐγέ·

114 2159 180 2196 νετο·
190 2128 222 2208 ἦν
237 2138 261 2193 δ’
277 2133 368 2192 αὐτόθι
382 2133 432 2194 ὅσα
443 2135 469 2192 ίν
482 2133 567 2193 οὐδενί
577 2134 629 2191 τῶν
645 2131 763 2193 άλόντων
774 2133 890 2214 χωρίων·

60 2250 88 2288 ου
115 2224 256 2291 πλουτίσας
271 2222 319 2294 τὴν
331 2221 469 2300 στρατιάν.

153 2315 234 2374 XXI.
263 2308 342 2371 Μετὰ
364 2313 443 2370 τοῦτο
464 2307 557 2389 χώραν
572 2333 598 2367 τε
619 2309 684 2382 ὅσην
707 2309 889 2392 διαπορεύοιτο

113 2400 260 2480 ὑποχείριος
289 2390 334 2470 ἦν,
355 2397 402 2457 καὶ
422 2400 498 2458 πολιν
524 2396 632 2473 οὐδεμία
662 2403 815 2469 ἠναντιοῦτο
842 2398 891 2468 ἔξω

113 2490 272 2566 Λαουϊνίου,
287 2489 320 2559 ἣν
336 2485 445 2567 πρώτην
461 2510 489 2546 τε
500 2486 575 2546 πολιν
591 2489 615 2547 ol
631 2486 677 2548 σῦν
690 2488 784 2569 Αίνείφ
800 2489 887 2548 κατά-

114 2600 206 2657 ραντες
231 2579 265 2642 εἰς
278 2575 396 2635 Ἰταλίαν
418 2579 510 2657 Τρῶες
533 2574 659 2651 έκτισαν,
681 2576 727 2636 κοιλ
747 2579 792 2659 ἀφ’
813 2569 844 2650 ἧς
858 2578 889 2638 τδ

57 2706 83 2743 25
113 2665 258 2742 Ῥωμαίων
273 2655 305 2737 ἦν
317 2664 404 2742 γένος,
421 2669 457 2733 ὡς
470 2665 516 2724 καί
532 2664 657 2746 πρότερόν
670 2690 715 2743 μοι
731 2665 886 2738 δεδήλωται.

111 2758 148 2817 Ol
164 2757 188 2813 δ’
203 2756 230 2813 έν
242 2751 326 2832 ταύτῃ
342 2758 524 2821 κατοικοῦντες
541 2753 645 2814 ἅπαντα
666 2755 791 2836 πρότερον
806 2753 890 2836 ᾤοντο

111 2847 164 2904 δεῖν
180 2842 339 2921 ὑπομένειν,
353 2841 371 2915 ἢ
385 2843 417 2903 τὸ
431 2842 496 2923 πρδς
505 2843 564 2911 τούς
579 2844 722 2922 ἀπογόνους
733 2849 805 2927 σφῶν
815 2845 890 2906 Ῥω-

111 2933 205 3008 μαίους
233 2931 326 2990 πιστδν
350 2932 547 3009 ίγκαταλιπιῑν.
602 2931 743 3010 Ἐγένοντο
770 2933 818 3011 μὲν
843 2927 888 2996 οὐν

110 3024 157 3083 καὶ
180 3020 353 3101 τειχομαχίαι
367 3018 434 3086 τινές
449 3021 539 3080 αὐτόθι
561 3022 687 3102 καρτεραί
711 3022 757 3081 καὶ
770 3022 822 3103 πρὸ
836 3029 888 3085 τῶν

55 3146 83 3184 ³9
111 3111 249 3191 ίρυμάτων
273 3107 357 3177 ὀξεῖαι
380 3108 476 3188 μάχαι·
493 3111 523 3168 οὐ
539 3109 592 3183 μὴν
617 3110 688 3168 έάλω
702 3133 732 3188 γε
745 3109 776 3170 τδ
802 3120 890 3193 τεῖχος

111 3198 182 3259 κατὰ
198 3198 293 3280 κράτος
311 3200 344 3277 τῇ
362 3195 455 3277 πρώτῃ
477 3196 577 3277 ἐφόδῳ,
602 3199 663 3257 ἀλλ’
686 3198 770 3259 έδόκει
803 3200 888 3280 Ὀρόνσυ

111 3293 164 3350 δεῖν
186 3293 219 3370 τῇ
245 3288 384 3366 πολιορκία
402 3286 447 3346 καὶ
473 3310 516 3367 τρι
536 3311 577 3360 ης.
623 3287 750 3356 Ἀποστδς
773 3311 818 3348 ουν
841 3295 888 3363 τῆς

111 3377 285 3459 τειχομαχίας
297 3379 311 3436 δ
324 3375 454 3458 Μάρκιος,
467 3375 654 3457 περιετάφρευε
669 3376 759 3458 κύκλῳ
772 3376 820 3449 τλν
833 3379 888 3438 πό-

110 3470 153 3527 λιν
167 3467 213 3525 καίΙ
229 3463 397 3544 ἀπεσταύρου
422 3462 468 3531 τὰς
482 3464 557 3532 ὁδοὺς
580 3462 738 3545 φυλάττων,
760 3461 804 3522 ἵνα
819 3465 887 3542 μήτε

55 3586 83 3626 33
113 3555 198 3633 ἀγορὰ
212 3551 274 3630 μήτ’
291 3550 426 3634 ἀπικουρία
439 3575 479 3619 τις
496 3552 582 3619 αὐτοῖς
596 3549 690 3619 ἔξωθεν
705 3550 885 3631 προσγένοιτο.

112 3644 247 3720 Ῥωμαῖοι
267 3640 295 3699 δέ
314 3643 365 3699 τῶν
383 3664 412 3701 τε
427 3639 634 3722 κεκρατημένων
651 3639 704 3715 ἤδη
726 3640 828 3699 πόλεων
842 3638 889 3699 τόν

110 3736 219 3814 ὄλεθρον
231 3729 381 3802 ἀκούοντες,
396 3731 443 3790 καί
459 3733 513 3789 τῶν
529 3729 714 3811 προσθεμένων
725 3732 763 3809 τῷ
773 3730 888 3810 Μαρκίῳ

110 3825 161 3895 τὴν
176 3823 313 3900 ἀνάγκην,
334 3828 392 3887 ταῖς
407 3842 437 3878 τε
459 3818 610 3899 πρεσύείαις
630 3816 813 3899 ἀνοχλούμενοι
831 3825 890 3886 ταῖς

113 3908 316 3991 ἀφικνουμέναις
328 3911 364 3976 ὥς
379 3906 473 3972 αὐτοὺς
489 3907 622 3985 όσημέρσι
637 3906 711 3987 παρὰ
725 3910 778 3966 τῶν
792 3930 887 3982 μενου-

55 4033 83 4071 to
114 4005 168 4062 σῶν
177 3999 330 4081 ίντῇφιλίφ
341 3997 387 4058 καὶ
396 3997 524 4073 δεομένων
546 3995 773 4074 βοηθείας,τοῦτε
788 4001 889 4058 Λαουϊ-

112 4089 167 4150 νίου
181 4090 225 4149 τόν
245 4084 445 4167 περιτειχισμόν
462 4086 636 4165 ὀρρωδοῦντες
656 4088 683 4145 έν
699 4085 792 4166 χερσίν
805 4085 885 4158 ὄντα,

111 4180 157 4240 καί
174 4184 197 4238 εί
215 4177 318 4237 τόδετὸ
344 4175 465 4257 φρούριον
486 4172 619 4235 όλώσεται
640 4174 685 4234 τόν
699 4174 815 4252 πολεμον
842 4174 889 4235 tal

111 4277 178 4349 σφᾶς
200 4265 271 4339 ἥξειν
287 4263 361 4332 εὐθὺς
380 4263 511 4340 οἰόμινοι,
537 4262 601 4340 μίαν
624 4262 756 4324 ὐπελαόον
782 4263 887 4324 έσεαθαι

110 4356 216 4416 πάντων
228 4359 280 4413 τῶν
296 4357 386 4414 κακῶν
398 4350 489 4425 λύσιν,
506 4353 529 4411 εἰ
544 4349 707 4431 ψηφίσαιντο
719 4356 758 4433 τῷ
773 4353 889 4435 Μαρκίῳ

54 4489 83 4527 χ,
110 4444 159 4518 τὴν
173 4445 295 4505 κάθοδον.
341 4440 396 4503 Καὶ
415 4440 473 4502 ότι
488 4443 571 4520 δῆμος
586 4443 655 4511 άπας
672 4440 737 4500 ίόόα
750 4443 888 4503 τοῦτοκαὶ

110 4533 286 4614 οίδνίμαρχοι
310 4533 391 4609 νόμον
416 4532 545 4614 εἰσφέρειν
566 4533 633 4612 ὐπερ
651 4531 813 4613 ἀκυρώσεως
840 4537 887 4605 τῆς

110 4624 254 4694 καταδίκης
270 4622 423 4696 έόοόλοντο,
440 4621 499 4681 ἀλλ’
518 4621 539 4680 οί
568 4621 707 4700 πατρίκιοι
721 4621 887 4694 ἠναντιώθη·

110 4734 162 4770 σαν
173 4712 260 4778 αὐτοῖς
272 4714 320 4771 οὐκ
333 4712 462 4781 ἀξιοῦντες
474 4713 525 4769 τιῦν
548 4709 743 4785 δεδικασμένων
757 4708 828 4769 λύειν
843 4710 887 4768 οὐ·

110 4799 166 4860 δέν,
211 4801 258 4869 Μὴ
285 4801 426 4877 γενομένου
454 4798 482 4858 δέ
507 4796 741 4877 προόουλεύματος
767 4796 818 4855 ὐπδ
842 4801 888 4868 τῆς

52 4930 82 4969 ,0
110 4891 209 4968 βουλῆς
223 4887 282 4949 οὐδὲ
294 4890 347 4956 τοῖς
361 4888 510 4969 δημάρχοις
524 4885 564 4944 έτι
576 4885 713 4965 προθεῖναι
728 4884 837 4962 γνώμην
853 4887 889 4953 είς

109 4978 155 5038 τδν
167 4979 253 5052 δῆμον
271 4977 392 5038 ίδόκει·δ
413 4977 460 5038 καὶ
477 4974 619 5053 θαυμάζειν
640 4973 712 5043 ἄξιον
727 4975 772 5053 ἀφ’
787 4965 819 5046 ἧς
838 4972 887 5044 δή·

109 5090 175 5128 ποτε
192 5067 279 5134 αἰτίας
303 5072 320 5139 ἡ
347 5068 429 5148 βουλὴ
457 5064 642 5133 σπουδάζουσα
668 5062 713 5122 τδν
739 5062 887 5142 ἔμπροσθεν

110 5159 205 5238 χρόνον
220 5156 287 5235 ὑπὲρ
301 5162 347 5217 τοῦ
358 5153 483 5233 Μαρκίου
499 5153 559 5214 τότε
575 5152 729 5233 βουλομένῳ
747 5153 787 5232 τῷ
810 5150 888 5230 δήμῳ

109 5247 235 5326 κατάγειν
260 5245 337 5306 αὐτόν
363 5245 533 5323 ἠναντιώθη,
560 5242 661 5324 πότερα
687 5250 782 5324 πεῖραν
807 5242 885 5301 αὐτοῦ

1669 407 1726 488 act

952 544 1043 596 lionam
1055 547 1174 610 fecarunt,
1188 547 1356 610 adversosque
1368 559 1412 611 per
1425 545 1531 597 declivia
1544 546 1599 597 loca
1611 547 1636 596 ut
1649 545 1729 612 depu-

952 640 1033 691 lerunt
1043 659 1049 690 :
1058 641 1141 704 ibique
1153 643 1262 694 mxima
1275 643 1421 694 Volscorum
1431 640 1514 693 cedes
1529 640 1602 700 tecta,
1613 644 1639 691 et
1653 654 1729 706 oppu-

951 737 1035 798 gnatio
1044 736 1161 787 diuturna
1172 737 1233 801 tuit,
1242 735 1536 800 urbisqueexpuguaadae
1546 739 1647 787 tenuem
1657 751 1728 802 spem

951 845 1036 883 omues
1056 833 1189 884 habebant.
1225 833 1275 885 Sed
1296 834 1438 898 imperator,
1457 832 1483 882 iu
1495 832 1636 884 cadentium
1648 833 1729 886 locum

950 929 1014 981 alios
1020 929 1183 992 substituens,
1194 930 1318 982 etticiebat
1325 945 1356 983 ne
1365 930 1472 981 miiitum
1481 944 1604 981 cesorum
1619 930 1730 983 absentia

951 1033 1139 1093 cognosceretur
1159 1050 1166 1081 ε
1184 1029 1341 1081 timiditatem
1361 1031 1444 1079 subm
1457 1042 1559 1091 eorum,
1570 1029 1614 1094 qui
1632 1029 1728 1080 tabora-

951 1130 1019 1186 rent,
1039 1128 1160 1193 ipsemet,
1177 1130 1275 1191 partem
1294 1125 1421 1178 exercitus
1447 1125 1569 1177 defessam
1599 1126 1727 1187 adeundo,

950 1217 1126 1270 contlrmnbat:
1138 1231 1183 1269 nac
1194 1217 1391 1276 verbistaulum,
1405 1217 1449 1268 sed
1459 1218 1538 1269 etiam
1554 1219 1632 1280 tactis,
1643 1233 1728 1271 exem·

950 1318 1041 1382 pioque
1056 1330 1102 1367 suo
1118 1316 1150 1367 ad
1161 1316 1334 1368 tortitudinem
1344 1330 1387 1366 eos
1400 1317 1549 1381 impellebat.
1575 1321 1637 1368 Nam
1650 1319 1729 1383 quod·

950 1411 988 1461 vis
1001 1411 1137 1474 periculum
1149 1410 1260 1463 subibat:
1280 1416 1305 1463 et
1317 1412 1375 1464 nibil
1390 1411 1540 1462 intentatum
1556 1413 1669 1477 reliquit,
1684 1414 1728 1465 do

948 1521 995 1559 nec
1012 1508 1074 1560 urbs
1087 1511 1277 1574 expugnaretur.
1319 1512 1372 1561 Hoc
1394 1523 1495 1574 quaque
1516 1509 1606 1574 oppida
1625 1512 1726 1564 tandem

948 1608 1060 1673 potitus,
1084 1611 1216 1672 postquam
1235 1607 1370 1674 oppidanos
1389 1611 1544 1673 expugnatos
1560 1609 1658 1672 parum)
1671 1610 1726 1663 iure

950 1704 1007 1755 belli
1019 1704 1151 1767 interiecit,
1166 1706 1258 1770 partim
1271 1705 1342 1756 nisos
1354 1707 1437 1769 capit,
1448 1705 1556 1756 victoria
1568 1706 1677 1757 maxima
1689 1707 1726 1757 iu·

948 1805 1011 1870 signi
1027 1805 1114 1869 relate,
1128 1806 1272 1867 exercitum,
1283 1805 1457 1871 pulcherrimis
1464 1805 1632 1870 plurimisque
1644 1806 1728 1871 spoliis

948 1907 1081 1966 onustum,
1094 1904 1273 1968 permultisque
1289 1902 1413 1967 pecuniis,
1428 1917 1491 1966 quas
1508 1903 1613 1968 adeptus
1627 1903 1725 1964 tuerat,

951 2001 997 2062 (ibi
1009 2001 1087 2061 euim,
1099 2003 1191 2064 quante
1204 2001 1229 2051 in
1241 2000 1309 2051 uuita
1324 2002 1372 2051 ntia
1384 2004 1514 2064 captarum
1529 2000 1641 2063 urbium,
1657 1999 1727 2066 copie

949 2094 1047 2146 insama
1058 2095 1112 2157 est)
1128 2094 1234 2147 ditatum
1244 2094 1356 2146 abduxit.

978 2332 1043 2381 xttt.
1061 2331 1158 2388 Postea,
1174 2342 1324 2394 quacunque
1338 2330 1387 2380 iter
1397 2327 1497 2380 lecisset
1510 2329 1603 2393 egerin
1614 2330 1670 2381 eius
1680 2346 1726 2397 pa-

947 2436 1038 2484 testate
1050 2434 1113 2490 ernt,
1127 2444 1172 2482 nec
1181 2431 1299 2496 oppidum
1310 2431 1389 2482 ullum
1400 2431 1422 2482 ei
1435 2431 1568 2482 resistebat
1578 2437 1670 2496 praetcr
1678 2438 1727 2485 Lu-

946 2537 1058 2595 vinium,
1081 2548 1158 2600 quam
1184 2534 1272 2585 urbem
1294 2533 1400 2598 primam
1421 2533 1521 2584 'troiani
1544 2537 1628 2585 AEneae
1651 2538 1725 2597 socii,

945 2654 1024 2704 quum
1036 2637 1068 2689 ad
1079 2638 1175 2688 ltaliam
1185 2637 1346 2702 appulissent,
1358 2636 1537 2696 condiderunt,
1548 2637 1663 2702 undeque
1676 2641 1726 2689 tto-

945 2742 1011 2794 meui
1028 2739 1148 2803 originem
1159 2738 1301 2799 ducebant,
1320 2740 1348 2788 ut
1359 2741 1417 2789 anta
1428 2738 1561 2790 declaravi.
1580 2739 1642 2790 Eius
1650 2740 1726 2804 igitur

945 2845 1034 2896 incolae
1048 2843 1150 2908 quidvis
1173 2841 1257 2907 potius
1275 2840 1323 2893 sibi
1342 2840 1530 2906 perferendum,
1552 2856 1629 2908 quam
1652 2843 1726 2894 tidem

945 2962 1003 3013 erga
1019 2951 1142 2999 Romanos
1158 2958 1217 2995 suos
1229 2946 1331 3009 nepotes
1349 2942 1511 2995 deserendam
1526 2946 1655 3009 putabant.
1689 2946 1727 2997 tbi

945 3053 1023 3117 igitur
1040 3050 1175 3115 aliquoties
1194 3050 1220 3099 in
1241 3049 1466 3114 oppugnationibus
1481 3050 1574 3101 acriter
1588 3053 1726 3116 pugnatum

945 3161 993 3217 est,
1005 3155 1142 3222 praeliaque
1153 3155 1248 3205 atrocia
1261 3168 1307 3219 pm
1320 3156 1502 3208 munitionibus
1513 3156 1587 3208 iada.
1621 3158 1725 3207 Verum·

945 3265 1029 3312 teman
1052 3259 1119 3311 baud
1143 3258 1223 3323 primo
1245 3259 1341 3323 impetu
1358 3259 1419 3310 urbs
1445 3265 1586 3325 expugnata
1606 3266 1645 3313 est
1660 3283 1666 3314 :
1682 3265 1726 3316 sad

945 3361 1042 3414 obsidio
1056 3363 1082 3411 cl
1090 3373 1160 3410 mora
1172 3359 1324 3423 oppugnatio
1338 3359 1450 3424 indigere
1463 3359 1605 3413 videbatur.
1618 3365 1728 3416 Marcius

946 3461 1031 3527 igitur.
1045 3459 1174 3511 obsidione
1187 3460 1295 3519 omissa,
1309 3460 1397 3511 urbem
1411 3460 1478 3512 losse
1490 3461 1606 3528 valloque
1618 3463 1725 3515 circum-

945 3564 1030 3623 dedit,
1052 3564 1106 3614 uias
1125 3563 1273 3621 observans,
1287 3576 1317 3612 ue
1331 3563 1390 3627 quis
1406 3569 1561 3615 commeatus
1571 3568 1616 3616 aut
1632 3566 1725 3616 auxilia

945 3667 1048 3715 externa
1060 3662 1093 3713 ad
1110 3662 1166 3712 illos
1179 3663 1301 3712 venirent.
1335 3664 1438 3713 Romani
1451 3678 1512 3714 vero
1521 3703 1528 3725 ,
1537 3679 1616 3730 quum
1630 3669 1667 3715 tot
1681 3680 1726 3716 ur·

944 3764 1013 3815 bium
1040 3761 1090 3811 iam
1111 3764 1240 3824 captarum
1264 3760 1389 3811 excidium
1413 3760 1544 3824 audirent,
1569 3764 1725 3828 aliarumque

945 3862 1130 3919 necessitatem,
1150 3874 1202 3925 qua
1227 3861 1362 3926 compulsa
1381 3862 1475 3912 Marcio
1497 3876 1524 3912 se
1544 3855 1739 3923 adiunxerant,

946 3961 1044 4027 fatigati
1057 3960 1210 4028 quotidianis
1225 3959 1388 4025 legationibus
1406 3960 1439 4010 ad
1452 3974 1478 4011 sa
1491 3960 1600 4010 unissisa
1614 3961 1722 4011 civitati·

946 4067 994 4118 bus
1008 4065 1034 4114 iu
1044 4063 1154 4116 amicitia
1166 4061 1368 4127 permanentibus
1383 4065 1409 4111 et
1418 4061 1512 4111 auxilia
1523 4060 1722 4126 implorantibus.

945 4169 978 4221 ad
997 4168 1052 4218 hac
1070 4163 1186 4230 presenti
1198 4162 1293 4213 Lauinii
1307 4161 1536 4213 circumvallatione
1553 4163 1642 4223 territi,
1655 4169 1690 4225 et,
1702 4164 1724 4214 si

945 4274 992 4324 boc
1007 4272 1126 4338 oppidum
1143 4273 1280 4335 caperetur,
1301 4279 1371 4317 anna
1387 4265 1473 4316 statim
1494 4265 1520 4315 in
1535 4279 1562 4315 sc
1575 4279 1724 4317 conversum

944 4371 975 4422 iri
1000 4370 1188 4429 existimantes,
1211 4380 1288 4418 uuum
1307 4363 1420 4414 omnium
1441 4362 1564 4414 malorum
1584 4362 1723 4414 remedium

945 4469 999 4519 tore
1011 4467 1161 4525 credebant,
1179 4465 1201 4515 si
1218 4463 1312 4516 Marcio
1332 4461 1429 4513 reditus
1442 4462 1468 4512 in
1482 4459 1590 4525 patriam
1602 4459 1723 4509 decerne-

944 4570 1021 4617 retur.
1053 4566 1085 4614 at
1106 4565 1160 4613 tota
1176 4561 1247 4627 plebs
1263 4559 1289 4611 id
1308 4557 1501 4618 vociferabatur,
1522 4556 1664 4619 lrssaunique
1687 4555 1724 4605 ie·

943 4677 998 4727 gem
1012 4662 1045 4713 de
1057 4658 1199 4726 abroganda
1223 4658 1278 4709 eius
1297 4657 1457 4708 damnatione
1479 4655 1544 4705 terre
1567 4652 1722 4717 cupiebant:

943 4761 987 4812 sed
1001 4760 1099 4825 patricii
1113 4759 1164 4810 illis
1176 4755 1383 4815 adversabantur,
1398 4752 1459 4820 quia
1471 4752 1533 4803 nibil
1544 4790 1551 4811 ,
1563 4750 1632 4815 quod
1643 4750 1722 4801 semel

943 4861 1080 4912 iudicatum
1095 4857 1194 4919 fuisset,
1215 4856 1317 4906 irritum
1336 4853 1390 4904 lieri
1404 4852 1528 4903 volebant.
1562 4847 1636 4900 Nullo
1655 4847 1721 4898 tacto

942 4961 1027 5008 autem
1043 4952 1274 5010 senatusconsulto,
1289 4964 1320 5001 ue
1339 4948 1433 4999 tribuni
1445 4946 1549 5012 quidem
1560 4958 1612 4995 rem
1624 4943 1658 4994 ad
1675 4957 1722 5007 po·

942 5055 1029 5122 putum
1045 5052 1202 5104 referendam
1223 5049 1408 5101 existimarunt.
1448 5049 1530 5111 Αιφυε
1551 5056 1610 5095 sano
1627 5042 1721 5093 miram

941 5156 1003 5206 dum
1016 5155 1054 5203 ast
1064 5190 1070 5213 ‚
1082 5164 1128 5201 our
1146 5152 1262 5209 senatus,
1279 5147 1324 5214 qui
1335 5149 1410 5197 autea
1421 5143 1507 5196 Marcii
1520 5141 1583 5193 adeo
1594 5140 1722 5192 studiosus

940 5255 1002 5311 erut,
1017 5254 1077 5301 tunc
1089 5252 1173 5301 tamen
1187 5246 1252 5312 plebi
1264 5260 1323 5297 eum
1335 5244 1454 5297 reducere
1466 5241 1560 5294 volenti
1574 5241 1724 5292 adversatus
