4088 5936
264 426 325 485 228

173 545 176 552 ¹
264 562 379 619 πολιτῶν
389 557 435 618 καί
449 554 618 636 ἀπορώτατοι
629 553 729 635 σχολὴν
741 553 842 635 άγιοσι,
857 551 903 611 καί
915 549 973 628 ἅμα
983 572 1044 631 προ·

265 650 359 727 θυμίαν
376 648 444 726 έχων
458 645 502 704 ἐπὶ
516 648 562 716 τῆς
581 642 648 709 ἰδίας
663 645 760 724 ἀρχῆς,
780 643 815 700 τὰ
838 638 1045 720 καταλειφθέντα

265 740 380 819 ἡμίεργα
406 732 458 792 ὑπὸ
472 736 519 791 τοὺ
543 732 655 791 πάππου
680 726 838 803 τελειῶσαι,
862 727 977 796 καὶτὰς
998 727 1046 804 μίν

265 822 444 901 ἐξαγωγίμους
457 823 509 879 τῶν
521 818 625 878 ὑδάτων
635 819 764 900 τάφρους,
778 817 808 885 ἃς
818 819 916 884 ἐκεῖνος
928 815 1046 895 ὀρύττειν

227 945 241 983 ς
265 912 380 992 ἤρξατο,
394 909 475 990 μέχρι
487 913 534 967 τοὺ
545 913 668 984 ποταμοῦ
684 914 860 985 καταγαγεῖν,
870 904 916 964 τδν
926 906 951 963 δ’
964 909 1046 985 άμῳι·

265 1002 372 1081 θέατρον
386 998 564 1077 ἱππόδρομον,
578 995 652 1054 οὐδὲν
668 994 719 1064 ἔξω
732 999 785 1055 τῶν
799 993 936 1074 κρηπίδων
949 991 1045 1071 ἔχοντα

265 1091 397 1153 παστάσιν
413 1087 567 1162 ὑποστέγοις
582 1081 749 1163 περιλαύιῖν.
773 1085 820 1148 Εἰς
834 1086 918 1139 ταῦτα
931 1079 964 1152 δὴ
978 1079 1046 1138 πάν·

265 1207 307 1250 τες
316 1179 455 1248 οίπίνητες
466 1175 627 1256 εἰργάζοντο,
640 1180 703 1231 σῖτα
711 1169 775 1251 παρ’
783 1173 864 1229 αὑτοῦ
872 1169 967 1247 μέτρια
975 1171 1045 1244 λαμ-

266 1271 399 1343 ύιίνοντες,
414 1269 438 1327 οἱ
454 1264 502 1342 μίν
518 1264 722 1338 ὑλοτομοῦντες,
736 1261 760 1318 ci
773 1259 801 1318 δί
817 1255 865 1325 τδς
887 1256 1045 1334 κομιζούσας

215 1383 240 1423 ιο
265 1365 350 1418 ταῦτα
364 1352 468 1433 ἁμάξας
482 1352 600 1428 ἄγοντες,
618 1350 680 1408 οἰδ
696 1348 739 1408 ἐπί
755 1350 807 1408 τῶν
822 1344 903 1423 ὤμων
919 1346 994 1406 αὐτοὶ
1007 1345 1043 1405 τδι

266 1448 335 1527 άχθη
354 1444 487 1526 φέροντες·
510 1435 714 1518 μεταλλεύοντές
728 1460 757 1497 τε
772 1434 818 1502 τδις
833 1432 979 1513 ὑπονόμους
997 1436 1045 1507 σή-

266 1556 366 1615 ραγγας
375 1533 475 1611 έτεροι,
485 1529 530 1589 καί
544 1526 703 1594 πλάττοντες
718 1523 907 1591 abcissionis
923 1523 1047 1603 καμάρας

266 1623 312 1682 καί
324 1623 371 1691 τδις
392 1619 530 1685 παστάδας
556 1616 711 1696 ίγείροντες,
726 1613 773 1674 καί
787 1620 842 1680 τοῖς
854 1617 939 1671 ταῦτα
958 1611 1046 1690 πράτ·

267 1736 339 1772 τουσι
360 1710 538 1792 χειροτέχναις
561 1710 748 1787 ὑπηρετοῦντες
773 1702 938 1786 χαλκοτύποι
959 1724 988 1760 τε
1000 1701 1055 1771 καί,

214 1832 239 1871 ις
265 1796 1045 1879 τέκτονεςκαίλιθουργοί,τῶνίδιωτικιῒινίργωνάρεστῶτες,

266 1892 310 1950 ίπί
323 1894 381 1956 ταῖς
396 1889 536 1966 δημοσίαις
558 1885 711 1966 κατείχοντο
725 1885 835 1967 χρείαις.
878 1884 945 1962 Περὶ
961 1886 1045 1941 ταῦτα

266 1980 299 2052 δὴ
311 1979 345 2037 τά
367 1980 430 2060 ἔργα
450 1976 601 2056 τριύόμινος
625 1980 640 2035 ὑ
659 1974 737 2046 λεὼς,
755 1973 879 2050 οὐδεμίαν
897 1970 1046 2031 ἀνάπαυσιν

267 2067 428 2145 ίλάμύανεν·
441 2064 510 2125 ὥστε
520 2067 544 2124 οἱ
556 2065 692 2146 πατρίκιοι
700 2062 734 2122 sd
748 2063 847 2123 τούτων
859 2059 931 2120 κακδι
940 2058 986 2118 καὶ
999 2057 1046 2125 τίς

267 2156 389 2236 λατρείας
403 2158 523 2235 δρῶντες,
539 2153 646 2234 ἔχαιρόν
660 2176 690 2212 τε
707 2154 735 2211 έν
751 2152 827 2231 μέρει
846 2148 891 2209 καί
906 2150 958 2207 τῶν
974 2146 1047 2206 ἰδίων

214 2276 241 2315 uc
268 2244 473 2307 ἐπελανθάνοντο
490 2246 636 2323 ἀλγεινῶν·
653 2241 764 2301 κωλύειν
785 2241 833 2318 μὲν
848 2238 900 2319 γδρ
918 2235 1048 2317 οθδέτεροι

269 2335 301 2393 ιδ
315 2334 440 2415 γινόμενα
455 2332 615 2413 ἐπεχείρουν.

307 2425 395 2486 XLV.
419 2420 592 2498 Λογιζόμενος
615 2419 666 2479 δ’ὁ
686 2419 840 2499 Ταρκύνιος,
865 2418 905 2478 ὅτι
931 2420 986 2483 τοῖς
1009 2415 1047 2493 μὴ

268 2513 338 2573 κατδι
351 2513 445 2590 νόμους
457 2510 570 2570 λαύοὺσι
583 2507 630 2576 τδς
653 2508 815 2581 δυναστείας,
841 2507 911 2567 alli
931 2507 974 2565 διδ
996 2509 1049 2563 τῶν

268 2600 357 2660 όπλων
371 2598 556 2678 κτησαμένοις,
572 2599 602 2656 οὑ
618 2596 695 2674 μόνον
708 2596 851 2679 ἐπιχωρίου
866 2598 904 2654 δεῖ
918 2594 1047 2675 φυλακῆς,

216 2714 243 2752 ετ
270 2690 340 2749 ἀλλὰ
353 2689 400 2748 καὶ
412 2688 522 2758 ξενικῆς,
537 2694 581 2746 τόν
599 2684 806 2769 δπιιρανέστατον
820 2686 850 2743 ἰκ
867 2688 912 2742 τοὺ
926 2680 1048 2741 Λατίνων

270 2777 356 2844 ἔθνους
371 2775 417 2834 καὶ
438 2777 564 2834 πλεῖστον
588 2773 714 2832 ὑπάντων
730 2770 886 2849 δυνάμενον,
905 2767 1048 2835 ἐσπούδαζε

272 2861 347 2944 φίλον
367 2864 537 2934 ποιήσασθαι,
555 2865 595 2942 τῷ
609 2861 689 2942 γάμῳ
704 2859 824 2930 συζεύξας
843 2865 891 2934 τῆς
909 2859 1050 2942 θυγατρὸς,

271 2955 298 3024 δς
321 2957 442 3014 ἐκαλεῖτο
468 2951 516 3030 μὲν
536 2951 658 3019 Ὀκτάῖος
674 2951 824 3028 Μαμίλιος,
847 2950 955 3032 ἀνέφερε
971 2947 999 3008 δέ
1022 2946 1051 3006 ab

270 3046 343 3121 γένος
357 3044 393 3111 εἰς
418 3041 578 3119 Τηλέγονον,
595 3041 638 3098 τδν
658 3039 685 3107 ἐξ
698 3039 848 3106 Ὀδυσσέως
868 3037 1050 3118 καίίίίρκης,

219 3163 245 3204 30
272 3133 387 3215 κατῴκει
402 3134 426 3190 δ’
443 3133 469 3189 ἐν
485 3130 561 3190 πολει
577 3129 701 3209 Τύσκλῳ.
744 3127 850 3189 Ἐδόκει
868 3129 896 3186 δέ
917 3126 952 3187 τδι
976 3127 1053 3186 πολι-

273 3222 333 3282 τικδι
348 3220 451 3287 συνετδς
466 3221 493 3277 ἐν
501 3219 596 3296 ὀλίγοις
608 3208 685 3290 εἰναι,
697 3215 743 3276 καί
754 3216 885 3292 πολέμους
895 3215 1052 3295 στρατηγεῖν

271 3311 370 3376 ἱκανός.
412 3311 513 3369 Τοῦτον
524 3307 569 3367 τδν
585 3306 667 3385 ἄνδρα
681 3306 756 3388 ρίλον
771 3305 851 3385 ἔχων,
866 3304 911 3363 καί
924 3303 959 3364 δι’
973 3304 1053 3362 αὑτοῦ

272 3398 330 3465 τοὺς
342 3396 461 3477 ἀρίστους
475 3399 502 3455 ἰν
515 3397 615 3472 ἑκάστη
631 3396 707 3454 πολει
719 3398 771 3452 τῶν
786 3395 820 3452 ads
834 3395 909 3453 κοενδ
921 3391 1053 3472 πραττόν-

274 3511 325 3547 των
336 3484 507 3566 προσλαὺδιν,
518 3486 573 3545 τότ’
585 3485 637 3557 ἤδη
652 3484 697 3543 καί
706 3487 758 3543 τῶν
771 3482 915 3562 ὑπαιθρίων
924 3480 1054 3562 ἐπεχείρει

219 3604 245 3643 an
274 3582 415 3658 πειρᾶσθαι
439 3576 576 3652 πολέμων,
592 3575 638 3633 καὶ
653 3571 780 3653 στρατιδιν
795 3573 839 3634 ἐπί
853 3571 982 3640 Σαόίνους
996 3570 1054 3639 ἐξά·

273 3691 338 3746 γειν,
351 3669 380 3725 ού
392 3663 563 3745 βουλομένους
575 3663 705 3734 ὑπηκόους
716 3652 782 3721 εἰναι
796 3670 849 3729 τοῖς
865 3664 1053 3740 ἐπιτάγμασιν,

274 3757 332 3815 ἀλλ’
347 3754 522 3833 ἀπηλλάχθαι
547 3754 600 3810 τῶν
625 3753 771 3828 ὁμολογιῶν
797 3751 942 3829 οἰομένους,
972 3748 998 3818 ii
1023 3741 1054 3809 οὑ

273 3844 387 3910 Τύλλιος
401 3838 568 3913 ἐτελεύτησε,
584 3838 649 3919 πρὸς
664 3840 692 3900 δν
717 3841 875 3913 ἐποιήσαντο
888 3841 937 3907 τδις
956 3840 1053 3917 ὁμολο-

274 3942 340 4020 γίας.
383 3940 464 4007 Γνοὺς
474 3940 502 3999 δί
512 3943 608 4011 ταῦτα,
620 3948 729 4018 προεῖπε
737 3940 770 3997 δι’
785 3939 904 4017 ἀγγέλων
917 3938 1004 4010 ἥκειν,
1018 3940 1055 4003 εἰς

219 4060 248 4099 ,η
275 4030 323 4101 τήν
346 4034 373 4090 ἐν
397 4028 549 4109 Φερεντίνῳ
571 4028 711 4108 γινομένην
734 4027 915 4108 ἀγοράν,τοὺς
933 4026 1056 4093 εἰωθότας

276 4117 342 4197 ὑπδρ
348 4123 394 4176 τοὺ
406 4121 554 4193 κοινοῦγτῶν
567 4115 688 4179 Λατίνων
701 4115 871 4196 συνεδρεύειν,
882 4116 984 4196 ἡμέραν
996 4115 1065 4175 τινδ.

275 4205 376 4286 ὑρίσας,
391 4209 428 4272 ὡς
440 4205 501 4283 περί
514 4209 608 4266 κοινῶν
622 4205 669 4267 καί
691 4205 815 4283 μεγάλων
829 4207 994 4285 πραγμάτων
1007 4204 1054 4266 σὺν

276 4296 363 4362 αὑτοῖς
386 4294 600 4374 βουλευσόμενος.
644 4297 680 4356 0i
699 4295 748 4373 μίν
766 4293 798 4367 δὴ
826 4300 967 4375 παρῆσαν,
992 4299 1007 4354 ὑ
1028 4293 1055 4354 δὲ

275 4382 422 4467 Ταρκύνιος
434 4382 511 4449 αύτδς
531 4383 673 4450 ὑκαλέσας
697 4383 790 4452 αὐτοὺς
807 4386 919 4467 ὑστέρει.
962 4384 1013 4452 Ὦς
1028 4383 1055 4443 δὲ

221 4498 249 4539 ιο
277 4474 357 4543 πολὺς
371 4472 473 4553 ἰγίνετο
499 4471 658 4549 καθημένοις
680 4476 694 4532 ὑ
721 4472 825 4553 χρόνος,
843 4475 887 4534 καί
903 4474 986 4533 ίδόκιι
1003 4474 1056 4538 τοῖς

276 4563 393 4624 πλείοσιν
407 4560 481 4641 ὑόρις
503 4550 570 4619 εἰναι
584 4560 613 4620 τδ
627 4571 751 4642 πρᾶγμα,
787 4561 853 4642 ἀνήρ
877 4585 916 4628 τις
930 4564 956 4620 ἐν
980 4560 1056 4619 πόλει

277 4653 324 4731 μέν
342 4656 419 4713 οἰκῶν
437 4649 575 4731 Κορίλλῃ,
591 4650 698 4719 δυνατδς
712 4651 740 4710 δὲ
752 4651 797 4710 καί
817 4651 938 4731 χρήμασι
953 4651 998 4709 καὶ
1013 4650 1055 4730 φί-

277 4745 331 4810 λοις
360 4742 405 4800 καί
429 4740 463 4800 τδι
477 4743 593 4818 πολέμια
619 4739 740 4817 άλκιμος,
769 4739 903 4798 πολιτικόν
924 4762 953 4798 τε
980 4738 1057 4816 λόγον

273 4836 359 4895 εἰπεῖν
374 4833 422 4890 οὑκ
444 4828 578 4903 ιἰδύνατος,
595 4829 697 4909 Τύρνος
715 4827 857 4910 Ἑρδώνιος
868 4825 951 4905 ὄνομα
956 4872 965 4903 ,
991 4830 1056 4888 Μα-

223 4942 251 4982 bc
278 4920 359 5001 μιλίῳ
373 4943 402 4978 τε
417 4917 539 5001 διάρορος
553 4919 602 4996 ῶν,
622 4918 665 4979 διδι
684 4918 731 4991 τὴν
747 4917 807 5000 τρδς
821 4917 854 4977 ed
868 4915 942 4977 κοινδ
960 4922 1054 4998 ιρῑλοτι·

275 5008 353 5093 μίαν,
366 5008 411 5068 καί
424 5008 565 5090 Ταρκυνίῳ
580 5008 623 5070 διδ
639 5006 684 5067 τδν
705 5006 844 5087 Μαμίλιον
859 5005 1058 5089 ἀπεχθόμενος,

278 5094 319 5155 ότι
344 5094 474 5167 κηδεστὴν
506 5101 604 5159 ἐκεῖνον
618 5095 714 5169 ἠξίωσε
741 5098 832 5157 λαὺεῖν
860 5099 917 5156 ἄνθ’
944 5101 1057 5173 ίαυτοὺ,

792 414 967 479 DlONYSII
988 405 1371 476 Hnllcntirtnssuriffls

1100 553 1168 619 regni
1180 555 1291 617 tempora
1311 564 1385 616 opera
1411 547 1623 614 semiperfectaub
1635 560 1682 597 aro
1700 545 1787 596 relicta
1798 534 1882 597 abaci*

1099 686 1172 733 sere,
1193 676 1219 722 et
1236 671 1346 729 cloacas,
1366 682 1428 734 quas
1443 667 1485 719 ille
1503 667 1588 718 tcdere
1605 671 1728 731 coepcrat,
1749 680 1830 730 usque
1852 665 1884 716 ad

1101 790 1205 841 flurium
1234 788 1377 854 perducere,
1401 787 1546 851 circumque
1571 786 1721 844 maximum,
1752 783 1796 849 qui
1824 783 1886 835 nibil

1100 904 1296 973 pretergradua
1320 903 1442 965 babebat,
1469 903 1622 954 circunadare
1647 901 1781 967 porticibus
1802 900 1885 951 tectis.
1913 936 1917 943 .

1101 1023 1243 1089 Atquebrec
1261 1023 1428 1089 omnia'opera
1445 1036 1460 1072 ε
1474 1021 1623 1087 pauperibus
1637 999 1832 1086 peragebantur,
1842 1021 1887 1083 qui

1101 1145 1228 1197 modicum
1241 1145 1393 1195 trumentum
1406 1142 1439 1193 ab
1456 1156 1487 1193 eo
1499 1106 1674 1207 accipiebant}
1691 1145 1717 1191 et
1731 1140 1773 1192 atii
1782 1139 1884 1204 quidem

1101 1266 1231 1317 materiam
1240 1263 1376 1321 cadebant,
1388 1263 1430 1313 alii
1438 1263 1554 1328 'plaustra
1562 1232 1693 1321 ducebant,
1709 1262 1750 1312 alii
1760 1275 1820 1311 vero
1834 1262 1887 1326 ipsa

1101 1400 1177 1438 onera
1191 1385 1301 1436 humeris
1317 1384 1437 1445 terebant,
1454 1383 1495 1434 alii
1513 1383 1593 1434 lossas
1613 1383 1786 1433 subterraneas
1798 1387 1824 1433 et
1847 1396 1888 1433 oa·

1099 1522 1190 1560 vernas
1213 1507 1350 1570 fodiebant,
1374 1510 1401 1559 et
1421 1506 1526 1558 icrnicea
1544 1506 1570 1557 in
1595 1503 1836 1565 iltis'tabrioabant,
1862 1507 1889 1557 et

1103 1628 1214 1692 porticus
1222 1626 1357 1691 erigebant,
1366 1629 1394 1677 et
1407 1626 1544 1691 opitiolbus,
1561 1626 1605 1688 qui
1619 1626 1672 1676 bac
1685 1623 1819 1688 iaciebant,
1829 1637 1887 1675 ser·

1099 1747 1199 1797 aiebant
1220 1766 1227 1796 ε
1245 1749 1271 1798 et
1290 1745 1353 1797 iubri
1366 1746 1460 1796 terrarii
1478 1750 1503 1797 et
1527 1746 1622 1809 lignarii
1636 1751 1662 1796 et
1674 1746 1819 1811 lapicidae,a
1836 1746 1889 1796 auis
1914 1818 1916 1822 ρ

1101 1865 1207 1932 propriis
1216 1864 1334 1928 operibus
1344 1863 1470 1923 abstracti,
1482 1863 1506 1914 in
1516 1863 1616 1928 publico
1622 1876 1699 1928 opero
1704 1863 1888 1914 detinebantur.

1100 1989 1128 2036 lu
1148 1986 1189 2036 his
1205 1984 1403 2049 igituroperibus
1419 1983 1523 2047 populus
1539 1982 1656 2042 attritus,
1675 1982 1766 2032 nullam
1783 1980 1890 2032 habebnt

1101 2106 1220 2170 quietern.
1265 2105 1348 2161 Quare
1370 2102 1467 2166 patricii
1491 2105 1518 2153 et
1539 2101 1629 2153 borum
1651 2106 1677 2152 el
1700 2102 1801 2152 alioruin
1823 2101 1891 2151 mata

1103 2227 1230 2276 cernentes
1239 2222 1419 2288 aliquantulum
1435 2222 1575 2287 gaudebant
1587 2261 1593 2282 ,
1605 2225 1631 2273 et
1653 2235 1754 2273 suorum
1766 2222 1890 2272 mnloruru

1103 2340 1308 2392 obliviscebantur
1323 2359 1329 2389 :
1342 2339 1426 2390 neubi
1441 2339 1506 2389 euim
1519 2338 1574 2388 hacc
1586 2336 1708 2402 impedire
1724 2336 1858 2386 audebant.

1137 2458 1208 2506 xlv.
1226 2456 1343 2505 ceterum
1359 2454 1508 2517 Tarquinius
1531 2465 1617 2502 securo
1645 2453 1762 2515 reputans
1786 2449 1833 2510 eis,
1846 2448 1891 2513 qni

1105 2540 1267 2604 principatum
1292 2551 1341 2587 uon
1350 2537 1467 2599 legitime,
1480 2536 1609 2587 sedarmis
1618 2534 1753 2599 quesitum
1761 2535 1891 2592 baberent,

1105 2641 1156 2677 non
1170 2627 1249 2677 solnm
1263 2625 1442 2689 indigenarum,
1457 2624 1499 2674 aed
1514 2624 1590 2674 etiam
1607 2626 1765 2673 externorum
1778 2622 1892 2671 custodia

1106 2722 1133 2766 et
1150 2714 1265 2781 praesidio
1282 2729 1346 2779 opus
1363 2728 1426 2774 esse,
1440 2715 1470 2762 ut
1486 2712 1567 2762 virum
1584 2711 1663 2762 totius
1688 2710 1766 2761 Latini
1786 2710 1894 2759 nominis

1109 2803 1302 2855 illustrissimum
1324 2808 1350 2853 et
1366 2802 1477 2852 omniurn
1498 2801 1694 2866 potentissimum
1718 2799 1766 2850 sibi
1784 2798 1894 2849 amicitia

1108 2893 1221 2956 iungeret
1237 2892 1343 2952 studuit,
1356 2891 1406 2941 iilia
1425 2905 1470 2940 suu
1481 2890 1517 2942 illi
1531 2892 1558 2940 in
1566 2889 1754 2939 matrimonium
1766 2888 1832 2938 data.
1867 2890 1893 2937 ls

1111 2981 1243 3032 vocabatur
1257 2980 1376 3030 Octavius
1393 2979 1518 3029 Mamilius
1537 2998 1543 3026 ι
1560 2976 1681 3028 oriundus
1701 2980 1784 3028 autem
1806 2979 1861 3027 erat
1875 2991 1892 3026 a

1109 3072 1238 3136 Telegono,
1248 3072 1336 3121 Ulissia
1347 3075 1373 3121 et
1386 3071 1465 3121 Circe
1479 3071 1541 3131 tilio,
1558 3075 1584 3121 et
1599 3070 1735 3120 Tusculum
1746 3068 1833 3119 urbem
1851 3068 1892 3118 in·

1110 3159 1213 3210 colebat.
1246 3159 1436 3208 Existimabatur
1456 3162 1541 3208 autam
1560 3158 1624 3208 inter
1644 3172 1737 3222 paucos
1751 3170 1834 3207 rerum
1849 3170 1894 3220 pu·

1109 3246 1228 3298 blicarum
1240 3261 1294 3297 esse
1315 3248 1425 3311 peritus,
1443 3250 1471 3297 el
1482 3247 1507 3296 iu
1521 3247 1586 3296 ballo
1596 3247 1657 3296 salis
1666 3245 1772 3296 idoneus
1788 3246 1893 3310 impers-

1112 3338 1158 3385 tor.
1193 3334 1256 3385 luita
1266 3348 1325 3384 cunr
1336 3335 1383 3383 lroc
1399 3333 1452 3383 siro
1465 3332 1584 3392 amicitia,
1595 3335 1624 3382 et
1639 3345 1750 3397 pereum
1771 3330 1894 3381 adiunctis

1112 3423 1159 3473 sibi
1174 3423 1384 3488 praestantissimis
1394 3421 1542 3485 quibusque,
1554 3420 1599 3484 qui
1609 3420 1743 3484 insingulis
1753 3419 1897 3469 ciuitatibus

1111 3511 1186 3562 rebus
1199 3510 1303 3576 publicis
1315 3512 1509 3574 procurantium
1523 3507 1624 3558 demum
1634 3507 1708 3571 coepit
1719 3506 1782 3557 bella
1792 3509 1894 3555 esterna

1111 3602 1246 3663 temptare,
1268 3601 1295 3649 et
1304 3597 1389 3661 copias
1404 3596 1428 3646 io
1444 3595 1548 3647 Sabinos
1559 3596 1664 3650 ducere.
1676 3594 1719 3657 qui
1731 3593 1808 3658 ipsius
1824 3607 1894 3642 man-

1111 3686 1176 3738 datis
1188 3699 1273 3753 parere
1282 3685 1405 3747 nolebant,
1416 3685 1587 3736 existimantes
1599 3683 1696 3733 traderis
1710 3680 1896 3733 conditionibus

1111 3774 1206 3825 solutos
1215 3787 1242 3825 ae
1253 3787 1320 3833 ease,
1335 3788 1366 3824 ex
1378 3787 1429 3836 quo
1446 3772 1543 3824 obierat
1555 3771 1658 3831 Tullius,
1675 3785 1734 3822 eum
1744 3784 1795 3833 quo
1813 3770 1895 3821 ttedus

1111 3863 1226 3913 lecerunt.
1259 3866 1314 3921 Quo
1328 3863 1441 3927 cognito,
1456 3861 1544 3912 indixit
1559 3875 1602 3925 per
1617 3860 1730 3921 nuntios,
1749 3863 1778 3909 ut
1789 3859 1821 3909 ad
1833 3874 1893 3909 con·

1111 3953 1195 4004 cilium
1210 3953 1367 4005 Ferentinum
1384 3954 1496 4003 venirent
1513 3964 1614 4011 omnes,
1631 3952 1675 4014 qui
1687 3963 1732 4015 pro
1751 3949 1897 3999 latinorum

1112 4043 1239 4109 republica
1251 4056 1281 4095 eo
1295 4042 1425 4094 convenire
1435 4029 1499 4093 soliti
1512 4045 1591 4101 erant,
1608 4044 1750 4103 certamque
1766 4040 1833 4090 diem
1841 4041 1895 4088 sta·

1111 4131 1169 4193 tuit,
1189 4133 1261 4198 quasi
1273 4132 1305 4183 de
1323 4132 1396 4183 rebus
1413 4130 1518 4196 publicis
1543 4132 1570 4181 et
1590 4128 1672 4194 magni
1704 4127 1824 4178 momenti
1852 4139 1899 4177 ecs

1112 4221 1270 4272 consulturus
1280 4224 1354 4272 esset.
1370 4219 1406 4271 llli
1418 4219 1493 4284 igilur
1516 4220 1650 4275 venerunt,
1671 4217 1714 4267 sad
1730 4216 1895 4282 Tarquinius,

1111 4308 1154 4374 qui
1169 4323 1213 4360 eos
1237 4313 1400 4369 convocarat,
1429 4308 1510 4358 serius
1535 4305 1610 4357 venit.
1645 4309 1757 4370 miroque
1777 4306 1827 4355 iam
1841 4303 1896 4354 diu·

1111 4397 1162 4447 tius
1177 4400 1256 4448 atcto
1269 4400 1391 4448 conventu
1407 4398 1602 4460 exspectaretur,
1627 4398 1653 4444 ot
1670 4394 1794 4459 plerisque
1808 4392 1833 4443 id
1847 4396 1896 4444 tac·

1112 4490 1164 4536 tum
1177 4486 1381 4537 contumeliosum
1397 4486 1531 4545 rideretur,
1546 4484 1586 4534 sir
1603 4484 1714 4548 quidam,
1731 4484 1776 4547 qui
1796 4482 1897 4532 bobila·

1111 4573 1154 4624 bat
1169 4575 1287 4635 Coriolis,
1300 4579 1388 4641 potens
1404 4578 1432 4626 et
1445 4574 1535 4639 opibus
1550 4578 1577 4623 et
1586 4573 1683 4632 amicis,
1693 4576 1721 4623 et
1736 4574 1760 4622 in
1771 4585 1798 4621 re
1808 4570 1895 4622 belbca

1111 4666 1227 4714 strenuus
1240 4678 1286 4715 uec
1297 4665 1376 4715 civilis
1388 4663 1509 4715 iucundius
1524 4676 1629 4728 expers,
1643 4664 1742 4712 Turnus
1755 4660 1896 4711 Herdonius

1111 4752 1217 4813 nomine,
1227 4753 1270 4815 qui
1282 4765 1297 4801 a
1308 4751 1416 4802 ltamitio
1423 4750 1621 4802 obambitionern
1633 4750 1659 4799 in
1667 4749 1807 4815 reipublicae
1818 4747 1896 4797 admi-

1111 4839 1255 4891 nistratione
1265 4840 1415 4902 dissidebat,
1429 4842 1455 4892 et
1463 4840 1498 4891 ob
1511 4839 1646 4892 Mamilium
1666 4826 1801 4902 Tarquinio
1813 4837 1894 4887 inten-

1112 4942 1157 4979 sus
1165 4930 1307 4997 erat,qnorl
1318 4930 1389 4982 illum
1399 4941 1517 4994 generum
1528 4942 1604 4993 ςαοοι
1616 4941 1643 4980 ae
1655 4926 1749 4979 babere
1754 4925 1894 4988 maluisset,

1112 5018 1204 5081 prolixa
1217 5020 1327 5071 oratioue
1344 5018 1371 5069 in
1390 5018 1551 5083 Tarqutulum
1571 5006 1686 5068 maestus
1703 5019 1760 5078 ast,
1776 5029 1835 5066 oum
1846 5007 1898 5065 alia

1113 5105 1168 5157 eius
1183 5107 1229 5158 viri
1243 5107 1308 5158 iacta
1323 5120 1468 5166 recensens,
1486 5091 1686 5173 quibus'aliquid
1705 5104 1851 5171 arrogantie
1868 5106 1896 5155 et

278 5182 380 5255 πολλὴν
403 5186 516 5245 ἐποιεῖτο
537 5193 583 5245 τοῦ
601 5184 751 5266 Ταρκυνίου
777 5185 953 5266 κατηγορίαν,
978 5186 1014 5247 τιί
1031 5209 1060 5248 τε
1113 5176 1237 5260 superbia
1261 5197 1343 5247 inesse
1363 5196 1505 5258 ridebatur,
1526 5199 1581 5246 tuxn
1606 5194 1681 5246 etiarn
1697 5183 1765 5260 quud
1786 5192 1897 5260 ipsoqui
1936 5194 1940 5199 “

279 5275 349 5339 ἄλλα
364 5271 463 5342 διεξιὼν
478 5275 541 5355 ἔργα
556 5280 601 5335 τοὺ
617 5274 720 5356 άνδρδς,
733 5265 770 5341 οἷς
786 5273 910 5336 αὐθάδειά
924 5298 963 5343 τις
976 5274 1061 5336 ἐδόκει
1115 5284 1244 5336 concilium
1257 5282 1379 5338 indixerat
1397 5283 1514 5345 abesset,
1530 5296 1589 5337 cum
1605 5284 1691 5337 tantan
1707 5281 1786 5335 ceteri
1808 5291 1897 5331 omues
