4048 5924
233 370 293 430 ita

757 360 928 425 nronrsn
951 336 1342 425 aaaroiannssnnsrs'

233 503 342 571 πολλοῖς
356 499 538 582 ἀπεχθομένου
553 498 665 580 σώφρων
689 496 815 557 εθλάόιια
831 498 896 580 πρδς
911 495 958 562 eie
969 501 1016 557 τοῦ
1038 495 1042 593 β
1069 504 1200 563 olentisad
1213 506 1366 572 potentiores
1379 505 1426 557 sibi
1443 504 1553 557 intensos
1562 505 1675 559 modesta
1684 508 1782 574 cautio;
1794 509 1849 570 sed,

235 596 393 673 κρατοῦντος
416 588 511 668 ἀργός,
536 589 596 647 ἀλλ’
612 592 648 653 ὡς
671 589 765 667 ἐχθροῦ
795 585 1012 658 προπηλακίζον-

235 701 278 744 τος
292 677 374 742 ἀδεῶς
385 674 445 742 τοὺς
458 674 509 734 ὑπὸ
526 682 605 754 χεῖρα
632 673 747 754 ἀκρατός
760 697 799 740 τις
815 672 883 752 χολή
898 672 944 732 καὶ
961 677 1014 752 βα-

235 766 293 846 ρεῖα
306 770 353 823 τοῦ
364 768 453 833 κακῶς
464 762 616 842 πάσχοντος
631 761 774 843 ὑπεροψία.

191 873 206 909 s
274 853 392 914 ilxllll.
414 851 557 931 Τοιγάρτοι
574 849 695 930 λίγοντός
710 873 739 910 τε
754 854 834 910 αὐτοῦ
850 848 947 928 μεταξὺ
961 873 1014 910 πο·

233 939 279 1010 λθς
290 940 399 1022 θόρυόος
410 939 512 1017 ἐγίνετο
525 941 588 1020 τῇδε
603 942 649 1000 καί
663 941 726 1018 τῇδε
738 937 838 1017 θαμινά
851 939 1014 1018 μεθελκόμι-

233 1034 331 1105 νος,ιὶις
342 1032 369 1089 ἀν
385 1029 517 1111 διαφόροις
526 1029 639 1103 πλήθεσι
655 1027 701 1089 καί
712 1030 742 1088 οὖ
759 1027 793 1088 τδι
803 1028 1013 1109 αὖτάβουλομί-

1068 593 1187 657 θιιιηιιιιιιι
1212 592 1294 644 hostis
1324 591 1467 643 insultantis
1494 592 1616 656 intrepide
1646 606 1701 645 snae
1732 595 1852 661 potestati

1068 679 1196 736 obnoxiis,
1211 679 1335 743 impotens
1353 678 1470 743 quaedam
1493 679 1532 730 ira
1555 682 1581 730 et
1594 681 1690 744 &gravis
1716 684 1852 735 contemtio

1068 765 1196 819 hominum
1215 767 1305 818 iniuria
1318 768 1473 820 allectomm.

1099 856 1197 907 xxxv.
1214 858 1379 923 Quapropter,
1402 870 1434 908 co
1451 856 1533 908 adbuc
1553 857 1689 924 loquente,
1713 861 1853 914 interillos

1068 942 1155 1007 iugem
1165 945 1288 996 tumultus
1303 949 1407 996 eronus
1423 947 1469 1006 est,
1486 945 1562 996 modo
1575 946 1601 996 in
1611 945 1683 1008 bano,
1700 947 1775 999 modo
1785 948 1853 1000 inil-

1068 1033 1119 1085 lam
1133 1037 1229 1101 partem
1244 1034 1331 1087 crebro
1342 1047 1490 1094 conversus,
1504 1039 1533 1086 ut
1547 1035 1574 1086 in
1592 1035 1729 1088 dissidente
1745 1050 1792 1088 nec
1808 1050 1855 1090 ea·

233 1141 301 1191 pm,
325 1121 378 1177 τῶν
391 1115 438 1195 μὶν
458 1117 592 1196 ἡδομένων
608 1119 653 1177 ἐπὶ
667 1125 721 1185 τοῖς
741 1116 827 1197 λόφοις
849 1118 930 1176 αὐτοῦ
941 1162 950 1193 ‚
962 1120 1015 1176 τῶν
1069 1117 1128 1169 dem
1145 1119 1243 1170 volente
1260 1119 1423 1170 multitudine
1440 1120 1506 1171 sciet
1517 1121 1654 1183 occidere,
1672 1121 1728 1173 aliia
1742 1124 1855 1178 sermoni

234 1206 352 1268 δάπάλιν
367 1206 533 1288 ἀχθομίνων.
579 1206 632 1268 Καί
657 1204 749 1278 ἐπειδὴ
774 1203 913 1267 ἐπαίσατο
926 1205 1012 1285 λίγων

181 1316 207 1356 ru
236 1295 274 1355 ἔτι
289 1295 388 1356 πλείων
413 1295 507 1367 ἀνίστη
536 1293 584 1375 βοὴ
604 1293 650 1355 καί
667 1295 788 1375 θόρυόος.
831 1296 867 1356 οί
893 1293 941 1372 μίν
962 1294 1014 1375 γὰρ

233 1383 368 1462 πατρίκιοι
397 1382 535 1463 κράτιστον
554 1384 656 1461 ἀνδρῶν
668 1383 787 1460 λέγοντες
803 1382 917 1464 ἀπήνουν
932 1383 1012 1441 αιἰτδν

235 1470 279 1532 ἐπί
300 1477 332 1552 τῇ
347 1474 497 1555 παρρησίφ,
522 1471 568 1532 καί
583 1471 662 1549 μόνον
680 1470 823 1553 ἀπίφαινον
846 1470 872 1541 ἐξ
889 1469 1013 1530 ἁπάντων

234 1565 306 1642 σφῶν
319 1560 471 1641 ἐλεύθερον,
490 1558 593 1629 θςοιίτι
614 1559 750 1638 πολεμίων
771 1561 871 1619 ἔδεισεν
886 1558 1013 1619 ἀπιόντων

233 1648 325 1731 ὄχλον,
341 1646 400 1709 οὔτε
416 1652 530 1709 πολιτῶν
554 1648 676 1718 αὐθάδεις
699 1650 745 1711 καί
765 1650 935 1730 παρανόμους
956 1652 1014 1709 tro·

177 1762 205 1802 rs
233 1738 361 1797 λάκιυσιν
381 1738 474 1818 ὁρμάς·
502 1739 526 1797 ol
545 1738 573 1797 δί
595 1737 734 1813 δημοτικοὶ
761 1740 1014 1818 δυσανασχετοῦντες

232 1825 278 1886 ἀπὶ
292 1827 344 1893 τοῖς
357 1829 511 1904 ὀνειδισμοῖς
536 1827 617 1906 βαρθν
635 1827 681 1886 καί
704 1829 800 1909 πικρὸν
815 1827 862 1886 καί
877 1824 1011 1903 πολεμίων

232 1912 357 1974 ἁπάντων
372 1914 492 1993 ἔχθιστον
508 1913 589 1973 αὖτδν
602 1914 761 1975 ἀπεκάλουν.
804 1913 963 1997 Πρυθυμίαν
982 1914 1010 1973 δδ

231 2001 333 2074 πολλὴν
346 1993 417 2083 εἶχόν
427 2025 494 2069 τινες
507 2001 577 2074 ἤδη,
592 1994 631 2071 οἷς
645 2000 712 2063 πολὺ
728 2006 830 2083 προσῆν
845 2001 875 2061 τδ
888 2001 1011 2081 εὔχαρίς,

232 2093 259 2151 ἐν
283 2094 379 2172 χειρῶν
403 2091 482 2151 αὐτὸν
512 2094 660 2173 διαφθεῖραι
681 2090 763 2175 νόμῳ.
807 2089 960 2171 Συνήργουν
983 2093 1011 2152 ai

176 2198 204 2237 au
232 2186 318 2247 ου’τοῖς
332 2182 368 2244 είς
382 2184 459 2238 τοῦτο
472 2178 518 2238 καί
540 2177 738 2257 συνελάμόανον
760 2181 784 2239 ol
802 2178 949 2259 δήμαρχοι,
964 2182 1011 2238 καί

233 2268 350 2346 μάλιστα
361 2268 492 2334 Σικίννιος
501 2266 614 2329 ἀνεδίδου
627 2278 682 2337 τοῖς
696 2267 848 2347 βουλήμασι
862 2266 910 2334 τδις
923 2268 1008 2339 ἡνίας.

231 2359 371 2418 Τελευτῶν
394 2361 471 2435 γοῦν,
496 2357 587 2428 ἐπειδὴ
612 2354 714 2429 πολλὴν
732 2359 811 2418 αὐτοῦ
835 2355 1008 2436 καταδρομὴν

232 2444 375 2517 ἀποιήσατο
399 2445 445 2503 καί
470 2442 529 2512 τοὺς
550 2445 648 2523 nepot<
666 2444 791 2515 ἀξίκαυσε
817 2447 870 2504 τῶν
886 2447 1008 2520 δημοτῶν

232 2532 312 2601 mii<
327 2531 474 2611 ἀμπνεόσας
488 2537 522 2613 τῇ
542 2533 705 2616 κατηγορίᾳ,
719 2532 793 2601 τίλας
807 2532 953 2614 ἐξήνεγκεν,
967 2532 1009 2593 ότι

175 2639 202 2678 as
230 2622 340 2682 θάνατον
355 2624 435 2682 αὐτοῦ
445 2622 656 2704 καταψηφίζεται
666 2624 698 2683 τὸ
710 2627 818 2705 ἀρχεῖον
837 2625 885 2695 τῆς
899 2624 935 2688 είς
948 2620 1009 2691 rub<

230 2712 407 2791 ἀγορανόμους
433 2707 535 2791 θόρεως
559 2711 660 2783 ἕνεκεν,
683 2711 729 2779 οὓς
755 2717 790 2794 τῇ
814 2711 930 2793 προτίρορ
956 2717 1009 2772 τῶν

231 2801 338 2875 ήμιρῶν
352 2796 426 2876 ἀγειν
441 2801 519 2859 αὐτὸν
533 2800 719 2869 κελευσθίντας
738 2802 783 2883 ὑφ’
800 2803 887 2859 αθτῶν
902 2799 1007 2860 τύπτων

234 2884 386 2958 ἀπήλασεν·
401 2889 431 2946 οὔ
448 2887 501 2967 γάρ
513 2889 610 2968 ἑτάρων
630 2894 708 2950 τινῶν
723 2880 790 2949 εἶναι
805 2888 849 2949 τδν
865 2891 1008 2969 προπηλα-

229 2973 323 3041 κισμὸν
333 2967 377 3024 τόν
385 2972 408 3026 εί
417 2970 477 3035 τοὺς·
489 2971 623 3047 όπηρίτας
637 2975 857 3054 σφῶνγενόμενον
871 2976 889 3045 ἢ
904 2977 957 3033 τῶν
966 2996 1010 3034 κι-

114 3097 116 3102 ,
174 3072 202 3111 ao
229 3054 390 3116 λευσάντων.
436 3057 1009 3139 Καὶταῶτ’είπὼνάπίταξενάγειναὐτόνάπί

229 3141 273 3202 τόν
286 3144 471 3217 ὑπερκείμενον
479 3152 527 3219 τῆς
541 3151 637 3223 ἀγορᾶς
649 3151 743 3227 λόφον·
758 3150 858 3215 ἔστιδὲ
868 3151 899 3211 τδ
909 3150 1009 3235 χωρίον

231 3238 349 3319 κρημνὸς
370 3238 496 3311 ἐξαίσιος,
511 3240 567 3300 ὅθεν
590 3244 677 3309 αὐτοῖς
702 3242 758 3309 ίθος
775 3233 807 3312 ήν
827 3240 934 3321 βοῶλιιν
949 3237 1009 3311 τοίις

190 3382 195 3392 ,
229 3327 423 3396 ἀπιθανατίους.
466 3331 503 3390 0t
527 3328 575 3407 μίν
596 3323 642 3389 ὀίίν
671 3329 832 3408 ἀγορανόμοι
854 3326 1007 3409 προσήισαν

227 3419 266 3484 ὥς
285 3417 474 3497 ίπιληβόμινοι
488 3420 535 3476 τοῦ
550 3415 681 3493 σώματος·
698 3419 722 3475 oi
737 3416 765 3474 si
780 3413 915 3495 πατρίκιοι
939 3414 1008 3494 μίγα

175 3526 201 3570 ns
230 3502 408 3580 ἀμόοήσαντες
433 3504 562 3586 ὥρμησαν
591 3504 633 3564 ἀπ’
650 3504 744 3571 αὖτοὺς
767 3505 870 3586 ἀθρόοι,
885 3502 1007 3564 ίπειταθ

231 3594 315 3671 δῆμος
330 3593 374 3653 ἀντὶ
388 3592 448 3658 τοὺς
467 3592 632 3674 πατρικίους.
677 3592 732 3656 Καὶ
748 3585 781 3666 ήν
794 3591 881 3665 πολλή
897 3592 945 3670 μίν
960 3593 1007 3675 ἀρ·

231 3706 285 3761 γων
305 3681 437 3759 ἀκοσμία,
461 3683 546 3754 πολλὴ
569 3684 597 3742 δὲ
620 3682 706 3761 λόγων
727 3679 801 3763 δόρις
824 3683 887 3761 παρ’
898 3683 1006 3763 ἀμφοῖν,

231 3772 344 3845 ὠθισμοί
356 3795 384 3832 τε
399 3770 446 3831 καί
460 3774 556 3852 χειρῶν
573 3770 706 3830 ίπιόολαί.
750 3770 910 3851 Κατελήφθη
923 3767 951 3829 δί
963 3773 1009 3832 καί

231 3870 372 3941 σωφρονεῖν
387 3859 542 3941 ἠναγκάσθη
557 3857 592 3917 τά
606 3861 802 3937 παρακινοῦντα
812 3857 864 3916 ίιπδ
878 3859 931 3916 τῶν
941 3860 1008 3920 ὑπά-

178 3971 206 4010 ιυ
228 3969 284 4005 -των
312 3948 480 4027 βιασαμένων
511 3949 548 4016 είς
574 3946 669 4024 μίσους
691 3947 737 4005 καί
766 3954 820 4013 τοῖς
853 3945 1008 4027 βαόδοιίχοις

233 4033 401 4094 ἀναστέλλειν
429 4034 609 4096 κελευσάντων
638 4030 699 4101 τυθς
721 4031 828 4114 όχλους.
881 4033 1007 4110 Τοσαύτη

232 4117 286 4196 ἄρα
299 4126 346 4193 τῆς
362 4127 445 4204 ἀρχῆς
463 4123 541 4190 elib<
561 4115 594 4196 ήν
615 4133 669 4193 τοῖς
688 4127 748 4188 τότε
778 4126 938 4211 ἀνθρώποις,
958 4129 1005 4190 καί

231 4205 301 4266 οίίτω
315 4209 401 4284 τίμιον
414 4212 504 4287 τὸτῆς
517 4215 655 4293 βασιλικῆς
671 4216 787 4287 ἐξουσίας
801 4224 906 4301 σχῆμα.
949 4218 1009 4303 Ἐφ’

230 4285 269 4364 οἷς
282 4300 296 4355 δ
309 4298 439 4367 Σικίννιος
450 4303 589 4379 ἀδημονῶν
602 4305 649 4364 καὶ
664 4307 915 4391 διαταραττόμενος,
930 4312 1009 4372 etri-u·

176 4414 203 4454 ιε
231 4383 304 4456 θείας
316 4411 346 4446 τε
361 4388 455 4466 μεστὸς
477 4389 527 4467 ὢν,
551 4395 589 4473 μή
605 4397 814 4478 προσαναγκάσῃ
839 4399 899 4465 τοὺς
916 4398 1007 4481 διαφό-

233 4497 291 4553 ροις
304 4478 357 4545 τοῖς
372 4477 465 4558 βιαίοις
477 4480 510 4540 τά
535 4482 609 4563 βίαια
631 4489 725 4558 λῦσαι,
740 4487 889 4560 ἀποστῆναί
908 4512 938 4548 τε
961 4491 1010 4547 οὐκ

231 4562 311 4633 ἀξιῶν
319 4572 367 4626 τοῦ
380 4569 392 4627 ἀ
430 4569 586 4651 ειρήματος,
602 4574 692 4647 ἐπειδὴ
708 4575 778 4644 άπαξ
794 4576 949 4649 ἀπεόάλετο,
962 4576 1009 4636 καί

230 4653 318 4732 μίυειν
331 4593 430 4739 osope(
447 4662 547 4742 ἔκρινεν
562 4664 592 4723 οὔ
615 4663 724 4732 δυνατὸς
749 4662 805 4738 ὢν,
830 4663 912 4730 πολθς
927 4667 1009 4745 ἀντῷ

230 4748 337 4804 σκοπεῖν
350 4744 400 4808 ότι
412 4751 543 4829 πρακτίον
562 4742 581 4824 ή
598 4797 605 4812 .

176 4860 203 4901 m
268 4835 400 4899 xxxvi.
426 4838 549 4900 Κατιδὼν
572 4839 599 4901 δί
618 4839 696 4901 αθτδν
721 4842 912 4922 ἀμηχανοῦντα
935 4840 1009 4903 Λεό-

228 4945 283 4989 κιος
297 4921 403 4993 Ἰούνιος
417 4929 543 5007 Βροῦτος,
558 4931 654 4997 ἐκεῖνος
665 4934 680 4989 θ
693 4929 867 5008 δημαγωγὸς,
883 4933 1008 5011 θτεχνη-

1070 1205 1123 1257 eius
1141 1206 1361 1271 applaudentibus,
1383 1208 1439 1260 aliis
1460 1223 1521 1261 sero
1542 1209 1753 1276 obstrepentibus.
1786 1216 1855 1267 cuna

1070 1294 1154 1343 autem
1170 1292 1244 1343 tinem
1252 1292 1350 1347 dicendi
1365 1295 1480 1357 iecisset,
1495 1296 1624 1348 clamaret
1636 1298 1762 1350 tumultus
1780 1299 1855 1367 longe

1069 1379 1149 1431 maior
1169 1383 1208 1431 est
1231 1383 1342 1434 exortus.
1393 1385 1456 1435 Nam
1477 1384 1588 1449 patricii,
1614 1386 1853 1450 praestantissimum

1070 1469 1152 1520 ritum
1166 1469 1334 1534 appellantes,
1355 1484 1414 1523 enm
1437 1471 1585 1533 laudabant,
1614 1474 1749 1538 quodiam
1773 1477 1854 1530 libere

1069 1557 1221 1622 loqueretur,
1235 1563 1262 1610 ei
1281 1559 1361 1611 solum
1377 1560 1488 1612 omnium
1498 1561 1607 1614 liberum
1617 1577 1672 1616 esse
1682 1564 1852 1629 affirmabant,

1069 1647 1114 1709 qui
1128 1661 1174 1698 nec
1186 1648 1340 1700 inimicorum
1357 1649 1382 1700 in
1393 1662 1421 1701 se
1434 1649 1557 1715 impetum
1571 1652 1744 1714 formidasset,
1760 1670 1807 1708 nec
1818 1657 1855 1708 ci·

1070 1733 1140 1784 riurn
1160 1733 1257 1799 iniquos
1276 1748 1306 1786 ac
1327 1735 1448 1800 superbos
1469 1739 1573 1788 conatus
1600 1737 1727 1790 blanditiis
1750 1740 1852 1793 delinire

1069 1820 1198 1872 voluisset.
1233 1821 1326 1873 Plebeii
1351 1836 1423 1883 vero,
1447 1836 1514 1888 agre
1533 1825 1641 1877 serentes
1668 1826 1724 1877 eius
1740 1829 1851 1880 convicia

1071 1922 1129 1960 cum
1143 1908 1334 1973 exprobratione
1347 1910 1479 1961 coniuncta
1492 1949 1499 1973 ,
1510 1925 1612 1976 gravem
1627 1917 1656 1964 ei
1667 1916 1785 1967 acerbmn
1794 1915 1854 1968 bos·

1070 1997 1182 2060 tiumque
1195 1996 1307 2047 omnium
1326 1997 1375 2048 sibi
1393 1998 1590 2052 infensissimum
1606 2016 1666 2054 eum
1677 2003 1847 2068 appellabant}

1067 2086 1093 2133 et
1105 2083 1215 2134 nonnulli
1225 2084 1274 2135 iam
1290 2086 1441 2150 paratissimi
1455 2092 1542 2150 mant,
1555 2091 1599 2153 qui
1611 2091 1643 2141 ad
1655 2092 1707 2144 rim
1727 2095 1848 2158 propensi

1069 2172 1152 2231 erant,
1167 2169 1234 2220 iacto
1255 2169 1351 2235 impetu
1369 2184 1401 2223 ex
1417 2174 1527 2238 temporo
1540 2187 1599 2225 eum
1619 2175 1672 2227 iure
1684 2175 1742 2228 belli
1752 2177 1850 2230 interfi-

1069 2270 1134 2309 cere.
1166 2257 1273 2323 illosque
1289 2258 1444 2313 adorabant
1459 2261 1567 2324 tribuni,
1591 2263 1715 2328 precipue
1731 2277 1792 2315 vero
1813 2265 1854 2316 si-

1069 2342 1254 2395 ciniusillcrum
1266 2346 1376 2399 consiliis
1389 2346 1498 2399 habenas
1508 2348 1614 2400 laxabat.
1626 2349 1738 2402 Tandem
1752 2356 1850 2414 autem,

1069 2442 1127 2479 cum
1139 2430 1224 2481 multis
1239 2430 1401 2485 inhominem
1412 2434 1528 2487 insectus
1541 2441 1622 2499 esset,
1635 2438 1780 2503 ιιοῖιοοεηιιιε
1793 2440 1850 2505 ple-

1069 2518 1181 2568 beiorum
1192 2521 1362 2586 accendisset,
1374 2537 1476 2588 gravem
1486 2524 1549 2577 iram
1561 2525 1658 2591 spiram
1666 2530 1851 2583 accusationem

1068 2619 1139 2659 suam
1155 2606 1203 2658 hac
1219 2611 1341 2662 εοοθεοιῖο
1355 2612 1456 2671 obusit,
1477 2612 1576 2678 capitali
1596 2615 1718 2680 supplicio
1738 2631 1753 2667 a
1768 2617 1853 2669 tribu·

1069 2708 1158 2746 uorum
1168 2696 1272 2761 oolepto
1284 2711 1342 2750 eum
1364 2697 1490 2762 damnari,
1501 2702 1534 2753 ob
1548 2702 1640 2753 iactam
1656 2702 1774 2756 edilibus
1785 2704 1850 2755 tuin·

1068 2782 1146 2844 mam,
1158 2795 1222 2846 quos
1235 2784 1314 2849 pridie
1325 2784 1407 2838 iussos
1419 2801 1485 2849 uae,
1502 2792 1532 2839 ut
1542 2802 1599 2839 eum
1619 2789 1757 2852 ducerent,
1771 2791 1854 2856 pulsa·

1068 2872 1109 2921 tos
1120 2872 1243 2935 abegisset
1263 2887 1341 2925 :uam
1354 2875 1560 2928 contumeliosam
1582 2877 1651 2930 iilam
1668 2878 1785 2930 iniuriam
1799 2880 1854 2932 suis

1068 2960 1188 3012 ministris
1200 2961 1292 3012 lacum
1301 2962 1327 3013 in
1341 2963 1423 3014 nullos
1434 2964 1511 3025 abus,
1521 2968 1630 3030 quamin
1642 2982 1702 3031 eos,
1716 2970 1761 3033 qui
1771 2971 1853 3023 iusse-

1067 3051 1139 3108 rant,
1151 3047 1271 3100 recidere.
1303 3050 1350 3101 itis
1370 3050 1457 3113 dictis,
1470 3052 1544 3105 iussit
1557 3055 1659 3107 eumad
1682 3056 1853 3109 imminentem

1069 3135 1116 3187 tori
1128 3136 1217 3187 collem
1227 3136 1286 3187 duci
1298 3157 1305 3189 ε
1324 3137 1366 3189 bic
1380 3144 1465 3191 autem
1485 3140 1557 3192 locus
1567 3147 1607 3194 est
1623 3147 1696 3196 vasta
1708 3160 1771 3212 rupe
1788 3147 1850 3197 bor-

1067 3221 1172 3283 rendus,
1188 3222 1254 3273 undo
1267 3223 1347 3289 capite
1360 3225 1491 3278 damnatos
1501 3227 1611 3294 deiicere
1620 3231 1740 3285 solebant.
1777 3233 1852 3285 AEdi-

1065 3306 1102 3358 les
1124 3306 1200 3371 igitur
1221 3313 1518 3373 ceremonensem
1541 3318 1800 3382 comprehenderent:
1823 3326 1852 3373 ai

1066 3395 1163 3458 patricii
1181 3395 1273 3460 ἰοςοιιιί
1286 3397 1394 3451 clamore
1418 3401 1517 3453 sublato
1531 3404 1670 3469 mugiebat
1682 3406 1803 3472 impetum
1824 3408 1853 3460 in

1066 3498 1110 3537 eus
1123 3486 1248 3550 iecernnt;
1271 3491 1299 3539 et
1321 3491 1407 3553 postea
1429 3488 1501 3556 plebs
1519 3492 1547 3542 iu
1566 3494 1691 3558 patricios.
1724 3499 1755 3547 at
1781 3496 1854 3549 nulia

1066 3574 1173 3640 amplius
1186 3576 1307 3628 modestia
1317 3577 1344 3627 iu
1363 3578 1436 3630 iactis
1454 3580 1613 3640 serrabatur,
1631 3588 1659 3634 et
1672 3584 1776 3649 utrique
1789 3599 1852 3637 oon·

1066 3664 1273 3716 tumeliosissimis
1283 3665 1367 3717 verbis
1376 3680 1405 3718 sa
1413 3672 1502 3719 mutuo
1514 3670 1645 3734 petebant,
1656 3686 1734 3738 seque
1744 3674 1850 3726 invicem

1067 3755 1205 3820 pellebant,
1220 3768 1266 3806 nec
1277 3768 1293 3805 a
1305 3756 1421 3807 manibus
1435 3756 1483 3809 sibi
1494 3760 1674 3823 temperabant.
1709 3764 1749 3815 tili
1758 3768 1849 3827 tamen,

1066 3843 1110 3908 qui
1124 3846 1207 3894 motus
1223 3844 1286 3895 istus
1295 3842 1451 3907 exuebant,
1463 3849 1545 3911 empto
1557 3847 1708 3901 destiterunt
1723 3854 1749 3902 ei
1762 3865 1851 3916 sapere

1069 3942 1149 3994 coacti
1165 3944 1254 3994 sunta
1273 3940 1431 4002 consulibus,
1444 3940 1488 4004 qui
1508 3938 1535 3990 iu
1557 3936 1654 3989 medios
1667 3938 1811 4004 irruperunt
1824 3944 1852 3993 et

1066 4032 1195 4085 lictoribus
1210 4033 1377 4097 imperarunt,
1402 4033 1431 4081 ut
1449 4028 1550 4080 turbam
1561 4033 1758 4080 summoverent.
1772 4031 1851 4080 Tanta
1890 4105 1892 4108 Α

1066 4125 1120 4173 erat
1131 4120 1208 4173 buius
1221 4122 1379 4188 magistratus
1393 4118 1460 4184 apud
1482 4117 1549 4168 illins
1561 4116 1644 4168 atatis
1656 4116 1770 4168 bomines
1782 4130 1851 4171 rere

1066 4211 1162 4273 rantis,
1176 4212 1202 4262 et
1220 4214 1319 4262 tantum
1346 4208 1446 4259 nonoris
1471 4206 1548 4269 regia
1580 4204 1711 4269 potestads
1735 4205 1852 4271 dignitati

1065 4299 1230 4352 tribuebatur.
1263 4299 1362 4361 Quibus
1374 4297 1450 4348 rebus
1464 4294 1569 4347 Sicinius
1585 4293 1676 4345 ιιοκὶυε
1685 4299 1711 4346 et
1722 4296 1852 4358 perturba·

1065 4387 1192 4443 tus,cum
1206 4387 1279 4440 vaide
1294 4388 1433 4445 metueret,
1459 4384 1600 4447 necogaret
1621 4380 1776 4432 adromeus
1796 4381 1849 4433 vim

1066 4482 1092 4533 ri
1102 4481 1234 4547 repellere,
1248 4482 1275 4532 et
1289 4479 1377 4544 ooeptis
1388 4476 1464 4528 nollet
1478 4475 1613 4538 desistere,
1633 4473 1694 4539 quia
1707 4472 1783 4524 semel
1793 4485 1850 4524 ιυιιν

1065 4590 1194 4643 aggressus
1205 4576 1271 4638 erat,
1286 4587 1333 4626 nec
1355 4574 1440 4625 tamen
1457 4570 1482 4622 in
1497 4585 1542 4623 sua
1562 4569 1685 4621 senteutia
1703 4578 1851 4632 permanere

1064 4674 1158 4738 posset,
1173 4668 1279 4721 multum
1291 4680 1377 4719 smum
1395 4664 1450 4732 lpse
1470 4664 1612 4731 θῡιὶθθθθῑ,
1626 4663 1688 4728 (illd
1709 4658 1850 4712 fimum

1064 4765 1138 4818 esset.

1094 4855 1203 4905 xxxvi.
1222 4855 1303 4913 ouem
1322 4864 1382 4902 eun
1402 4846 1498 4900 mmm
1514 4845 1612 4911 nepem
1632 4840 1850 4894 ιιιυιθιοιθυνθ

1063 4943 1190 4997 Munius
1204 4945 1313 5002 Brutus,
1326 4937 1453 5005 popularis
1471 4934 1513 4988 illu
1524 4935 1684 4987 condonator
1694 4944 1726 4983 ιιο
1734 4929 1850 4982 tribunus

230 5007 684 5096 &stercoranistarum
704 5021 732 5077 ui
745 5020 906 5099 διαλλαγαί,
924 5019 1007 5089 διινδς
1062 5027 1212 5094 plebis‚qui
1225 5029 1294 5094 pacis
1305 5026 1459 5079 conditiones
1472 5023 1642 5089 excogitarat,
1655 5020 1696 5072 alr
1706 5033 1774 5082 acer,
1790 5029 1849 5069 οιιιο

230 5095 298 5175 ἀνίεθ
311 5098 345 5157 τά
357 5124 387 5161 1⁸
399 5103 470 5166 ἄλλα
483 5103 530 5164 καὶ
543 5105 639 5186 πόρους
653 5109 738 5185 εὑρεῖν
760 5111 787 5167 ἀν
804 5109 926 5188 ἀπόροις,
941 5132 1007 5189 προ·
1061 5117 1117 5169 aliis
1128 5117 1155 5169 in
1168 5118 1252 5179 rebus,
1267 5123 1320 5169 tum
1334 5117 1360 5167 in
1371 5111 1533 5180 eapedlendis
1545 5108 1756 5170 difficultatibus,
1777 5106 1849 5158 sulus

229 5186 355 5267 “filimi
369 5187 447 5263 abac:
460 5189 535 5273 μόνῳ
545 5191 593 5251 καί
612 5193 763 5254 ὑποτίθεται
779 5192 817 5271 μὴ
835 5196 1003 5274 φιλονεικεῖν,
1032 5244 1036 5271 ,
1061 5216 1120 5254 curu
1134 5201 1187 5253 solo
1206 5204 1271 5267 epit,
1285 5202 1430 5266 monuitque
1449 5213 1480 5252 ne
1497 5197 1650 5263 pertinacius
1666 5194 1845 5261 ουοθοοθετοθ,
