4052 5926
265 371 326 433 3¹16

263 502 330 584 ύπέρ
343 515 389 570 τοῦ
403 507 487 586 δήμου
497 505 603 579 διέθετο,
617 506 663 565 καί
676 513 723 568 τοῦ
736 514 889 592 πεμφθῆναι
903 512 951 585 τλν
961 515 1041 573 αὖτο-

189 588 192 595 ’
262 593 380 676 κράτορα
394 593 536 678 πρεσύείαν
548 593 596 667 τὴν
613 595 722 674 γνώμην
730 600 935 680 ἀποφηνάμενος
949 602 1040 663 αίτιώ·

261 703 339 750 τστος
353 676 385 755 ἦν
398 682 580 759 ,διεσήμηνεν
598 682 639 742 ότι
655 683 780 764 βούλεται
791 687 839 746 καί
852 688 931 758 αύτδς
941 692 1037 753 εἰπεῖν.

262 770 324 837 Τοῖς
342 772 369 831 δέ
388 774 449 831 κατ’
471 771 552 851 εύχὴν
566 770 598 831 τδ
619 781 733 852 πρᾶγμα
750 774 847 856 ἐφάνη,
869 778 915 837 καὶ
929 778 989 838 νυνί
1009 788 1040 857 γέ

221 866 241 914 ε’
260 879 302 917 τοι
319 858 404 936 λόγων
419 859 552 919 ύπίλαόον
567 859 724 922 ἀκούσεσθαι
744 863 894 940 συμόάσεις
914 867 1039 941 ἀληθινάς

260 944 306 1003 καλ
321 946 429 1026 γνώμας
444 949 589 1027 σωτηρίους
601 951 700 1033 ἀμφοῖν
712 951 836 1032 ἐχόντων.
879 956 935 1016 Καὶ
948 957 978 1018 τὸ
990 956 1038 1035 μίν

258 1036 362 1112 πρῶτον
378 1036 557 1117 ἐπερρόθησαν
574 1035 689 1107 άπαντες
704 1044 754 1122 βοῇ
776 1044 880 1124 μεγάλη
892 1042 979 1123 λέγειν
992 1070 1037 1106 κε·

258 1121 390 1192 λεύοντες·
403 1124 494 1184 ἔπειτα
507 1126 635 1206 ἐπέσχον,
643 1128 689 1189 καλ
702 1129 764 1210 σιγὴ
776 1130 893 1206 τοσαύτη
905 1134 1037 1194 κατάλαύε

257 1208 306 1282 τὴν
333 1214 492 1286 ἐκκλησίαν,
508 1213 579 1274 ὥστε
599 1216 684 1295 μηδίν
712 1217 851 1287 διαλλάξαι
879 1220 924 1280 τὸν
956 1223 1036 1284 τόπον

206 1326 232 1365 10
258 1298 378 1378 ἐρημίας.
421 1301 456 1363 Ὁ
480 1300 557 1361 δθτά
573 1324 601 1362 τε
619 1304 702 1378 ἄλλα,
723 1308 759 1373 ὡς
787 1296 1036 1385 οίόντ’ών,πιθα-

257 1386 381 1456 νωτάτσις
399 1389 469 1458 ἔδοξε
483 1389 636 1470 χρήσασθαι
654 1391 742 1470 λόγοις
760 1393 805 1452 καί
826 1399 872 1452 τοῦ
894 1396 1035 1476 βουλήμα-

256 1496 299 1542 τος
314 1481 366 1537 τῶν
386 1477 533 1539 ἀκουόντων
557 1480 775 1560 ἐστοχασμένοις·
791 1483 922 1544 τελευτῶν
940 1486 968 1545 δέ
988 1492 1035 1560 τῆς

255 1563 417 1646 δημηγορίας
430 1565 536 1648 λέγεται
550 1566 631 1644 μῦθόν
645 1592 706 1629 τινα
724 1571 807 1630 είπεῑν
829 1575 866 1640 είς
885 1573 929 1633 τδν
945 1576 1034 1637 Αέσώ·

255 1675 327 1713 πειον
342 1655 448 1735 τρόπον,
463 1655 625 1733 συμπλάσας
638 1658 739 1731 πολλὴν
763 1660 907 1736 ὁμοιότητα
923 1662 987 1744 πρδς
1000 1662 1034 1724 τά

203 1770 228 1810 ις
254 1741 401 1820 πράγματα
423 1741 535 1823 έχοντα,
551 1744 596 1802 καλ
616 1745 701 1828 τούτῳ
717 1747 823 1826 μάλιστ’
840 1749 934 1818 αὐτοὺς
952 1754 1034 1810 ἐλεῖν·

255 1826 312 1887 tter
334 1831 379 1888 καί
398 1830 508 1908 μνήμης
528 1831 640 1903 ἠξίωται
665 1839 680 1894 θ
701 1836 789 1913 λόγος,
815 1839 860 1898 καῖ
875 1840 981 1918 φέρεται
1007 1842 1033 1900 ἐν

236 1915 371 1983 »άπάσαις
390 1926 448 1986 ταῖς
468 1922 592 2000 άρχαίαις
610 1923 748 2003 ἱστορίαις.
793 1915 847 1986 Ἦν
871 1927 900 1985 δέ
913 1928 947 1986 τά
969 1931 1032 2009 λεχ-

254 2000 331 2063 θέντα
345 2007 390 2063 ὑπ’
403 2007 482 2066 αύτοῦ
497 2008 596 2070 τοιάδε.
642 2033 658 2065 α
671 2009 767 2087 Ἡμεῖς
779 2014 969 2093 ἀπεστάλημεν
979 2016 1031 2075 tol

254 2118 266 2143 ι
281 2096 328 2165 τῆς
343 2095 451 2173 βουλῆς,
466 2083 489 2154 ώ
504 2097 633 2176 δημόται,
649 2099 714 2178 πρὸς
727 2103 796 2175 ύμῖίς
816 2100 878 2161 ούτε
899 2105 1034 2183 ἀπολογη-

199 2201 227 2242 οο
253 2205 266 2230 ι
281 2178 387 2258 σόμενοι
404 2180 468 2261 ὑπὲρ
489 2185 591 2255 ἐκείνης
606 2184 666 2244 ούτε
690 2190 764 2265 ὑμῶν
792 2189 1032 2269 κατηγορήσοντες·

253 2292 266 2322 ι
283 2272 312 2328 οῦ
324 2269 375 2348 γθρ
390 2270 475 2331 ἐδόκει
496 2279 581 2332 ταῦτα
603 2274 694 2355 καιρὸν
714 2274 800 2358 ἔχειν,
815 2280 872 2337 οὐδ’
890 2270 1033 2348 εἶναιτοῖς

253 2358 451 2437 «κατεχούσαις
461 2358 492 2418 τὸ
505 2361 590 2420 κοινὸν
606 2362 699 2444 τύχαις
716 2364 869 2447 πρόσφορα·
886 2369 955 2428 attat
970 2370 1033 2429 δια-

252 2444 398 2515 ιιλύσοντες
412 2447 504 2526 ἁπάσῃ
518 2451 654 2531 προθυμία
671 2451 717 2512 καί
733 2459 842 2535 μηχανῇ
857 2454 905 2530 τὴν
920 2457 1031 2532 στάσιν,

251 2535 324 2596 ικαὶ
346 2538 558 2610 καταστήσοντες
581 2543 616 2608 είς
638 2542 683 2604 τδν
706 2542 733 2613 ἐξ
754 2547 839 2625 ἀρχῆς
866 2546 965 2624 κόσμον
983 2548 1032 2622 τλν

198 2654 225 2693 25
251 2652 264 2677 ι
277 2627 428 2701 πολιτείαν,
442 2628 544 2708 ἔχοντες
556 2630 584 2689 δὲ
598 2630 690 2691 τούτου
705 2633 754 2706 τὴν
769 2633 889 2703 ἐξουσίαν
900 2638 1032 2717 αὐτοκρά-

250 2740 263 2766 ι
277 2737 351 2795 τερα.
367 2715 456 2776 Ὥστε
470 2721 531 2797 περὶ
545 2719 592 2802 μέν
605 2723 657 2780 τῶν
670 2722 778 2782 δικαίων
792 2724 865 2783 οὐδὲν
879 2722 911 2783 δν
924 2726 1031 2803 οίόμεθα

250 2828 262 2853 ιι
278 2802 330 2859 δεῖν
352 2801 449 2881 λέγειν,
463 2802 527 2886 άπερ
545 2805 652 2876 Ἰούνιος
664 2810 788 2884 ἐποίησεν
803 2812 903 2888 cirrosi,
918 2816 954 2880 είς
971 2838 1031 2891 μει-

249 2914 262 2938 «
276 2890 338 2968 κρὸν
364 2891 519 2967 ἐκμηκύνων
545 2893 653 2974 χρόνον·
679 2896 720 2978 ἐφ’
733 2889 771 2965 οἷς
785 2898 813 2957 δὲ
836 2900 1031 2981 φιλανθρώποις

250 2976 452 3052 «traieceris
467 2978 581 3056 στάσιν,
598 2982 706 3058 οἰόμεθα
728 2984 798 3057 δεῖν,
817 2987 864 3045 καὶ
885 2987 924 3057 τίς
944 2994 960 3062 ἡ
983 2995 1030 3072 βε·

195 3093 223 3134 ιο
248 3092 261 3120 α
278 3065 430 3127 όαιώσουσα
452 3068 499 3136 τθς
514 3070 653 3149 θμολογίας
666 3075 742 3147 ἡμῶν
759 3073 835 3133 ἔσται
851 3077 955 3150 πίστις,
969 3081 1029 3161 περὶ

248 3181 260 3209 ι
275 3154 373 3215 τούτων
388 3156 406 3214 θ
429 3158 608 3235 διεγνώκαμεν
620 3163 730 3239 ἐροῦμεν
742 3163 807 3243 πρὸς
823 3168 902 3242 ὑμᾶς.
946 3167 1030 3245 Ἡμῖν

247 3244 474 3321 «ἐνθυμουμένοις
489 3244 529 3304 ότι
542 3254 618 3307 πᾶσα
630 3248 803 3327 θεραπεύεται
811 3258 902 3322 στάσις
916 3253 942 3322 ἐξ
957 3256 1029 3317 θιπά-
1067 3306 1070 3312 .
1085 3277 1097 3301 “

246 3357 259 3383 ι
274 3354 323 3402 σης
344 3332 465 3405 πόλεως,
495 3332 558 3393 όταν
582 3335 751 3418 ἐξαιρεθῶσιν
779 3343 807 3399 oi
839 3348 1028 3424 παρασχοῦσαι

246 3444 259 3471 ιι
274 3415 323 3489 τὴν
345 3420 471 3503 διαφορδιν
489 3423 595 3497 αίτίαι,
617 3427 760 3504 ἀναγκαῖον
783 3428 868 3498 ἔδοξεν
893 3423 962 3492 εἶναι
982 3434 1028 3500 τὰς

193 3530 220 3571 ες
247 3532 260 3558 ι
274 3506 407 3586 ἀρχηγοὺς
421 3514 468 3581 τῆς
486 3511 656 3590 διχοστασίας
669 3516 811 3596 προφάσεις
825 3518 926 3598 γνῶναί
936 3543 966 3579 τε
982 3523 1028 3581 καὶ

246 3601 384 3657 «παῦσαι.
429 3598 558 3676 Εύρόντες
575 3599 604 3659 δέ
623 3601 670 3671 τὰς
682 3605 832 3681 ἀποτόμους
847 3609 899 3666 τῶν
918 3606 1025 3668 δανείων

245 3711 258 3735 ι
276 3684 432 3766 ἀναπράξεις
444 3692 496 3749 τῶν
514 3688 651 3769 παρόντων
666 3696 756 3752 κακῶν
771 3694 858 3763 αἰτίας
871 3698 1023 3775 γεγονυίας,

243 3799 257 3824 α
273 3772 356 3841 οὕτως
368 3774 448 3841 αύτδις
463 3775 651 3855 διορθούμεθα·
663 3784 722 3848 τοὺς
733 3781 884 3857 ὀφείλοντας
898 3786 965 3865 χρέα
979 3785 1025 3844 καί

244 3862 309 3939 «μὴ
336 3863 494 3943 δυναμένους
520 3863 694 3925 διαλύσασθαι
709 3867 809 3932 πάντας
836 3870 957 3948 ἀφεῖσθαι
971 3873 1024 3930 τῶν

189 3982 217 4022 40
244 3977 256 4003 ι
270 3952 430 4034 ὀφλημάτων
443 3954 605 4031 δικαιοῦμεν,
618 3953 662 4029 καί
673 3952 699 4013 εί
706 3978 783 4014 τινων
796 3954 848 4027 ἤδη
860 3955 894 4015 τθ
909 3958 1023 4035 σόιματα
1089 3997 1092 4001 ›

244 4061 255 4087 ι
270 4040 443 4118 ὑπερημέρων
455 4039 536 4101 όντων
548 4042 604 4107 ταῖς
621 4041 740 4118 νομίμοις
759 4040 931 4120 προθεσμίαις
946 4046 1025 4105 κατί-

242 4151 254 4174 ι
268 4145 359 4202 χεται,
371 4129 416 4185 καὶ
433 4134 517 4188 ταῦτα
534 4130 657 4210 ἐλεύθερα
673 4119 739 4188 εἶναι
753 4130 890 4210 κρίνομεν·
914 4129 971 4215 όσοι
993 4159 1022 4194 τε

241 4238 251 4264 ι
272 4214 342 4279 δίκας
357 4213 462 4282 ἁλόντες
486 4218 552 4284 ίδίας
568 4218 749 4297 παρεδόθησαν
764 4225 818 4285 τοῖς
842 4221 1022 4283 καταδικασα-

241 4331 253 4355 ιι
271 4298 367 4379 μένοις,
383 4304 430 4363 καί
454 4304 560 4375 τούτους
588 4307 736 4386 ἐλευθέρους
761 4296 828 4368 εἶναι
855 4310 1020 4389 βουλόμεθα,

186 4430 213 4469 45
241 4418 253 4445 ι
268 4391 314 4452 καῖ
327 4392 375 4459 τθις
389 4392 566 4472 καταγνώσεις
576 4397 661 4453 αὐτῶν
678 4397 787 4475 ἀκύρους
802 4402 936 4475 ποιοῦμεν.
951 4404 1020 4482 Περί

240 4509 251 4535 ι
268 4480 316 4558 μὲν
333 4480 365 4556 δὴ
380 4484 431 4541 τῶν
446 4484 477 4542 ἐκ
491 4481 537 4542 iou
560 4486 773 4563 παρεληλυθότος
796 4488 890 4567 χρόνου
916 4489 1019 4568 συμῦο-

239 4597 251 4623 ι
265 4570 359 4650 λαίων,
373 4570 448 4646 drale
461 4571 606 4634 ἀπόστασιν
619 4574 704 4643 ἔδοξεν
713 4580 777 4652 ἡμῖν
790 4581 913 4649 ποιῆσαι,
928 4585 1019 4639 τοῦτον

238 4686 251 4713 ι
265 4662 478 4744 ἐπανορθούμεθα
502 4662 547 4723 τὸν
561 4665 667 4744 τρόπον.
718 4667 786 4746 Περί
801 4665 829 4725 δέ
843 4670 895 4727 τῶν
909 4665 1015 4751 ὕστερον

238 4748 417 4828 «ἐσομένων,
432 4755 468 4821 ὡς
493 4751 525 4814 ἂν
552 4757 613 4831 ύμῖν
640 4778 683 4829 τε,
712 4760 750 4838 τῷ
782 4754 868 4837 δήμῳ,
890 4755 935 4813 καὶ
962 4762 1017 4828 τοῖς

185 4866 213 4905 ω
239 4862 252 4885 ι
265 4837 295 4896 ἐκ
316 4843 362 4897 τοῦ
390 4842 526 4923 συνεδρίου
552 4849 627 4923 κοινῇ
649 4846 871 4925 βουλευσαμένοις
885 4848 955 4925 φανῇ
972 4848 1016 4909 νό-

239 4947 251 4970 ·
265 4944 315 4996 μου
336 4929 503 5006 κυρωθέντος,
518 4930 600 5002 ούτως
622 4934 715 5013 ἐχέτω.
757 4932 829 5013 Οὐχί
842 4939 924 4994 ταῦτα
948 4936 1016 5015 μέν·

238 5031 250 5053 ι
266 5028 306 5064 τοι
329 5012 363 5071 τδι
388 5016 569 5088 διαστήσαντα
595 5027 663 5096 ὑμᾶς
690 5014 723 5093 ἤν
750 5021 804 5082 ἀπὸ
831 5024 883 5079 τῶν
915 5045 1015 5105 πατριη

239 5092 343 5167 ίῦίωίι
364 5093 387 5157 ὦ
407 5104 530 5179 δημόται·
554 5108 600 5167 καί
626 5109 725 5167 τούτων
748 5113 772 5168 εί
794 5109 923 5190 τύχοιτε,
946 5116 1015 5173 ἀπο·

239 5183 332 5260 ιχρῆν
359 5184 540 5267 ieiunitate,
561 5192 608 5249 καὶ
630 5196 732 5262 οὐδενος
759 5197 841 5258 άλλου
866 5197 1011 5278 ὠρέγεσθε,

788 377 956 441 DlONYSll
978 383 1361 450 Halicauuassultsls

1098 539 1157 576 cum
1172 526 1249 577 libera
1260 532 1384 592 potestate
1397 530 1537 585 mitteretur
1546 549 1592 587 sua
1602 539 1724 592 sententia
1733 543 1875 612 praecipuus

1097 620 1185 670 auctor
1203 620 1297 683 tuerat,
1312 621 1469 687 stgntuoarit,
1485 641 1512 678 se
1526 643 1626 697 quoquc
1642 633 1708 684 velle
1728 635 1822 701 aliquid
1835 639 1874 691 di·

1095 723 1161 762 cero.
1211 712 1264 765 lllis
1279 726 1338 765 vero
1350 714 1377 765 id
1389 721 1533 781 pergratum
1543 724 1570 773 et
1583 726 1696 789 optatum
1719 727 1800 782 risum
1821 737 1876 791 est,

1094 809 1154 859 tuuc
1171 808 1272 860 demum
1288 815 1420 876 sperarunt
1445 828 1472 864 sc
1486 815 1618 868 audituros
1642 821 1793 885 orationem,
1815 840 1877 890 quas

1093 914 1166 952 verns
1175 903 1367 968 compositiones
1377 909 1403 958 et
1412 909 1548 961 sententias
1562 912 1664 977 utrique
1673 916 1739 979 paru
1754 918 1876 972 sonores

1093 1000 1231 1053 contineret
1243 1022 1250 1053 ι
1262 1015 1293 1053 ac
1305 1002 1413 1067 primum
1431 1005 1534 1071 quidem
1553 1022 1640 1060 omnes
1655 1011 1747 1075 ingenti
1758 1028 1819 1067 roca
1836 1028 1877 1067 ac

1092 1095 1239 1160 clamamnt,
1254 1097 1369 1151 iubentes
1382 1113 1440 1151 eum
1451 1103 1527 1154 rerba
1544 1104 1642 1169 lacere,
1660 1107 1751 1160 deiude
1766 1124 1829 1163 nero
1842 1113 1878 1164 ita

1092 1189 1261 1255 quieverunt,
1279 1194 1304 1243 et
1315 1196 1413 1245 tontum
1430 1194 1556 1249 silentium
1578 1200 1630 1249 tota
1646 1201 1764 1252 cendone
1782 1203 1877 1255 lactum

1091 1284 1147 1345 est,
1160 1288 1190 1334 ut
1209 1284 1279 1335 locus
1292 1286 1333 1338 illa
1351 1301 1367 1337 a
1387 1287 1519 1341 solitudine
1540 1289 1602 1342 nihil
1623 1291 1725 1344 ditimra
1738 1294 1877 1349 viduetur.

1092 1375 1136 1426 llle
1143 1389 1202 1426 cum
1210 1377 1300 1428 ceteris
1307 1377 1420 1441 inrebus,
1429 1383 1638 1447 quantompotuit
1645 1384 1878 1453 orationequuad

1090 1469 1288 1533 persuadendum
1301 1473 1435 1523 maalmam
1451 1475 1502 1526 rim
1516 1476 1626 1529 habebat
1639 1480 1709 1532 etad
1722 1480 1878 1535 voluntatem

1090 1580 1176 1618 eorum
1183 1569 1228 1633 qui
1236 1568 1369 1622 audiebant
1376 1571 1485 1622 manime
1492 1576 1750 1639 accommodatacrat,
1757 1579 1827 1630 visus
1838 1586 1878 1634 est

1089 1660 1143 1723 uti;
1156 1662 1211 1711 tum
1226 1660 1309 1713 iuliae
1324 1676 1377 1713 suas
1388 1665 1521 1726 concionis,
1538 1665 1617 1717 tertur
1627 1666 1738 1720 tabulam
1748 1672 1878 1734 quandam

1089 1753 1122 1804 ad
1137 1759 1305 1819 Aesopearum
1328 1755 1433 1807 termam
1449 1758 1580 1809 multatam
1599 1760 1707 1823 dixisse,
1720 1763 1758 1814 rei
1774 1765 1877 1829 quidem

1088 1848 1204 1912 praesenti
1225 1848 1397 1914 aptissimam,
1424 1853 1499 1917 atque
1518 1853 1560 1905 illa
1579 1855 1737 1918 potissimum
1759 1872 1803 1910 eos
1824 1863 1878 1913 tle-

1088 1941 1155 1992 1isse
1172 1945 1341 2006 aqrrapropter
1365 1943 1440 1994 etiam
1459 1945 1532 2010 digua
1547 1946 1657 1999 iudicata
1677 1953 1726 2012 ast,
1742 1965 1800 2016 ηοω
1816 1967 1875 2005 mc·

1088 2036 1173 2087 morior
1186 2036 1343 2100 proderetur,
1360 2042 1386 2089 et
1403 2037 1429 2087 in
1444 2039 1559 2091 omuibus
1572 2042 1662 2106 priscis
1678 2044 1789 2096 historiis
1807 2049 1877 2098 cete·

1087 2127 1182 2180 uratur.
1215 2132 1324 2181 Locutus
1336 2134 1375 2180 est
1388 2134 1473 2183 autem
1491 2133 1620 2197 legationis
1642 2139 1754 2203 princeps
1767 2140 1792 2188 in
1806 2140 1876 2190 hanc

1087 2222 1231 2272 mutantium
1246 2240 1253 2270 :
1270 2242 1282 2267 ι
1300 2225 1350 2273 llos
1362 2237 1377 2273 a
1389 2229 1477 2276 senatu
1497 2227 1566 2278 missi
1587 2243 1674 2281 sumus
1686 2230 1717 2281 ad
1737 2245 1790 2291 ros,
1806 2233 1871 2290 Qui·

1088 2333 1100 2357 ι
1115 2315 1191 2373 rites,
1205 2327 1285 2378 nequa
1303 2315 1371 2366 illum
1394 2319 1539 2383 purgaturi,
1562 2334 1642 2385 neque
1658 2336 1701 2372 ros
1724 2327 1871 2375 accusaturi

1088 2430 1100 2455 ι
1117 2413 1211 2476 (neque
1223 2411 1290 2462 euim
1302 2411 1357 2462 hacc
1368 2416 1507 2478 opportuna
1519 2428 1584 2477 esse,
1595 2410 1671 2481 neque
1689 2420 1765 2471 etiam
1776 2420 1872 2472 misero

1088 2527 1100 2551 ι
1115 2507 1201 2569 statui,
1220 2508 1303 2570 inquo
1314 2497 1452 2573 respublica
1463 2514 1588 2572 versatur,
1604 2512 1740 2565 conducere
1749 2514 1869 2567 rideban-

1088 2625 1100 2649 ι
1112 2606 1179 2668 tur),
1201 2603 1245 2654 sed
1269 2604 1416 2659 seditionem
1434 2608 1500 2658 omui
1515 2609 1599 2661 studio
1624 2614 1649 2663 ct
1664 2613 1755 2678 quavis
1773 2614 1870 2666 ratione

1087 2717 1100 2741 ιι
1114 2695 1225 2747 sedaturi
1244 2697 1270 2745 el
1294 2697 1472 2761 rempublicam
1488 2700 1514 2750 in
1534 2703 1668 2765 pristinum
1686 2708 1779 2758 statum
1795 2710 1872 2760 resti·

1087 2792 1192 2843 ututuri
1210 2792 1302 2843 :cuius
1323 2790 1413 2856 negotii
1434 2793 1532 2857 plenum
1557 2799 1705 2860 potestatem
1718 2802 1869 2867 accepiruus.

1086 2904 1098 2928 ιι
1114 2886 1202 2947 ltaque
1213 2882 1273 2934 nihil
1292 2896 1359 2933 nunc
1380 2882 1413 2934 de
1429 2883 1486 2934 iure
1497 2885 1569 2936 nobis
1587 2886 1723 2941 dicendum
1742 2892 1870 2943 existima·

1086 2993 1099 3025 ε
1116 2989 1179 3036 mus,
1189 2975 1257 3040 quod
1267 2976 1352 3025 lunius
1363 2974 1405 3025 hic
1415 2975 1511 3040 prolixa
1522 2979 1633 3031 oratioue
1643 2982 1709 3044 tecit,
1723 2983 1767 3035 sed
1778 2984 1873 3049 quibus

1085 3092 1098 3117 ιι
1111 3069 1293 3121 conditionibus
1308 3070 1423 3121 lrumanis
1446 3072 1596 3126 arbitremur
1610 3077 1758 3150 seditionem
1778 3081 1872 3132 sedam

1085 3186 1098 3211 ιι
1115 3163 1185 3222 darn,
1204 3168 1229 3213 et
1255 3176 1312 3226 quoa
1329 3164 1391 3214 tides
1410 3168 1586 3219 conventiones
1606 3174 1705 3222 nostras
1727 3174 1761 3224 sit
1777 3175 1871 3225 contir-

1113 3258 1225 3312 matura‚
1240 3255 1272 3306 de
1284 3255 1324 3304 lais
1339 3269 1369 3306 ea
1387 3271 1444 3320 σου
1463 3261 1582 3313 scutimus
1594 3277 1624 3313 ac
1636 3266 1783 3327 statuimus,
1794 3269 1872 3320 robis

1084 3373 1096 3397 ιι
1111 3351 1230 3402 dicemus.
1243 3351 1412 3413 cogitantibus
1419 3354 1498 3417 nobis,
1513 3371 1608 3408 omnem
1618 3359 1870 3426 seditioneminqua-

1084 3465 1096 3490 ιι
1112 3444 1150 3495 vis
1171 3442 1271 3494 civitate
1288 3443 1371 3494 curari
1385 3459 1467 3511 posse,
1490 3449 1615 3501 sidissidii
1628 3463 1722 3504 caussa
1734 3453 1870 3523 tollantur,

1083 3557 1096 3582 ι
1111 3536 1279 3588 necessarium
1300 3549 1355 3587 esse
1377 3537 1493 3591 duximus
1517 3542 1591 3593 huius
1612 3543 1741 3596 discordia
1761 3560 1873 3601 caussas

1083 3645 1264 3697 «cognoscere,
1275 3644 1366 3695 εεοηεο
1379 3633 1473 3686 tollere.
1494 3637 1561 3687 cum
1576 3642 1659 3692 autem
1674 3642 1869 3706 comperiamus,

1082 3749 1095 3773 ι
1120 3741 1220 3793 asperas
1232 3726 1296 3777 aeris
1314 3727 1387 3778 alieni
1406 3732 1548 3784 exactiones
1569 3738 1730 3800 praesentium
1741 3739 1870 3794 malorum

1081 3833 1212 3870 «causam
1226 3832 1290 3881 esse,
1308 3819 1344 3869 sic
1362 3833 1404 3870 eas
1424 3824 1595 3889 corrigimus:
1626 3827 1674 3879 illis
1689 3831 1805 3883 omnibus
1820 3834 1868 3896 qui

1080 3928 1094 3954 ιι
1109 3923 1144 3960 ωε
1165 3909 1271 3959 εθειευιει
1295 3913 1477 3975 contraxerunt,
1501 3929 1546 3967 uec
1561 3923 1620 3969 suot
1642 3921 1772 3983 solvendo,
1789 3927 1816 3973 ut
1837 3925 1866 3974 id

1081 4022 1093 4045 ι
1110 4001 1252 4052 remittatur
1267 4015 1366 4065 equum
1387 4017 1443 4056 esse
1455 4019 1603 4074 censemus,
1616 4013 1677 4063 etsi
1691 4028 1797 4077 quonam
1810 4028 1867 4065 cor·

1079 4125 1092 4148 ιι
1109 4114 1169 4166 pora
1180 4100 1264 4165 elapso
1282 4101 1332 4150 iam
1347 4100 1455 4166 legitimo
1470 4119 1500 4155 ac
1521 4109 1661 4172 praestituto
1680 4114 1790 4176 pecunie
1806 4128 1865 4178 per·

1080 4222 1092 4245 ιι
1107 4197 1229 4250 solvendas
1239 4201 1375 4261 temporeo
1389 4199 1553 4253 creditoribus
1573 4206 1724 4267 detinentur,
1735 4209 1792 4259 lraec
1801 4224 1864 4273 συο-

1078 4324 1091 4348 ιι
1104 4315 1154 4366 que
1165 4302 1240 4353 libera
1251 4314 1305 4352 esse
1314 4302 1396 4365 placet
1410 4317 1416 4345 ι
1433 4307 1460 4356 et
1471 4310 1593 4372 quotquot
1601 4307 1628 4358 in
1647 4308 1748 4359 iudiciis
1759 4310 1864 4374 puratis

1077 4423 1090 4453 ιι
1105 4402 1213 4454 damnati
1222 4402 1385 4453 creditoribus
1399 4403 1491 4456 addicti
1512 4413 1578 4470 sunl,
1594 4412 1638 4473 qui
1651 4424 1695 4461 eos
1707 4410 1860 4464 damnamus

1076 4530 1089 4554 ι
1103 4514 1229 4570 curarunt,
1244 4510 1291 4563 hos
1303 4526 1403 4576 quoque
1415 4511 1507 4563 liberos
1522 4524 1577 4563 esse
1589 4511 1715 4577 volumus,
1734 4517 1758 4563 et
1769 4525 1859 4564 corum

1075 4607 1272 4661 «damnationes
1291 4610 1372 4659 irritas
1399 4610 1512 4660 iacimus.
1547 4608 1580 4657 at
1601 4607 1739 4671 prseteritos
1754 4605 1860 4672 quidem

1075 4714 1253 4771 «contractus,
1276 4715 1377 4778 propter
1399 4726 1462 4776 quos
1487 4710 1541 4761 trec
1564 4709 1671 4760 secessio
1700 4710 1770 4760 uobis
1791 4709 1860 4762 lauta

1073 4830 1087 4861 ιι
1104 4813 1216 4875 ridetur,
1228 4813 1263 4864 ita
1285 4813 1437 4879 corrigimus.
1471 4816 1509 4865 De
1524 4813 1615 4864 tuturis
1633 4825 1694 4864 rero
1708 4811 1859 4876 quicquida

1074 4941 1086 4966 ι
1101 4922 1183 4983 robis,
1204 4923 1304 4988 populo,
1316 4926 1343 4973 ct
1354 4927 1442 4974 senatu
1452 4921 1483 4974 de
1493 4920 1618 4974 communi
1631 4921 1754 4972 sentrude
1772 4921 1857 4970 statu·

1071 5032 1084 5063 o
1099 5017 1154 5066 tum
1164 5016 1247 5076 luerit,
1261 5013 1286 5065 id
1297 5014 1350 5079 lege
1359 5015 1455 5066 sancita
1468 5018 1550 5065 ratum
1568 5014 1609 5065 sit.
1619 5017 1706 5064 Nonne
1715 5014 1771 5063 Ιιειε
1785 5015 1854 5073 suut,

1071 5132 1083 5157 ι
1101 5113 1218 5175 Quirites,
1233 5126 1290 5176 quaa
1309 5127 1381 5166 rosa
1402 5112 1512 5178 patriciis
1529 5112 1689 5165 alienarunt:
1706 5115 1732 5163 et
1744 5112 1783 5162 tais
1804 5110 1854 5161 lru·

1072 5206 1206 5270 opelratis
1223 5208 1352 5258 contentos
1371 5219 1417 5258 ros
1437 5206 1489 5257 lore
1513 5207 1621 5271 putatis,
1645 5217 1692 5256 nec
1714 5204 1857 5269 quidquam
