<?xml version="1.0" encoding="UTF-8"?>
<!DOCTYPE html PUBLIC "-//W3C//DTD XHTML 1.0 Transitional//EN"
    "http://www.w3.org/TR/xhtml1/DTD/xhtml1-transitional.dtd">
<html xmlns="http://www.w3.org/1999/xhtml" xml:lang="en" lang="en">
 <head>
  <title>
</title>
<meta http-equiv="Content-Type" content="text/html;charset=utf-8" />
  <meta name='ocr-system' content='tesseract 3.04.00' />
  <meta name='ocr-capabilities' content='ocr_page ocr_carea ocr_par ocr_line ocrx_word'/>
</head>
<body>
  <div class='ocr_page' id='page_1' title='image "./dionysiihalicar01prougoog_0766.png"; bbox 0 0 3986 5938; ppageno 0'>
   <div class='ocr_carea' id='block_1_1' title="bbox 683 444 1157 509">
    <p class='ocr_par' dir='ltr' id='par_1_1' title="bbox 683 444 1157 509">
     <span class='ocr_line' id='line_1_1' title="bbox 683 444 1157 509; baseline 0.002 -2"><span class='ocrx_word' id='word_1_1' title='bbox 683 444 887 509; x_wconf 76' lang='lat' dir='ltr'><strong>EXCERPTA</strong></span> <span class='ocrx_word' id='word_1_2' title='bbox 909 449 961 508; x_wconf 86' lang='lat' dir='ltr'>EX</span> <span class='ocrx_word' id='word_1_3' title='bbox 983 448 1057 509; x_wconf 77' lang='lat' dir='ltr'><strong>utu.</strong></span> <span class='ocrx_word' id='word_1_4' title='bbox 1080 448 1157 509; x_wconf 73' lang='lat' dir='ltr'>XX,</span> 
     </span>
    </p>
   </div>
   <div class='ocr_carea' id='block_1_2' title="bbox 663 704 1167 767">
    <p class='ocr_par' dir='ltr' id='par_1_2' title="bbox 663 704 1167 767">
     <span class='ocr_line' id='line_1_2' title="bbox 663 704 1167 767; baseline 0.006 -3"><span class='ocrx_word' id='word_1_5' title='bbox 663 704 870 766; x_wconf 72' lang='lat' dir='ltr'><strong>Excutiam</strong></span> <span class='ocrx_word' id='word_1_6' title='bbox 890 707 944 767; x_wconf 87' lang='lat' dir='ltr'>EX</span> <span class='ocrx_word' id='word_1_7' title='bbox 964 704 1080 767; x_wconf 86' lang='lat' dir='ltr'>LIBRO</span> <span class='ocrx_word' id='word_1_8' title='bbox 1101 706 1167 767; x_wconf 86' lang='lat' dir='ltr'>XX.</span> 
     </span>
    </p>
   </div>
   <div class='ocr_carea' id='block_1_3' title="bbox 8 923 890 1185">
    <p class='ocr_par' dir='ltr' id='par_1_3' title="bbox 8 923 890 1185">
     <span class='ocr_line' id='line_1_3' title="bbox 151 923 890 1006; baseline -0.001 -20"><span class='ocrx_word' id='word_1_9' title='bbox 151 926 175 986; x_wconf 88' lang='lat' dir='ltr'>l.</span> <span class='ocrx_word' id='word_1_10' title='bbox 201 923 327 1005; x_wconf 84' lang='grc' dir='ltr'>[Πύρρου</span> <span class='ocrx_word' id='word_1_11' title='bbox 350 926 395 987; x_wconf 84' lang='grc' dir='ltr'>καί</span> <span class='ocrx_word' id='word_1_12' title='bbox 412 927 555 1006; x_wconf 87' lang='grc' dir='ltr'>Ῥωμαίων</span> <span class='ocrx_word' id='word_1_13' title='bbox 571 925 681 986; x_wconf 78' lang='grc' dir='ltr'>ὑπάτων</span> <span class='ocrx_word' id='word_1_14' title='bbox 704 926 826 987; x_wconf 77' lang='grc' dir='ltr'>Ποπλίου</span> <span class='ocrx_word' id='word_1_15' title='bbox 841 933 890 988; x_wconf 85' lang='grc' dir='ltr'>Δε·</span> 
     </span>
     <span class='ocr_line' id='line_1_4' title="bbox 8 1012 581 1096; baseline 0.017 -29"><span class='ocrx_word' id='word_1_16' title='bbox 8 1058 11 1067; x_wconf 95' lang='grc'>.</span> <span class='ocrx_word' id='word_1_17' title='bbox 113 1012 170 1072; x_wconf 88' lang='grc' dir='ltr'>κίου</span> <span class='ocrx_word' id='word_1_18' title='bbox 187 1012 233 1073; x_wconf 84' lang='grc' dir='ltr'>καί</span> <span class='ocrx_word' id='word_1_19' title='bbox 250 1014 370 1075; x_wconf 79' lang='grc' dir='ltr'>Ποπλίου</span> <span class='ocrx_word' id='word_1_20' title='bbox 387 1016 581 1096; x_wconf 65' lang='grc' dir='ltr'>Σουλπικίου]</span> 
     </span>
     <span class='ocr_line' id='line_1_5' title="bbox 152 1093 890 1185; baseline -0.001 -23"><span class='ocrx_word' id='word_1_21' title='bbox 152 1103 310 1179; x_wconf 84' lang='grc' dir='ltr'>Συνθέμενοι</span> <span class='ocrx_word' id='word_1_22' title='bbox 325 1102 352 1162; x_wconf 87' lang='grc' dir='ltr'>δί</span> <span class='ocrx_word' id='word_1_23' title='bbox 376 1104 421 1164; x_wconf 82' lang='grc' dir='ltr'>δεδι</span> <span class='ocrx_word' id='word_1_24' title='bbox 440 1105 563 1184; x_wconf 79' lang='grc' dir='ltr'>κηρύκων</span> <span class='ocrx_word' id='word_1_25' title='bbox 577 1103 622 1163; x_wconf 82' lang='grc' dir='ltr'>τόν</span> <span class='ocrx_word' id='word_1_26' title='bbox 638 1103 732 1184; x_wconf 88' lang='grc' dir='ltr'>χρόνον</span> <span class='ocrx_word' id='word_1_27' title='bbox 752 1104 779 1164; x_wconf 74' lang='grc' dir='ltr'>ἐν</span> <span class='ocrx_word' id='word_1_28' title='bbox 794 1093 817 1185; x_wconf 77' lang='grc' dir='ltr'><em>ᾧ</em></span> <span class='ocrx_word' id='word_1_29' title='bbox 833 1104 890 1162; x_wconf 83' lang='grc' dir='ltr'>δια-</span> 
     </span>
    </p>
   </div>
   <div class='ocr_carea' id='block_1_4' title="bbox 1 1191 892 1273">
    <p class='ocr_par' dir='ltr' id='par_1_4' title="bbox 1 1191 892 1273">
     <span class='ocr_line' id='line_1_6' title="bbox 1 1191 892 1273; baseline 0.001 -25"><span class='ocrx_word' id='word_1_30' title='bbox 1 1251 4 1256; x_wconf 73' lang='grc'>,</span> <span class='ocrx_word' id='word_1_31' title='bbox 112 1195 277 1266; x_wconf 83' lang='grc' dir='ltr'>γοινιοῦνται,</span> <span class='ocrx_word' id='word_1_32' title='bbox 291 1191 447 1253; x_wconf 79' lang='grc' dir='ltr'>κατέὸαινον</span> <span class='ocrx_word' id='word_1_33' title='bbox 466 1195 497 1253; x_wconf 84' lang='grc' dir='ltr'>έκ</span> <span class='ocrx_word' id='word_1_34' title='bbox 517 1197 570 1253; x_wconf 81' lang='grc' dir='ltr'>τῶν</span> <span class='ocrx_word' id='word_1_35' title='bbox 587 1194 773 1273; x_wconf 77' lang='grc' dir='ltr'>στρατοπέδων</span> <span class='ocrx_word' id='word_1_36' title='bbox 795 1191 842 1252; x_wconf 82' lang='grc' dir='ltr'>καί</span> <span class='ocrx_word' id='word_1_37' title='bbox 856 1195 892 1260; x_wconf 84' lang='grc' dir='ltr'>εἰς</span> 
     </span>
    </p>
   </div>
   <div class='ocr_carea' id='block_1_5' title="bbox 112 1276 891 1363">
    <p class='ocr_par' dir='ltr' id='par_1_5' title="bbox 112 1276 891 1363">
     <span class='ocr_line' id='line_1_7' title="bbox 112 1276 891 1363; baseline 0.005 -28"><span class='ocrx_word' id='word_1_38' title='bbox 112 1277 185 1347; x_wconf 92' lang='grc' dir='ltr'>τάξιν</span> <span class='ocrx_word' id='word_1_39' title='bbox 206 1276 365 1342; x_wconf 89' lang='grc' dir='ltr'>καθίσταντο</span> <span class='ocrx_word' id='word_1_40' title='bbox 379 1281 500 1342; x_wconf 77' lang='grc' dir='ltr'>τοιάνδε·</span> <span class='ocrx_word' id='word_1_41' title='bbox 519 1280 643 1363; x_wconf 76' lang='grc' dir='ltr'>βασιλεὺς</span> <span class='ocrx_word' id='word_1_42' title='bbox 658 1281 706 1358; x_wconf 71' lang='grc' dir='ltr'>μὲν</span> <span class='ocrx_word' id='word_1_43' title='bbox 722 1282 828 1360; x_wconf 88' lang='grc' dir='ltr'>Πύρρος</span> <span class='ocrx_word' id='word_1_44' title='bbox 841 1280 891 1353; x_wconf 83' lang='grc' dir='ltr'>τλν</span> 
     </span>
    </p>
   </div>
   <div class='ocr_carea' id='block_1_6' title="bbox 1 1366 890 1451">
    <p class='ocr_par' dir='ltr' id='par_1_6' title="bbox 1 1366 890 1451">
     <span class='ocr_line' id='line_1_8' title="bbox 1 1366 890 1451; baseline 0.002 -24"><span class='ocrx_word' id='word_1_45' title='bbox 1 1420 9 1451; x_wconf 89' lang='lat'><em>:</em></span> <span class='ocrx_word' id='word_1_46' title='bbox 113 1366 298 1440; x_wconf 80' lang='grc' dir='ltr'>Μακεδονικὴν</span> <span class='ocrx_word' id='word_1_47' title='bbox 311 1370 438 1449; x_wconf 77' lang='grc' dir='ltr'>φάλαγγα</span> <span class='ocrx_word' id='word_1_48' title='bbox 453 1367 562 1449; x_wconf 79' lang='grc' dir='ltr'>πρώτην</span> <span class='ocrx_word' id='word_1_49' title='bbox 581 1368 670 1437; x_wconf 83' lang='grc' dir='ltr'>ίταξεν</span> <span class='ocrx_word' id='word_1_50' title='bbox 685 1369 730 1429; x_wconf 69' lang='lat' dir='ltr'>tet</span> <span class='ocrx_word' id='word_1_51' title='bbox 741 1374 787 1428; x_wconf 79' lang='grc' dir='ltr'>τοῦ</span> <span class='ocrx_word' id='word_1_52' title='bbox 807 1367 890 1439; x_wconf 76' lang='grc' dir='ltr'>δεξιοῦ</span> 
     </span>
    </p>
   </div>
   <div class='ocr_carea' id='block_1_7' title="bbox 112 1454 891 1539">
    <p class='ocr_par' dir='ltr' id='par_1_7' title="bbox 112 1454 891 1539">
     <span class='ocr_line' id='line_1_9' title="bbox 112 1454 891 1539; baseline 0.005 -27"><span class='ocrx_word' id='word_1_53' title='bbox 112 1454 236 1535; x_wconf 88' lang='grc' dir='ltr'>κέρατος,</span> <span class='ocrx_word' id='word_1_54' title='bbox 259 1456 306 1516; x_wconf 80' lang='grc' dir='ltr'>καλ</span> <span class='ocrx_word' id='word_1_55' title='bbox 332 1459 391 1531; x_wconf 80' lang='grc' dir='ltr'>μετ’</span> <span class='ocrx_word' id='word_1_56' title='bbox 415 1455 496 1529; x_wconf 80' lang='grc' dir='ltr'>αὐτὴν</span> <span class='ocrx_word' id='word_1_57' title='bbox 510 1456 572 1526; x_wconf 76' lang='grc' dir='ltr'>τοὺς</span> <span class='ocrx_word' id='word_1_58' title='bbox 585 1459 616 1517; x_wconf 77' lang='lat' dir='ltr'><strong>tx</strong></span> <span class='ocrx_word' id='word_1_59' title='bbox 635 1462 681 1516; x_wconf 80' lang='grc' dir='ltr'>τοῦ</span> <span class='ocrx_word' id='word_1_60' title='bbox 696 1459 833 1539; x_wconf 86' lang='grc' dir='ltr'>Τάραντος</span> <span class='ocrx_word' id='word_1_61' title='bbox 846 1482 891 1534; x_wconf 86' lang='grc' dir='ltr'>μι-</span> 
     </span>
    </p>
   </div>
   <div class='ocr_carea' id='block_1_8' title="bbox 0 1544 888 1628">
    <p class='ocr_par' dir='ltr' id='par_1_8' title="bbox 0 1544 888 1628">
     <span class='ocr_line' id='line_1_10' title="bbox 0 1544 888 1628; baseline 0.002 -26"><span class='ocrx_word' id='word_1_62' title='bbox 0 1621 2 1628; x_wconf 69' lang='lat'><strong>,</strong></span> <span class='ocrx_word' id='word_1_63' title='bbox 113 1544 252 1625; x_wconf 89' lang='grc' dir='ltr'>σθοφόρους</span> <span class='ocrx_word' id='word_1_64' title='bbox 266 1544 433 1614; x_wconf 81' lang='grc' dir='ltr'>Ἰταλιώτας.</span> <span class='ocrx_word' id='word_1_65' title='bbox 456 1544 573 1608; x_wconf 83' lang='grc' dir='ltr'>Ἔπειτα</span> <span class='ocrx_word' id='word_1_66' title='bbox 588 1544 646 1616; x_wconf 80' lang='grc' dir='ltr'>τούς</span> <span class='ocrx_word' id='word_1_67' title='bbox 666 1546 692 1614; x_wconf 77' lang='grc' dir='ltr'>ἐξ</span> <span class='ocrx_word' id='word_1_68' title='bbox 708 1545 888 1625; x_wconf 72' lang='grc' dir='ltr'>Ἀμπρακίας,</span> 
     </span>
    </p>
   </div>
   <div class='ocr_carea' id='block_1_9' title="bbox 111 1630 891 1807">
    <p class='ocr_par' dir='ltr' id='par_1_9' title="bbox 111 1630 891 1807">
     <span class='ocr_line' id='line_1_11' title="bbox 111 1630 891 1718; baseline 0.005 -29"><span class='ocrx_word' id='word_1_69' title='bbox 111 1630 158 1690; x_wconf 81' lang='grc' dir='ltr'>καλ</span> <span class='ocrx_word' id='word_1_70' title='bbox 172 1631 230 1709; x_wconf 70' lang='grc' dir='ltr'>με’</span> <span class='ocrx_word' id='word_1_71' title='bbox 245 1632 339 1701; x_wconf 81' lang='grc' dir='ltr'>αὖτοὺς</span> <span class='ocrx_word' id='word_1_72' title='bbox 354 1633 402 1707; x_wconf 75' lang='grc' dir='ltr'>τὴν</span> <span class='ocrx_word' id='word_1_73' title='bbox 411 1637 584 1716; x_wconf 85' lang='grc' dir='ltr'>Ταραντίνων</span> <span class='ocrx_word' id='word_1_74' title='bbox 595 1635 743 1695; x_wconf 85' lang='grc' dir='ltr'>λεύκασπιν</span> <span class='ocrx_word' id='word_1_75' title='bbox 757 1637 891 1718; x_wconf 85' lang='grc' dir='ltr'>φάλαγγα·</span> 
     </span>
     <span class='ocr_line' id='line_1_12' title="bbox 112 1722 891 1807; baseline 0.001 -24"><span class='ocrx_word' id='word_1_76' title='bbox 112 1722 171 1795; x_wconf 77' lang='grc' dir='ltr'>ἑξῆς</span> <span class='ocrx_word' id='word_1_77' title='bbox 186 1723 213 1784; x_wconf 78' lang='grc' dir='ltr'>δὲ</span> <span class='ocrx_word' id='word_1_78' title='bbox 225 1726 255 1786; x_wconf 81' lang='grc' dir='ltr'>τό</span> <span class='ocrx_word' id='word_1_79' title='bbox 266 1727 399 1807; x_wconf 84' lang='grc' dir='ltr'>Βρεττίων</span> <span class='ocrx_word' id='word_1_80' title='bbox 411 1728 457 1786; x_wconf 85' lang='grc' dir='ltr'>καλ</span> <span class='ocrx_word' id='word_1_81' title='bbox 471 1730 612 1789; x_wconf 80' lang='grc' dir='ltr'>Λευκανῶν</span> <span class='ocrx_word' id='word_1_82' title='bbox 625 1726 807 1806; x_wconf 84' lang='grc' dir='ltr'>συμμαχικόν.</span> <span class='ocrx_word' id='word_1_83' title='bbox 825 1725 891 1788; x_wconf 81' lang='grc' dir='ltr'>Ἐπί</span> 
     </span>
    </p>
   </div>
   <div class='ocr_carea' id='block_1_10' title="bbox 1 1812 888 1897">
    <p class='ocr_par' dir='ltr' id='par_1_10' title="bbox 1 1812 888 1897">
     <span class='ocr_line' id='line_1_13' title="bbox 1 1812 888 1897; baseline 0.005 -28"><span class='ocrx_word' id='word_1_84' title='bbox 1 1889 2 1894; x_wconf 12' lang='lat'>¹</span> <span class='ocrx_word' id='word_1_85' title='bbox 113 1812 196 1888; x_wconf 86' lang='grc' dir='ltr'>μέσης</span> <span class='ocrx_word' id='word_1_86' title='bbox 211 1812 238 1871; x_wconf 72' lang='grc' dir='ltr'>δὲ</span> <span class='ocrx_word' id='word_1_87' title='bbox 251 1818 299 1886; x_wconf 83' lang='grc' dir='ltr'>τῆς</span> <span class='ocrx_word' id='word_1_88' title='bbox 312 1815 456 1897; x_wconf 87' lang='grc' dir='ltr'>φάλαγγος,</span> <span class='ocrx_word' id='word_1_89' title='bbox 469 1814 650 1897; x_wconf 84' lang='grc' dir='ltr'>Θεσπρωτούς</span> <span class='ocrx_word' id='word_1_90' title='bbox 662 1839 691 1875; x_wconf 91' lang='grc' dir='ltr'>τε</span> <span class='ocrx_word' id='word_1_91' title='bbox 705 1813 751 1874; x_wconf 83' lang='grc' dir='ltr'>καί</span> <span class='ocrx_word' id='word_1_92' title='bbox 766 1814 888 1885; x_wconf 81' lang='grc' dir='ltr'>Χάονας,</span> 
     </span>
    </p>
   </div>
   <div class='ocr_carea' id='block_1_11' title="bbox 111 1899 890 2075">
    <p class='ocr_par' dir='ltr' id='par_1_11' title="bbox 111 1899 890 2075">
     <span class='ocr_line' id='line_1_14' title="bbox 112 1899 890 1984; baseline 0.004 -28"><span class='ocrx_word' id='word_1_93' title='bbox 112 1900 212 1969; x_wconf 85' lang='grc' dir='ltr'>τούτοις</span> <span class='ocrx_word' id='word_1_94' title='bbox 227 1899 255 1961; x_wconf 69' lang='grc' dir='ltr'>δὲ</span> <span class='ocrx_word' id='word_1_95' title='bbox 278 1906 395 1984; x_wconf 78' lang='grc' dir='ltr'>συνεχεῖς</span> <span class='ocrx_word' id='word_1_96' title='bbox 407 1903 466 1972; x_wconf 71' lang='grc' dir='ltr'>τοὺς</span> <span class='ocrx_word' id='word_1_97' title='bbox 489 1906 632 1983; x_wconf 79' lang='grc' dir='ltr'>Αἰτωλῶν,</span> <span class='ocrx_word' id='word_1_98' title='bbox 656 1902 703 1964; x_wconf 77' lang='grc' dir='ltr'>καί</span> <span class='ocrx_word' id='word_1_99' title='bbox 722 1901 890 1979; x_wconf 73' lang='grc' dir='ltr'>Ἀκαρνάνων</span> 
     </span>
     <span class='ocr_line' id='line_1_15' title="bbox 111 1988 890 2075; baseline -0.001 -27"><span class='ocrx_word' id='word_1_100' title='bbox 111 1988 158 2049; x_wconf 84' lang='grc' dir='ltr'>καὶ</span> <span class='ocrx_word' id='word_1_101' title='bbox 179 1991 328 2067; x_wconf 78' lang='grc' dir='ltr'>Αθαμάνων</span> <span class='ocrx_word' id='word_1_102' title='bbox 348 1994 541 2075; x_wconf 56' lang='grc' dir='ltr'>μισθοφόρων</span> <span class='ocrx_word' id='word_1_103' title='bbox 561 1992 727 2060; x_wconf 83' lang='grc' dir='ltr'>τελευταίους</span> <span class='ocrx_word' id='word_1_104' title='bbox 748 1991 776 2052; x_wconf 74' lang='grc' dir='ltr'>δὲ</span> <span class='ocrx_word' id='word_1_105' title='bbox 793 1989 890 2052; x_wconf 81' lang='grc' dir='ltr'>Σαυνί·</span> 
     </span>
    </p>
   </div>
   <div class='ocr_carea' id='block_1_12' title="bbox 1 2069 888 2163">
    <p class='ocr_par' dir='ltr' id='par_1_12' title="bbox 1 2069 888 2163">
     <span class='ocr_line' id='line_1_16' title="bbox 1 2069 888 2163; baseline 0.002 -29"><span class='ocrx_word' id='word_1_106' title='bbox 1 2069 3 2098; x_wconf 76' lang='lat' dir='ltr'><strong>r</strong></span> <span class='ocrx_word' id='word_1_107' title='bbox 111 2100 170 2149; x_wconf 86' lang='grc' dir='ltr'>τας,</span> <span class='ocrx_word' id='word_1_108' title='bbox 186 2077 216 2138; x_wconf 79' lang='grc' dir='ltr'>τό</span> <span class='ocrx_word' id='word_1_109' title='bbox 230 2078 512 2163; x_wconf 76' lang='grc' dir='ltr'>λαιθνίκπληροῦντας</span> <span class='ocrx_word' id='word_1_110' title='bbox 524 2082 612 2162; x_wconf 87' lang='grc' dir='ltr'>κέρας.</span> <span class='ocrx_word' id='word_1_111' title='bbox 635 2083 691 2153; x_wconf 73' lang='grc' dir='ltr'>Τῆς</span> <span class='ocrx_word' id='word_1_112' title='bbox 707 2079 828 2139; x_wconf 81' lang='grc' dir='ltr'>δὲ’ίππου</span> <span class='ocrx_word' id='word_1_113' title='bbox 839 2077 888 2150; x_wconf 72' lang='grc' dir='ltr'>τὴν</span> 
     </span>
    </p>
   </div>
   <div class='ocr_carea' id='block_1_13' title="bbox 55 2166 892 2780">
    <p class='ocr_par' dir='ltr' id='par_1_13' title="bbox 55 2166 892 2780">
     <span class='ocr_line' id='line_1_17' title="bbox 112 2166 889 2251; baseline 0.004 -28"><span class='ocrx_word' id='word_1_114' title='bbox 112 2167 159 2240; x_wconf 79' lang='grc' dir='ltr'>μὲν</span> <span class='ocrx_word' id='word_1_115' title='bbox 176 2168 300 2228; x_wconf 82' lang='grc' dir='ltr'>Σαυνῖτιν</span> <span class='ocrx_word' id='word_1_116' title='bbox 314 2168 361 2229; x_wconf 78' lang='grc' dir='ltr'>καί</span> <span class='ocrx_word' id='word_1_117' title='bbox 381 2169 549 2243; x_wconf 78' lang='grc' dir='ltr'>Θετταλικὴν</span> <span class='ocrx_word' id='word_1_118' title='bbox 560 2169 606 2230; x_wconf 81' lang='grc' dir='ltr'>καλ</span> <span class='ocrx_word' id='word_1_119' title='bbox 622 2171 762 2251; x_wconf 83' lang='grc' dir='ltr'>Βρεττίαν,</span> <span class='ocrx_word' id='word_1_120' title='bbox 778 2167 826 2229; x_wconf 81' lang='grc' dir='ltr'>καί</span> <span class='ocrx_word' id='word_1_121' title='bbox 841 2166 889 2238; x_wconf 76' lang='grc' dir='ltr'>τὴν</span> 
     </span>
     <span class='ocr_line' id='line_1_18' title="bbox 110 2253 891 2338; baseline 0 -26"><span class='ocrx_word' id='word_1_122' title='bbox 110 2256 140 2314; x_wconf 73' lang='grc' dir='ltr'>ἐκ</span> <span class='ocrx_word' id='word_1_123' title='bbox 159 2260 206 2315; x_wconf 77' lang='grc' dir='ltr'>τοῦ</span> <span class='ocrx_word' id='word_1_124' title='bbox 227 2255 364 2337; x_wconf 83' lang='grc' dir='ltr'>Τάραντος</span> <span class='ocrx_word' id='word_1_125' title='bbox 384 2255 542 2338; x_wconf 83' lang='grc' dir='ltr'>μισθοφόρον</span> <span class='ocrx_word' id='word_1_126' title='bbox 557 2256 601 2315; x_wconf 79' lang='grc' dir='ltr'>ἐπὶ</span> <span class='ocrx_word' id='word_1_127' title='bbox 616 2261 662 2317; x_wconf 78' lang='grc' dir='ltr'>τοῦ</span> <span class='ocrx_word' id='word_1_128' title='bbox 682 2253 766 2324; x_wconf 81' lang='grc' dir='ltr'>δεξιοῦ</span> <span class='ocrx_word' id='word_1_129' title='bbox 782 2255 891 2337; x_wconf 82' lang='grc' dir='ltr'>κέρατος</span> 
     </span>
     <span class='ocr_line' id='line_1_19' title="bbox 111 2345 890 2427; baseline -0.001 -25"><span class='ocrx_word' id='word_1_130' title='bbox 111 2347 232 2419; x_wconf 77' lang='grc' dir='ltr'>ἔστησεν,</span> <span class='ocrx_word' id='word_1_131' title='bbox 242 2347 291 2418; x_wconf 74' lang='grc' dir='ltr'>τὴν</span> <span class='ocrx_word' id='word_1_132' title='bbox 300 2346 328 2407; x_wconf 80' lang='lat' dir='ltr'><strong>tl</strong></span> <span class='ocrx_word' id='word_1_133' title='bbox 339 2346 549 2427; x_wconf 84' lang='grc' dir='ltr'>Ἀμπρακιῶτιν,</span> <span class='ocrx_word' id='word_1_134' title='bbox 557 2345 604 2407; x_wconf 79' lang='grc' dir='ltr'>καί</span> <span class='ocrx_word' id='word_1_135' title='bbox 615 2345 764 2417; x_wconf 83' lang='grc' dir='ltr'>Λευκανὴν,</span> <span class='ocrx_word' id='word_1_136' title='bbox 777 2346 823 2405; x_wconf 79' lang='grc' dir='ltr'>καὶ</span> <span class='ocrx_word' id='word_1_137' title='bbox 834 2347 890 2405; x_wconf 84' lang='grc' dir='ltr'>Τα-</span> 
     </span>
     <span class='ocr_line' id='line_1_20' title="bbox 112 2431 889 2515; baseline 0.001 -24"><span class='ocrx_word' id='word_1_138' title='bbox 112 2436 234 2511; x_wconf 82' lang='grc' dir='ltr'>ραντίνην</span> <span class='ocrx_word' id='word_1_139' title='bbox 245 2435 292 2495; x_wconf 80' lang='grc' dir='ltr'>καὶ</span> <span class='ocrx_word' id='word_1_140' title='bbox 309 2436 358 2510; x_wconf 80' lang='grc' dir='ltr'>τὴν</span> <span class='ocrx_word' id='word_1_141' title='bbox 370 2434 532 2509; x_wconf 72' lang='grc' dir='ltr'>Ἑλληνικὴν</span> <span class='ocrx_word' id='word_1_142' title='bbox 545 2434 715 2515; x_wconf 84' lang='grc' dir='ltr'>μισθοφόρον,</span> <span class='ocrx_word' id='word_1_143' title='bbox 730 2434 763 2507; x_wconf 82' lang='grc' dir='ltr'>ἣν</span> <span class='ocrx_word' id='word_1_144' title='bbox 779 2431 889 2505; x_wconf 79' lang='grc' dir='ltr'>ίξεπλή·</span> 
     </span>
     <span class='ocr_line' id='line_1_21' title="bbox 113 2518 890 2602; baseline -0.005 -20"><span class='ocrx_word' id='word_1_145' title='bbox 113 2543 171 2595; x_wconf 72' lang='lat' dir='ltr'><strong>pout</strong></span> <span class='ocrx_word' id='word_1_146' title='bbox 188 2520 341 2602; x_wconf 77' lang='grc' dir='ltr'>’λκαρνάνίς</span> <span class='ocrx_word' id='word_1_147' title='bbox 358 2547 387 2583; x_wconf 85' lang='grc' dir='ltr'>τε</span> <span class='ocrx_word' id='word_1_148' title='bbox 402 2525 448 2582; x_wconf 81' lang='grc' dir='ltr'>καὶ</span> <span class='ocrx_word' id='word_1_149' title='bbox 462 2521 595 2595; x_wconf 77' lang='grc' dir='ltr'>Αἰτωλοί,</span> <span class='ocrx_word' id='word_1_150' title='bbox 609 2521 655 2582; x_wconf 80' lang='grc' dir='ltr'>καί</span> <span class='ocrx_word' id='word_1_151' title='bbox 677 2521 829 2588; x_wconf 83' lang='grc' dir='ltr'>Μακεδόνες</span> <span class='ocrx_word' id='word_1_152' title='bbox 844 2518 890 2580; x_wconf 84' lang='grc' dir='ltr'>καί</span> 
     </span>
     <span class='ocr_line' id='line_1_22' title="bbox 55 2606 892 2692; baseline 0.002 -25"><span class='ocrx_word' id='word_1_153' title='bbox 55 2617 68 2642; x_wconf 74' lang='grc'>·’</span> <span class='ocrx_word' id='word_1_154' title='bbox 112 2606 267 2684; x_wconf 72' lang='grc' dir='ltr'>Ἀθαμᾶνες,</span> <span class='ocrx_word' id='word_1_155' title='bbox 275 2610 320 2670; x_wconf 80' lang='grc' dir='ltr'>ε’πί</span> <span class='ocrx_word' id='word_1_156' title='bbox 329 2618 375 2671; x_wconf 76' lang='grc' dir='ltr'>τοῦ</span> <span class='ocrx_word' id='word_1_157' title='bbox 390 2614 476 2672; x_wconf 76' lang='grc' dir='ltr'>λαιοῦ.</span> <span class='ocrx_word' id='word_1_158' title='bbox 487 2610 559 2678; x_wconf 71' lang='lat' dir='ltr'><strong>Tele</strong></span> <span class='ocrx_word' id='word_1_159' title='bbox 569 2611 596 2671; x_wconf 76' lang='grc' dir='ltr'>δέ</span> <span class='ocrx_word' id='word_1_160' title='bbox 606 2608 698 2692; x_wconf 70' lang='grc' dir='ltr'>ψιλοὺς</span> <span class='ocrx_word' id='word_1_161' title='bbox 708 2608 755 2671; x_wconf 82' lang='grc' dir='ltr'>καί</span> <span class='ocrx_word' id='word_1_162' title='bbox 767 2608 826 2679; x_wconf 74' lang='grc' dir='ltr'>τοὺς</span> <span class='ocrx_word' id='word_1_163' title='bbox 837 2608 892 2669; x_wconf 75' lang='lat' dir='ltr'><strong>tli-</strong></span> 
     </span>
     <span class='ocr_line' id='line_1_23' title="bbox 112 2698 891 2780; baseline 0.006 -27"><span class='ocrx_word' id='word_1_164' title='bbox 112 2718 212 2776; x_wconf 91' lang='grc' dir='ltr'>φαντας</span> <span class='ocrx_word' id='word_1_165' title='bbox 226 2699 288 2778; x_wconf 84' lang='grc' dir='ltr'>διχῇ</span> <span class='ocrx_word' id='word_1_166' title='bbox 303 2699 411 2777; x_wconf 81' lang='grc' dir='ltr'>νείμας,</span> <span class='ocrx_word' id='word_1_167' title='bbox 425 2699 580 2780; x_wconf 78' lang='grc' dir='ltr'>ἀμφοτέρων</span> <span class='ocrx_word' id='word_1_168' title='bbox 595 2698 707 2758; x_wconf 87' lang='grc' dir='ltr'>κατόπιν</span> <span class='ocrx_word' id='word_1_169' title='bbox 729 2698 824 2773; x_wconf 83' lang='grc' dir='ltr'>έστησε</span> <span class='ocrx_word' id='word_1_170' title='bbox 839 2700 891 2758; x_wconf 80' lang='grc' dir='ltr'>τῶν</span> 
     </span>
    </p>
   </div>
   <div class='ocr_carea' id='block_1_14' title="bbox 1 2786 891 2870">
    <p class='ocr_par' dir='ltr' id='par_1_14' title="bbox 1 2786 891 2870">
     <span class='ocr_line' id='line_1_24' title="bbox 1 2786 891 2870; baseline 0.006 -28"><span class='ocrx_word' id='word_1_171' title='bbox 1 2839 2 2842; x_wconf 76' lang='grc'>,</span> <span class='ocrx_word' id='word_1_172' title='bbox 111 2786 246 2866; x_wconf 86' lang='grc' dir='ltr'>κεράτων,</span> <span class='ocrx_word' id='word_1_173' title='bbox 272 2788 425 2869; x_wconf 83' lang='grc' dir='ltr'>σύμμετρόν</span> <span class='ocrx_word' id='word_1_174' title='bbox 448 2811 475 2848; x_wconf 90' lang='grc' dir='ltr'>τι</span> <span class='ocrx_word' id='word_1_175' title='bbox 499 2793 597 2870; x_wconf 83' lang='grc' dir='ltr'>χοιρίον</span> <span class='ocrx_word' id='word_1_176' title='bbox 623 2790 779 2870; x_wconf 74' lang='grc' dir='ltr'>ἀφεστῶτας</span> <span class='ocrx_word' id='word_1_177' title='bbox 803 2787 891 2865; x_wconf 82' lang='grc' dir='ltr'>ὀλίγον</span> 
     </span>
    </p>
   </div>
   <div class='ocr_carea' id='block_1_15' title="bbox 53 2874 895 5357">
    <p class='ocr_par' dir='ltr' id='par_1_15' title="bbox 53 2874 894 3223">
     <span class='ocr_line' id='line_1_25' title="bbox 110 2874 891 2953; baseline 0.004 -23"><span class='ocrx_word' id='word_1_178' title='bbox 110 2875 289 2947; x_wconf 81' lang='grc' dir='ltr'>ίπανιστηκθς</span> <span class='ocrx_word' id='word_1_179' title='bbox 308 2884 355 2938; x_wconf 80' lang='grc' dir='ltr'>τοῦ</span> <span class='ocrx_word' id='word_1_180' title='bbox 369 2876 472 2937; x_wconf 87' lang='grc' dir='ltr'>πεδίου.</span> <span class='ocrx_word' id='word_1_181' title='bbox 516 2876 601 2946; x_wconf 73' lang='lat' dir='ltr'><strong>hiet&lt;</strong></span> <span class='ocrx_word' id='word_1_182' title='bbox 623 2877 652 2936; x_wconf 80' lang='grc' dir='ltr'>δὲ</span> <span class='ocrx_word' id='word_1_183' title='bbox 671 2875 703 2936; x_wconf 85' lang='grc' dir='ltr'>τδ</span> <span class='ocrx_word' id='word_1_184' title='bbox 727 2874 891 2953; x_wconf 85' lang='grc' dir='ltr'>καλούμενον</span> 
     </span>
     <span class='ocr_line' id='line_1_26' title="bbox 113 2962 894 3043; baseline 0.001 -22"><span class='ocrx_word' id='word_1_185' title='bbox 113 2962 250 3041; x_wconf 82' lang='grc' dir='ltr'>βασιλικὸν</span> <span class='ocrx_word' id='word_1_186' title='bbox 262 2966 356 3043; x_wconf 80' lang='grc' dir='ltr'>ἄγημα</span> <span class='ocrx_word' id='word_1_187' title='bbox 370 2968 423 3025; x_wconf 82' lang='grc' dir='ltr'>τῶν</span> <span class='ocrx_word' id='word_1_188' title='bbox 438 2966 583 3024; x_wconf 84' lang='grc' dir='ltr'>ίπιλέκτων</span> <span class='ocrx_word' id='word_1_189' title='bbox 594 2963 699 3024; x_wconf 87' lang='grc' dir='ltr'>ίππίων</span> <span class='ocrx_word' id='word_1_190' title='bbox 712 2968 779 3042; x_wconf 78' lang='grc' dir='ltr'>ὁμοῦ</span> <span class='ocrx_word' id='word_1_191' title='bbox 792 2986 819 3023; x_wconf 89' lang='grc' dir='ltr'>τε</span> <span class='ocrx_word' id='word_1_192' title='bbox 834 2965 894 3025; x_wconf 85' lang='grc' dir='ltr'>δισ-</span> 
     </span>
     <span class='ocr_line' id='line_1_27' title="bbox 53 3043 892 3133; baseline 0.004 -25"><span class='ocrx_word' id='word_1_193' title='bbox 53 3056 80 3093; x_wconf 63' lang='grc' dir='ltr'>Υ·</span> <span class='ocrx_word' id='word_1_194' title='bbox 111 3051 205 3130; x_wconf 74' lang='grc' dir='ltr'>χιλίων</span> <span class='ocrx_word' id='word_1_195' title='bbox 221 3053 283 3133; x_wconf 81' lang='grc' dir='ltr'>περὶ</span> <span class='ocrx_word' id='word_1_196' title='bbox 298 3054 379 3113; x_wconf 81' lang='grc' dir='ltr'>αὑτόν</span> <span class='ocrx_word' id='word_1_197' title='bbox 393 3051 483 3131; x_wconf 77' lang='grc' dir='ltr'>ἔχων,</span> <span class='ocrx_word' id='word_1_198' title='bbox 503 3053 578 3120; x_wconf 75' lang='grc' dir='ltr'>ίκτθς</span> <span class='ocrx_word' id='word_1_199' title='bbox 596 3043 629 3124; x_wconf 71' lang='grc' dir='ltr'>ἦν</span> <span class='ocrx_word' id='word_1_200' title='bbox 643 3052 759 3127; x_wconf 87' lang='grc' dir='ltr'>τάξεως,</span> <span class='ocrx_word' id='word_1_201' title='bbox 774 3049 818 3110; x_wconf 77' lang='grc' dir='ltr'>ἵνα</span> <span class='ocrx_word' id='word_1_202' title='bbox 837 3056 892 3121; x_wconf 86' lang='grc' dir='ltr'>τοῖς</span> 
     </span>
     <span class='ocr_line' id='line_1_28' title="bbox 113 3138 889 3223; baseline 0.008 -27"><span class='ocrx_word' id='word_1_203' title='bbox 113 3141 257 3211; x_wconf 85' lang='grc' dir='ltr'>κάμνουσιν</span> <span class='ocrx_word' id='word_1_204' title='bbox 279 3140 331 3199; x_wconf 77' lang='lat' dir='ltr'><strong>aiei</strong></span> <span class='ocrx_word' id='word_1_205' title='bbox 348 3143 401 3199; x_wconf 86' lang='grc' dir='ltr'>τῶν</span> <span class='ocrx_word' id='word_1_206' title='bbox 415 3139 548 3222; x_wconf 86' lang='grc' dir='ltr'>σφετέρων</span> <span class='ocrx_word' id='word_1_207' title='bbox 570 3138 597 3210; x_wconf 84' lang='grc' dir='ltr'>ίξ</span> <span class='ocrx_word' id='word_1_208' title='bbox 621 3141 727 3218; x_wconf 85' lang='grc' dir='ltr'>ίτοίμου</span> <span class='ocrx_word' id='word_1_209' title='bbox 741 3140 889 3223; x_wconf 80' lang='grc' dir='ltr'>ίπαρκέσῃ.</span> 
     </span>
    </p>

    <p class='ocr_par' dir='ltr' id='par_1_16' title="bbox 53 3225 895 5357">
     <span class='ocr_line' id='line_1_29' title="bbox 153 3225 893 3309; baseline -0.003 -21"><span class='ocrx_word' id='word_1_210' title='bbox 153 3228 188 3288; x_wconf 87' lang='grc' dir='ltr'>Οί</span> <span class='ocrx_word' id='word_1_211' title='bbox 204 3228 232 3287; x_wconf 77' lang='grc' dir='ltr'>δέ</span> <span class='ocrx_word' id='word_1_212' title='bbox 250 3229 346 3288; x_wconf 75' lang='grc' dir='ltr'>ὕπατοι</span> <span class='ocrx_word' id='word_1_213' title='bbox 366 3225 437 3288; x_wconf 80' lang='grc' dir='ltr'>κατά</span> <span class='ocrx_word' id='word_1_214' title='bbox 461 3229 508 3305; x_wconf 76' lang='grc' dir='ltr'>μὲν</span> <span class='ocrx_word' id='word_1_215' title='bbox 531 3227 562 3287; x_wconf 82' lang='grc' dir='ltr'>τὸ</span> <span class='ocrx_word' id='word_1_216' title='bbox 585 3229 660 3289; x_wconf 84' lang='grc' dir='ltr'>λαιὸν</span> <span class='ocrx_word' id='word_1_217' title='bbox 676 3227 756 3309; x_wconf 85' lang='grc' dir='ltr'>κέρας</span> <span class='ocrx_word' id='word_1_218' title='bbox 777 3227 893 3304; x_wconf 78' lang='grc' dir='ltr'>ίστησαν</span> 
     </span>
     <span class='ocr_line' id='line_1_30' title="bbox 112 3314 894 3397; baseline 0.006 -24"><span class='ocrx_word' id='word_1_219' title='bbox 112 3314 202 3393; x_wconf 88' lang='grc' dir='ltr'>τάγμα</span> <span class='ocrx_word' id='word_1_220' title='bbox 221 3315 252 3375; x_wconf 84' lang='grc' dir='ltr'>τδ</span> <span class='ocrx_word' id='word_1_221' title='bbox 267 3316 428 3394; x_wconf 87' lang='grc' dir='ltr'>καλούμενον</span> <span class='ocrx_word' id='word_1_222' title='bbox 450 3321 572 3397; x_wconf 82' lang='grc' dir='ltr'>πρῶτον,</span> <span class='ocrx_word' id='word_1_223' title='bbox 588 3317 702 3379; x_wconf 78' lang='grc' dir='ltr'>ἐναντίον</span> <span class='ocrx_word' id='word_1_224' title='bbox 717 3322 752 3391; x_wconf 72' lang='grc' dir='ltr'>τῆ</span> <span class='ocrx_word' id='word_1_225' title='bbox 769 3320 894 3379; x_wconf 68' lang='lat' dir='ltr'><strong>Mantho-</strong></span> 
     </span>
     <span class='ocr_line' id='line_1_31' title="bbox 112 3405 892 3487; baseline 0.004 -25"><span class='ocrx_word' id='word_1_226' title='bbox 112 3408 172 3481; x_wconf 79' lang='grc' dir='ltr'>νικῇ</span> <span class='ocrx_word' id='word_1_227' title='bbox 187 3406 233 3466; x_wconf 86' lang='grc' dir='ltr'>καλ</span> <span class='ocrx_word' id='word_1_228' title='bbox 247 3405 467 3487; x_wconf 76' lang='grc' dir='ltr'>’λμπρακιωτικῇ</span> <span class='ocrx_word' id='word_1_229' title='bbox 492 3406 610 3487; x_wconf 83' lang='grc' dir='ltr'>φάλαγγι</span> <span class='ocrx_word' id='word_1_230' title='bbox 630 3405 677 3465; x_wconf 78' lang='grc' dir='ltr'>καί</span> <span class='ocrx_word' id='word_1_231' title='bbox 693 3409 748 3473; x_wconf 86' lang='grc' dir='ltr'>τοῖς</span> <span class='ocrx_word' id='word_1_232' title='bbox 763 3405 892 3486; x_wconf 88' lang='grc' dir='ltr'>μισθοφό-</span> 
     </span>
     <span class='ocr_line' id='line_1_32' title="bbox 115 3491 894 3574; baseline -0.001 -20"><span class='ocrx_word' id='word_1_233' title='bbox 115 3516 168 3574; x_wconf 90' lang='grc' dir='ltr'>ροις</span> <span class='ocrx_word' id='word_1_234' title='bbox 182 3497 235 3554; x_wconf 82' lang='grc' dir='ltr'>τῶν</span> <span class='ocrx_word' id='word_1_235' title='bbox 258 3491 442 3574; x_wconf 87' lang='grc' dir='ltr'>Ταραντίνων.</span> <span class='ocrx_word' id='word_1_236' title='bbox 501 3492 651 3572; x_wconf 77' lang='grc' dir='ltr'>Ἱίπόμινον</span> <span class='ocrx_word' id='word_1_237' title='bbox 675 3492 702 3554; x_wconf 78' lang='grc' dir='ltr'>θλ</span> <span class='ocrx_word' id='word_1_238' title='bbox 729 3498 768 3570; x_wconf 81' lang='grc' dir='ltr'>τῷ</span> <span class='ocrx_word' id='word_1_239' title='bbox 792 3493 894 3574; x_wconf 80' lang='grc' dir='ltr'>πρώτῳ</span> 
     </span>
     <span class='ocr_line' id='line_1_33' title="bbox 113 3573 893 3663; baseline 0 -22"><span class='ocrx_word' id='word_1_240' title='bbox 113 3582 230 3660; x_wconf 85' lang='grc' dir='ltr'>τάγματι</span> <span class='ocrx_word' id='word_1_241' title='bbox 243 3583 275 3643; x_wconf 79' lang='grc' dir='ltr'>τό</span> <span class='ocrx_word' id='word_1_242' title='bbox 284 3583 391 3663; x_wconf 90' lang='grc' dir='ltr'>τρίτον,</span> <span class='ocrx_word' id='word_1_243' title='bbox 408 3582 467 3642; x_wconf 87' lang='grc' dir='ltr'>καθ’</span> <span class='ocrx_word' id='word_1_244' title='bbox 481 3580 496 3641; x_wconf 86' lang='grc' dir='ltr'>δ</span> <span class='ocrx_word' id='word_1_245' title='bbox 510 3580 588 3661; x_wconf 84' lang='grc' dir='ltr'>μέρος</span> <span class='ocrx_word' id='word_1_246' title='bbox 601 3586 619 3654; x_wconf 84' lang='grc' dir='ltr'>ἡ</span> <span class='ocrx_word' id='word_1_247' title='bbox 634 3583 780 3651; x_wconf 88' lang='grc' dir='ltr'>λεύκασπις</span> <span class='ocrx_word' id='word_1_248' title='bbox 794 3573 828 3655; x_wconf 70' lang='grc' dir='ltr'>ἦν</span> <span class='ocrx_word' id='word_1_249' title='bbox 842 3585 893 3641; x_wconf 82' lang='grc' dir='ltr'>τῶν</span> 
     </span>
     <span class='ocr_line' id='line_1_34' title="bbox 113 3668 894 3750; baseline -0.003 -20"><span class='ocrx_word' id='word_1_250' title='bbox 113 3672 283 3748; x_wconf 87' lang='grc' dir='ltr'>Ταραντίνων</span> <span class='ocrx_word' id='word_1_251' title='bbox 297 3670 413 3750; x_wconf 79' lang='grc' dir='ltr'>φάλαγξ,</span> <span class='ocrx_word' id='word_1_252' title='bbox 428 3668 476 3729; x_wconf 80' lang='grc' dir='ltr'>καί</span> <span class='ocrx_word' id='word_1_253' title='bbox 490 3669 521 3730; x_wconf 77' lang='grc' dir='ltr'>τό</span> <span class='ocrx_word' id='word_1_254' title='bbox 536 3669 668 3749; x_wconf 85' lang='grc' dir='ltr'>Βρεττίων</span> <span class='ocrx_word' id='word_1_255' title='bbox 682 3669 728 3729; x_wconf 81' lang='grc' dir='ltr'>καὶ</span> <span class='ocrx_word' id='word_1_256' title='bbox 745 3668 775 3729; x_wconf 78' lang='grc' dir='ltr'>τό</span> <span class='ocrx_word' id='word_1_257' title='bbox 789 3674 894 3732; x_wconf 71' lang='lat' dir='ltr'><strong>hauan·</strong></span> 
     </span>
     <span class='ocr_line' id='line_1_35' title="bbox 114 3756 894 3840; baseline 0.001 -24"><span class='ocrx_word' id='word_1_258' title='bbox 114 3762 164 3821; x_wconf 80' lang='grc' dir='ltr'>νῶν</span> <span class='ocrx_word' id='word_1_259' title='bbox 179 3760 358 3839; x_wconf 84' lang='grc' dir='ltr'>συμμαχικόν.</span> <span class='ocrx_word' id='word_1_260' title='bbox 401 3756 560 3837; x_wconf 79' lang='grc' dir='ltr'>Συναφίςδί</span> <span class='ocrx_word' id='word_1_261' title='bbox 573 3760 612 3839; x_wconf 80' lang='grc' dir='ltr'>τῷ</span> <span class='ocrx_word' id='word_1_262' title='bbox 626 3758 710 3838; x_wconf 85' lang='grc' dir='ltr'>τρίτῳ</span> <span class='ocrx_word' id='word_1_263' title='bbox 723 3757 755 3819; x_wconf 88' lang='grc' dir='ltr'>τδ</span> <span class='ocrx_word' id='word_1_264' title='bbox 765 3757 894 3840; x_wconf 82' lang='grc' dir='ltr'>τέταρτον</span> 
     </span>
     <span class='ocr_line' id='line_1_36' title="bbox 113 3846 894 3925; baseline 0.001 -17"><span class='ocrx_word' id='word_1_265' title='bbox 113 3850 244 3925; x_wconf 84' lang='grc' dir='ltr'>ίστησαν,</span> <span class='ocrx_word' id='word_1_266' title='bbox 262 3849 331 3910; x_wconf 88' lang='grc' dir='ltr'>κατδι</span> <span class='ocrx_word' id='word_1_267' title='bbox 347 3848 407 3917; x_wconf 75' lang='grc' dir='ltr'>τούς</span> <span class='ocrx_word' id='word_1_268' title='bbox 420 3846 573 3917; x_wconf 85' lang='grc' dir='ltr'>Μολοττούς</span> <span class='ocrx_word' id='word_1_269' title='bbox 595 3872 624 3908; x_wconf 92' lang='grc' dir='ltr'>τε</span> <span class='ocrx_word' id='word_1_270' title='bbox 649 3848 695 3907; x_wconf 86' lang='grc' dir='ltr'>καὶ</span> <span class='ocrx_word' id='word_1_271' title='bbox 718 3848 824 3915; x_wconf 82' lang='grc' dir='ltr'>Χάονας</span> <span class='ocrx_word' id='word_1_272' title='bbox 847 3849 894 3909; x_wconf 83' lang='grc' dir='ltr'>καί</span> 
     </span>
     <span class='ocr_line' id='line_1_37' title="bbox 53 3936 894 4019; baseline -0.006 -17"><span class='ocrx_word' id='word_1_273' title='bbox 53 3950 84 3990; x_wconf 79' lang='lat'>³⁸</span> <span class='ocrx_word' id='word_1_274' title='bbox 112 3938 299 4018; x_wconf 83' lang='grc' dir='ltr'>Θεσπρωτούς·</span> <span class='ocrx_word' id='word_1_275' title='bbox 314 3938 386 4000; x_wconf 86' lang='grc' dir='ltr'>τδδί</span> <span class='ocrx_word' id='word_1_276' title='bbox 406 3936 525 4019; x_wconf 84' lang='grc' dir='ltr'>δεύτερον</span> <span class='ocrx_word' id='word_1_277' title='bbox 547 3936 592 3998; x_wconf 82' lang='grc' dir='ltr'>ίπλ</span> <span class='ocrx_word' id='word_1_278' title='bbox 618 3943 665 3998; x_wconf 77' lang='grc' dir='ltr'>τοῦ</span> <span class='ocrx_word' id='word_1_279' title='bbox 686 3937 771 4006; x_wconf 75' lang='grc' dir='ltr'>δεξιοῦ</span> <span class='ocrx_word' id='word_1_280' title='bbox 786 3937 894 4017; x_wconf 82' lang='grc' dir='ltr'>κέρατος</span> 
     </span>
     <span class='ocr_line' id='line_1_38' title="bbox 112 4025 894 4107; baseline -0.004 -20"><span class='ocrx_word' id='word_1_281' title='bbox 112 4029 229 4089; x_wconf 82' lang='grc' dir='ltr'>ἐναντίω</span> <span class='ocrx_word' id='word_1_282' title='bbox 258 4036 311 4095; x_wconf 87' lang='grc' dir='ltr'>τοῖς</span> <span class='ocrx_word' id='word_1_283' title='bbox 340 4027 508 4107; x_wconf 89' lang='grc' dir='ltr'>μισθοφόροις</span> <span class='ocrx_word' id='word_1_284' title='bbox 533 4035 588 4094; x_wconf 88' lang='grc' dir='ltr'>τοῖς</span> <span class='ocrx_word' id='word_1_285' title='bbox 613 4027 668 4087; x_wconf 83' lang='grc' dir='ltr'>άπδ</span> <span class='ocrx_word' id='word_1_286' title='bbox 694 4029 742 4098; x_wconf 76' lang='grc' dir='ltr'>τῆς</span> <span class='ocrx_word' id='word_1_287' title='bbox 763 4025 894 4095; x_wconf 79' lang='grc' dir='ltr'>Ἑλλάδος</span> 
     </span>
     <span class='ocr_line' id='line_1_39' title="bbox 113 4114 893 4198; baseline -0.009 -18"><span class='ocrx_word' id='word_1_288' title='bbox 113 4120 251 4191; x_wconf 80' lang='grc' dir='ltr'>Αἰτωλοῖς,</span> <span class='ocrx_word' id='word_1_289' title='bbox 264 4119 310 4177; x_wconf 84' lang='grc' dir='ltr'>καὶ</span> <span class='ocrx_word' id='word_1_290' title='bbox 321 4116 465 4198; x_wconf 68' lang='grc' dir='ltr'>Ἀκαρνᾶσι</span> <span class='ocrx_word' id='word_1_291' title='bbox 478 4114 525 4176; x_wconf 79' lang='grc' dir='ltr'>καί</span> <span class='ocrx_word' id='word_1_292' title='bbox 536 4114 678 4194; x_wconf 71' lang='grc' dir='ltr'>Ἀθαμᾶσι,</span> <span class='ocrx_word' id='word_1_293' title='bbox 688 4114 734 4175; x_wconf 84' lang='grc' dir='ltr'>καὶ</span> <span class='ocrx_word' id='word_1_294' title='bbox 744 4121 778 4189; x_wconf 80' lang='grc' dir='ltr'>τῆ</span> <span class='ocrx_word' id='word_1_295' title='bbox 794 4118 893 4176; x_wconf 83' lang='grc' dir='ltr'>Σαυνι·</span> 
     </span>
     <span class='ocr_line' id='line_1_40' title="bbox 112 4203 894 4291; baseline -0.006 -24"><span class='ocrx_word' id='word_1_296' title='bbox 112 4212 165 4268; x_wconf 82' lang='grc' dir='ltr'>τῶν</span> <span class='ocrx_word' id='word_1_297' title='bbox 180 4208 335 4289; x_wconf 81' lang='grc' dir='ltr'>θυρεαφόριρ</span> <span class='ocrx_word' id='word_1_298' title='bbox 355 4204 483 4291; x_wconf 82' lang='grc' dir='ltr'>φάλαγγι.</span> <span class='ocrx_word' id='word_1_299' title='bbox 526 4204 654 4273; x_wconf 85' lang='grc' dir='ltr'>Λατίνους</span> <span class='ocrx_word' id='word_1_300' title='bbox 667 4205 695 4264; x_wconf 75' lang='lat' dir='ltr'>tt</span> <span class='ocrx_word' id='word_1_301' title='bbox 708 4203 754 4263; x_wconf 77' lang='grc' dir='ltr'>καί</span> <span class='ocrx_word' id='word_1_302' title='bbox 775 4207 894 4280; x_wconf 78' lang='grc' dir='ltr'>Καμπα·</span> 
     </span>
     <span class='ocr_line' id='line_1_41' title="bbox 113 4292 894 4375; baseline -0.003 -20"><span class='ocrx_word' id='word_1_303' title='bbox 113 4295 182 4368; x_wconf 73' lang='grc' dir='ltr'>νοθς,</span> <span class='ocrx_word' id='word_1_304' title='bbox 197 4300 242 4357; x_wconf 79' lang='grc' dir='ltr'>καί</span> <span class='ocrx_word' id='word_1_305' title='bbox 257 4296 388 4365; x_wconf 66' lang='lat' dir='ltr'><strong>tetiam&lt;</strong></span> <span class='ocrx_word' id='word_1_306' title='bbox 401 4294 448 4356; x_wconf 82' lang='grc' dir='ltr'>καλ</span> <span class='ocrx_word' id='word_1_307' title='bbox 461 4292 635 4375; x_wconf 60' lang='lat' dir='ltr'><strong>’optumae</strong></span> <span class='ocrx_word' id='word_1_308' title='bbox 649 4294 696 4352; x_wconf 83' lang='grc' dir='ltr'>καλ</span> <span class='ocrx_word' id='word_1_309' title='bbox 709 4293 894 4363; x_wconf 78' lang='grc' dir='ltr'>Οὐολούσκους</span> 
     </span>
     <span class='ocr_line' id='line_1_42' title="bbox 57 4382 893 4465; baseline -0.005 -18"><span class='ocrx_word' id='word_1_310' title='bbox 57 4411 86 4447; x_wconf 86' lang='lat' dir='ltr'><strong>ao</strong></span> <span class='ocrx_word' id='word_1_311' title='bbox 114 4386 159 4445; x_wconf 80' lang='grc' dir='ltr'>καί</span> <span class='ocrx_word' id='word_1_312' title='bbox 182 4388 382 4465; x_wconf 81' lang='grc' dir='ltr'>λίαρουγιιίνους</span> <span class='ocrx_word' id='word_1_313' title='bbox 403 4384 450 4445; x_wconf 79' lang='grc' dir='ltr'>καί</span> <span class='ocrx_word' id='word_1_314' title='bbox 473 4384 620 4463; x_wconf 82' lang='grc' dir='ltr'>Πελίγνους</span> <span class='ocrx_word' id='word_1_315' title='bbox 633 4384 679 4443; x_wconf 77' lang='grc' dir='ltr'>καί</span> <span class='ocrx_word' id='word_1_316' title='bbox 701 4382 893 4464; x_wconf 83' lang='grc' dir='ltr'>Φερεντανοθς,</span> 
     </span>
     <span class='ocr_line' id='line_1_43' title="bbox 114 4473 895 4553; baseline -0.003 -17"><span class='ocrx_word' id='word_1_317' title='bbox 114 4474 160 4536; x_wconf 85' lang='grc' dir='ltr'>καλ</span> <span class='ocrx_word' id='word_1_318' title='bbox 185 4474 246 4544; x_wconf 76' lang='grc' dir='ltr'>τούς</span> <span class='ocrx_word' id='word_1_319' title='bbox 269 4478 364 4543; x_wconf 79' lang='grc' dir='ltr'>ἄλλους</span> <span class='ocrx_word' id='word_1_320' title='bbox 387 4473 535 4547; x_wconf 78' lang='grc' dir='ltr'>θπηιιόους,</span> <span class='ocrx_word' id='word_1_321' title='bbox 558 4476 595 4542; x_wconf 73' lang='grc' dir='ltr'>τίς</span> <span class='ocrx_word' id='word_1_322' title='bbox 626 4478 740 4553; x_wconf 86' lang='grc' dir='ltr'>τέτταρα</span> <span class='ocrx_word' id='word_1_323' title='bbox 765 4473 895 4544; x_wconf 83' lang='grc' dir='ltr'>διελόντες</span> 
     </span>
     <span class='ocr_line' id='line_1_44' title="bbox 115 4557 895 4642; baseline -0.004 -17"><span class='ocrx_word' id='word_1_324' title='bbox 115 4572 202 4642; x_wconf 76' lang='grc' dir='ltr'>μέρη,</span> <span class='ocrx_word' id='word_1_325' title='bbox 216 4566 271 4631; x_wconf 76' lang='grc' dir='ltr'>τοῖς</span> <span class='ocrx_word' id='word_1_326' title='bbox 284 4563 450 4639; x_wconf 80' lang='grc' dir='ltr'>Ῥωμαὶκοῖς</span> <span class='ocrx_word' id='word_1_327' title='bbox 475 4560 657 4641; x_wconf 76' lang='grc' dir='ltr'>παρινίόαλον</span> <span class='ocrx_word' id='word_1_328' title='bbox 683 4561 835 4640; x_wconf 84' lang='grc' dir='ltr'>τάγμασιν,</span> <span class='ocrx_word' id='word_1_329' title='bbox 849 4557 895 4623; x_wconf 81' lang='grc' dir='ltr'>ίνα</span> 
     </span>
     <span class='ocr_line' id='line_1_45' title="bbox 115 4649 894 4730; baseline 0 -21"><span class='ocrx_word' id='word_1_330' title='bbox 115 4652 196 4728; x_wconf 82' lang='grc' dir='ltr'>μηδὲν</span> <span class='ocrx_word' id='word_1_331' title='bbox 209 4654 296 4720; x_wconf 70' lang='grc' dir='ltr'>αὐτοῖς</span> <span class='ocrx_word' id='word_1_332' title='bbox 316 4651 423 4718; x_wconf 78' lang='grc' dir='ltr'>άσθενλς</span> <span class='ocrx_word' id='word_1_333' title='bbox 437 4649 479 4724; x_wconf 75' lang='grc' dir='ltr'>εἴη</span> <span class='ocrx_word' id='word_1_334' title='bbox 501 4651 588 4730; x_wconf 81' lang='grc' dir='ltr'>μέρος.</span> <span class='ocrx_word' id='word_1_335' title='bbox 634 4650 694 4723; x_wconf 75' lang='grc' dir='ltr'>Τὴν</span> <span class='ocrx_word' id='word_1_336' title='bbox 708 4651 736 4711; x_wconf 83' lang='lat' dir='ltr'><strong>tl</strong></span> <span class='ocrx_word' id='word_1_337' title='bbox 748 4649 833 4710; x_wconf 73' lang='grc' dir='ltr'>ἵππον</span> <span class='ocrx_word' id='word_1_338' title='bbox 845 4650 894 4723; x_wconf 78' lang='grc' dir='ltr'>τήν</span> 
     </span>
     <span class='ocr_line' id='line_1_46' title="bbox 113 4739 894 4821; baseline -0.001 -20"><span class='ocrx_word' id='word_1_339' title='bbox 113 4744 139 4801; x_wconf 83' lang='grc' dir='ltr'>τ’</span> <span class='ocrx_word' id='word_1_340' title='bbox 153 4742 250 4801; x_wconf 85' lang='grc' dir='ltr'>οίκείαν</span> <span class='ocrx_word' id='word_1_341' title='bbox 267 4740 313 4800; x_wconf 83' lang='grc' dir='ltr'>καί</span> <span class='ocrx_word' id='word_1_342' title='bbox 327 4741 376 4813; x_wconf 77' lang='grc' dir='ltr'>τὴν</span> <span class='ocrx_word' id='word_1_343' title='bbox 388 4739 563 4821; x_wconf 59' lang='grc' dir='ltr'>συμμαχικὴν</span> <span class='ocrx_word' id='word_1_344' title='bbox 580 4739 724 4817; x_wconf 79' lang='grc' dir='ltr'>διελόντες,</span> <span class='ocrx_word' id='word_1_345' title='bbox 745 4742 787 4801; x_wconf 79' lang='lat' dir='ltr'><strong>tn&#39;</strong></span> <span class='ocrx_word' id='word_1_346' title='bbox 806 4743 894 4821; x_wconf 84' lang='grc' dir='ltr'>άμφο·</span> 
     </span>
     <span class='ocr_line' id='line_1_47' title="bbox 58 4827 894 4911; baseline -0.001 -21"><span class='ocrx_word' id='word_1_347' title='bbox 58 4849 87 4884; x_wconf 73' lang='grc' dir='ltr'>εν</span> <span class='ocrx_word' id='word_1_348' title='bbox 115 4830 198 4909; x_wconf 78' lang='grc' dir='ltr'>τάρων</span> <span class='ocrx_word' id='word_1_349' title='bbox 207 4828 302 4900; x_wconf 69' lang='grc' dir='ltr'>ἔταξαν</span> <span class='ocrx_word' id='word_1_350' title='bbox 311 4835 364 4892; x_wconf 79' lang='grc' dir='ltr'>τῶν</span> <span class='ocrx_word' id='word_1_351' title='bbox 376 4828 505 4911; x_wconf 83' lang='grc' dir='ltr'>κεράτων.</span> <span class='ocrx_word' id='word_1_352' title='bbox 534 4828 629 4896; x_wconf 82' lang='grc' dir='ltr'>Ἔκτθς</span> <span class='ocrx_word' id='word_1_353' title='bbox 643 4827 852 4898; x_wconf 63' lang='lat' dir='ltr'><strong>aletheum&lt;</strong></span> <span class='ocrx_word' id='word_1_354' title='bbox 865 4852 894 4889; x_wconf 92' lang='grc' dir='ltr'>τε</span> 
     </span>
     <span class='ocr_line' id='line_1_48' title="bbox 114 4917 894 4999; baseline 0.004 -23"><span class='ocrx_word' id='word_1_355' title='bbox 114 4917 206 4999; x_wconf 69' lang='grc' dir='ltr'>ψιλούς</span> <span class='ocrx_word' id='word_1_356' title='bbox 228 4923 395 4992; x_wconf 85' lang='grc' dir='ltr'>κατέστησαν</span> <span class='ocrx_word' id='word_1_357' title='bbox 409 4918 455 4979; x_wconf 83' lang='grc' dir='ltr'>καί</span> <span class='ocrx_word' id='word_1_358' title='bbox 470 4919 517 4985; x_wconf 80' lang='grc' dir='ltr'>τάς</span> <span class='ocrx_word' id='word_1_359' title='bbox 540 4917 660 4996; x_wconf 81' lang='grc' dir='ltr'>άμοίξας,</span> <span class='ocrx_word' id='word_1_360' title='bbox 682 4917 837 4999; x_wconf 89' lang='grc' dir='ltr'>τριακοσίας</span> <span class='ocrx_word' id='word_1_361' title='bbox 848 4918 894 4979; x_wconf 79' lang='grc' dir='ltr'>τόν</span> 
     </span>
     <span class='ocr_line' id='line_1_49' title="bbox 116 5004 893 5090; baseline 0 -23"><span class='ocrx_word' id='word_1_362' title='bbox 116 5008 244 5090; x_wconf 81' lang='grc' dir='ltr'>άριθμόν,</span> <span class='ocrx_word' id='word_1_363' title='bbox 259 5013 291 5075; x_wconf 75' lang='lat' dir='ltr'>te</span> <span class='ocrx_word' id='word_1_364' title='bbox 312 5004 544 5083; x_wconf 82' lang='grc' dir='ltr'>παρεσκευάσαντο</span> <span class='ocrx_word' id='word_1_365' title='bbox 565 5008 632 5085; x_wconf 77' lang='grc' dir='ltr'>πρὸς</span> <span class='ocrx_word' id='word_1_366' title='bbox 650 5004 699 5078; x_wconf 71' lang='grc' dir='ltr'>τὴν</span> <span class='ocrx_word' id='word_1_367' title='bbox 714 5009 767 5065; x_wconf 74' lang='grc' dir='ltr'>τῶν</span> <span class='ocrx_word' id='word_1_368' title='bbox 783 5007 893 5089; x_wconf 80' lang='grc' dir='ltr'>ίλεφάν·</span> 
     </span>
     <span class='ocr_line' id='line_1_50' title="bbox 114 5084 894 5177; baseline 0 -20"><span class='ocrx_word' id='word_1_369' title='bbox 114 5120 167 5157; x_wconf 78' lang='grc' dir='ltr'>ταν</span> <span class='ocrx_word' id='word_1_370' title='bbox 184 5095 286 5177; x_wconf 71' lang='grc' dir='ltr'>μάχην.</span> <span class='ocrx_word' id='word_1_371' title='bbox 317 5088 406 5159; x_wconf 75' lang='grc' dir='ltr'>Λίται</span> <span class='ocrx_word' id='word_1_372' title='bbox 418 5102 527 5176; x_wconf 84' lang='grc' dir='ltr'>κεραίας</span> <span class='ocrx_word' id='word_1_373' title='bbox 551 5084 624 5175; x_wconf 74' lang='grc' dir='ltr'>εἶχον</span> <span class='ocrx_word' id='word_1_374' title='bbox 639 5094 829 5167; x_wconf 80' lang='grc' dir='ltr'>ίπιόιθηκυίας</span> <span class='ocrx_word' id='word_1_375' title='bbox 839 5096 894 5157; x_wconf 86' lang='grc' dir='ltr'>κά-</span> 
     </span>
     <span class='ocr_line' id='line_1_51' title="bbox 117 5184 895 5267; baseline -0.008 -6"><span class='ocrx_word' id='word_1_376' title='bbox 117 5185 196 5261; x_wconf 67' lang='lat' dir='ltr'><strong>pato</strong></span> <span class='ocrx_word' id='word_1_377' title='bbox 210 5188 294 5265; x_wconf 60' lang='lat' dir='ltr'><strong>upton</strong></span> <span class='ocrx_word' id='word_1_378' title='bbox 312 5186 441 5264; x_wconf 58' lang='lat' dir='ltr'><strong>stupae,</strong></span> <span class='ocrx_word' id='word_1_379' title='bbox 457 5184 612 5267; x_wconf 67' lang='grc' dir='ltr'>ὦτνίκνκ,</span> <span class='ocrx_word' id='word_1_380' title='bbox 625 5184 679 5258; x_wconf 74' lang='lat' dir='ltr'><strong>lm</strong></span> <span class='ocrx_word' id='word_1_381' title='bbox 696 5185 838 5264; x_wconf 74' lang='grc' dir='ltr'>θννλνθύο</span> <span class='ocrx_word' id='word_1_382' title='bbox 855 5208 895 5255; x_wconf 76' lang='grc' dir='ltr'>τις</span> 
     </span>
     <span class='ocr_line' id='line_1_52' title="bbox 61 5272 893 5357; baseline 0.004 -24"><span class='ocrx_word' id='word_1_383' title='bbox 61 5289 89 5327; x_wconf 79' lang='lat' dir='ltr'>aa</span> <span class='ocrx_word' id='word_1_384' title='bbox 116 5277 175 5355; x_wconf 72' lang='grc' dir='ltr'>ἅμα</span> <span class='ocrx_word' id='word_1_385' title='bbox 189 5277 303 5352; x_wconf 78' lang='grc' dir='ltr'>νοήματι</span> <span class='ocrx_word' id='word_1_386' title='bbox 316 5277 488 5356; x_wconf 83' lang='grc' dir='ltr'>περιάγεσθαι</span> <span class='ocrx_word' id='word_1_387' title='bbox 507 5278 674 5353; x_wconf 67' lang='grc' dir='ltr'>δυναμένας·</span> <span class='ocrx_word' id='word_1_388' title='bbox 691 5272 733 5333; x_wconf 69' lang='grc' dir='ltr'>(τ’</span> <span class='ocrx_word' id='word_1_389' title='bbox 755 5275 845 5357; x_wconf 74' lang='grc' dir='ltr'>ἄκρων</span> <span class='ocrx_word' id='word_1_390' title='bbox 865 5272 893 5336; x_wconf 80' lang='lat' dir='ltr'>tt</span> 
     </span>
    </p>
   </div>
   <div class='ocr_carea' id='block_1_16' title="bbox 945 925 1730 2279">
    <p class='ocr_par' dir='ltr' id='par_1_17' title="bbox 948 925 1726 1082">
     <span class='ocr_line' id='line_1_53' title="bbox 978 925 1726 993; baseline 0.005 -15"><span class='ocrx_word' id='word_1_391' title='bbox 978 928 1001 978; x_wconf 90' lang='lat'>1.</span> <span class='ocrx_word' id='word_1_392' title='bbox 1020 925 1054 992; x_wconf 88' lang='lat' dir='ltr'>(i)</span> <span class='ocrx_word' id='word_1_393' title='bbox 1069 926 1166 993; x_wconf 75' lang='lat' dir='ltr'><strong>[Pyrrhi</strong></span> <span class='ocrx_word' id='word_1_394' title='bbox 1180 929 1381 978; x_wconf 84' lang='lat' dir='ltr'><strong>etliomanorum</strong></span> <span class='ocrx_word' id='word_1_395' title='bbox 1400 927 1530 979; x_wconf 85' lang='lat' dir='ltr'><strong>consulum</strong></span> <span class='ocrx_word' id='word_1_396' title='bbox 1552 930 1635 981; x_wconf 85' lang='lat' dir='ltr'>Publii</span> <span class='ocrx_word' id='word_1_397' title='bbox 1654 932 1726 982; x_wconf 80' lang='lat' dir='ltr'>Decii</span> 
     </span>
     <span class='ocr_line' id='line_1_54' title="bbox 948 1015 1327 1082; baseline 0.003 -16"><span class='ocrx_word' id='word_1_398' title='bbox 948 1017 973 1066; x_wconf 90' lang='lat' dir='ltr'>et</span> <span class='ocrx_word' id='word_1_399' title='bbox 985 1015 1067 1067; x_wconf 84' lang='lat' dir='ltr'><strong>Publii</strong></span> <span class='ocrx_word' id='word_1_400' title='bbox 1079 1016 1179 1082; x_wconf 83' lang='lat' dir='ltr'><strong>Sulpicii</strong></span> <span class='ocrx_word' id='word_1_401' title='bbox 1192 1016 1327 1082; x_wconf 77' lang='lat' dir='ltr'><strong>praelium]</strong></span> 
     </span>
    </p>

    <p class='ocr_par' dir='ltr' id='par_1_18' title="bbox 945 1104 1730 2279">
     <span class='ocr_line' id='line_1_55' title="bbox 979 1104 1728 1172; baseline 0.008 -18"><span class='ocrx_word' id='word_1_402' title='bbox 979 1104 1012 1168; x_wconf 77' lang='lat' dir='ltr'><strong>(a)</strong></span> <span class='ocrx_word' id='word_1_403' title='bbox 1020 1105 1162 1156; x_wconf 88' lang='lat' dir='ltr'><strong>Constituto</strong></span> <span class='ocrx_word' id='word_1_404' title='bbox 1170 1120 1214 1170; x_wconf 86' lang='lat' dir='ltr'>per</span> <span class='ocrx_word' id='word_1_405' title='bbox 1220 1118 1345 1169; x_wconf 73' lang='lat' dir='ltr'><strong>praecones</strong></span> <span class='ocrx_word' id='word_1_406' title='bbox 1352 1109 1473 1170; x_wconf 88' lang='lat' dir='ltr'><strong>tempore,</strong></span> <span class='ocrx_word' id='word_1_407' title='bbox 1480 1121 1531 1172; x_wconf 83' lang='lat' dir='ltr'>quo</span> <span class='ocrx_word' id='word_1_408' title='bbox 1538 1108 1652 1172; x_wconf 87' lang='lat' dir='ltr'><strong>proelium</strong></span> <span class='ocrx_word' id='word_1_409' title='bbox 1660 1123 1728 1160; x_wconf 90' lang='lat' dir='ltr'><strong>com-</strong></span> 
     </span>
     <span class='ocr_line' id='line_1_56' title="bbox 947 1196 1728 1262; baseline 0.01 -17"><span class='ocrx_word' id='word_1_410' title='bbox 947 1196 1107 1256; x_wconf 88' lang='lat' dir='ltr'><strong>miltcrenl,e</strong></span> <span class='ocrx_word' id='word_1_411' title='bbox 1120 1197 1209 1246; x_wconf 84' lang='lat' dir='ltr'><strong>eastris</strong></span> <span class='ocrx_word' id='word_1_412' title='bbox 1222 1197 1345 1262; x_wconf 78' lang='lat' dir='ltr'><strong>progressi</strong></span> <span class='ocrx_word' id='word_1_413' title='bbox 1366 1197 1445 1248; x_wconf 83' lang='lat' dir='ltr'><strong>actem</strong></span> <span class='ocrx_word' id='word_1_414' title='bbox 1465 1198 1642 1250; x_wconf 85' lang='lat' dir='ltr'><strong>instruxerunt</strong></span> <span class='ocrx_word' id='word_1_415' title='bbox 1661 1201 1728 1253; x_wconf 86' lang='lat' dir='ltr'><strong>huuc</strong></span> 
     </span>
     <span class='ocr_line' id='line_1_57' title="bbox 947 1286 1729 1354; baseline 0.008 -18"><span class='ocrx_word' id='word_1_416' title='bbox 947 1287 973 1337; x_wconf 91' lang='lat' dir='ltr'><strong>in</strong></span> <span class='ocrx_word' id='word_1_417' title='bbox 982 1286 1092 1337; x_wconf 79' lang='lat' dir='ltr'><strong>moduni.</strong></span> <span class='ocrx_word' id='word_1_418' title='bbox 1107 1288 1140 1348; x_wconf 87' lang='grc'>(3)</span> <span class='ocrx_word' id='word_1_419' title='bbox 1153 1287 1262 1350; x_wconf 82' lang='lat' dir='ltr'>Pyrrhus</span> <span class='ocrx_word' id='word_1_420' title='bbox 1276 1302 1320 1339; x_wconf 77' lang='lat' dir='ltr'>rex</span> <span class='ocrx_word' id='word_1_421' title='bbox 1336 1288 1458 1340; x_wconf 79' lang='lat' dir='ltr'><strong>indeutro</strong></span> <span class='ocrx_word' id='word_1_422' title='bbox 1469 1304 1546 1341; x_wconf 89' lang='lat' dir='ltr'><strong>cornu</strong></span> <span class='ocrx_word' id='word_1_423' title='bbox 1558 1292 1662 1354; x_wconf 86' lang='lat' dir='ltr'><strong>primam</strong></span> <span class='ocrx_word' id='word_1_424' title='bbox 1677 1291 1729 1343; x_wconf 91' lang='lat' dir='ltr'><strong>col·</strong></span> 
     </span>
     <span class='ocr_line' id='line_1_58' title="bbox 945 1376 1726 1445; baseline 0.008 -17"><span class='ocrx_word' id='word_1_425' title='bbox 945 1376 1038 1429; x_wconf 85' lang='lat' dir='ltr'><strong>locavit</strong></span> <span class='ocrx_word' id='word_1_426' title='bbox 1056 1378 1204 1443; x_wconf 76' lang='lat' dir='ltr'><strong>phalangem</strong></span> <span class='ocrx_word' id='word_1_427' title='bbox 1226 1379 1425 1440; x_wconf 72' lang='lat' dir='ltr'><strong>Macedonicum,</strong></span> <span class='ocrx_word' id='word_1_428' title='bbox 1443 1384 1500 1445; x_wconf 85' lang='lat' dir='ltr'><strong>post</strong></span> <span class='ocrx_word' id='word_1_429' title='bbox 1511 1394 1566 1431; x_wconf 86' lang='lat' dir='ltr'>eam</span> <span class='ocrx_word' id='word_1_430' title='bbox 1580 1383 1726 1434; x_wconf 80' lang='lat' dir='ltr'><strong>Tarentino·</strong></span> 
     </span>
     <span class='ocr_line' id='line_1_59' title="bbox 947 1474 1728 1539; baseline 0.006 -15"><span class='ocrx_word' id='word_1_431' title='bbox 947 1486 1004 1524; x_wconf 88' lang='lat' dir='ltr'><strong>rum</strong></span> <span class='ocrx_word' id='word_1_432' title='bbox 1018 1475 1184 1526; x_wconf 82' lang='lat' dir='ltr'><strong>mercenarios</strong></span> <span class='ocrx_word' id='word_1_433' title='bbox 1204 1475 1294 1536; x_wconf 81' lang='lat' dir='ltr'><strong>italos3</strong></span> <span class='ocrx_word' id='word_1_434' title='bbox 1322 1474 1438 1539; x_wconf 80' lang='lat' dir='ltr'><strong>deinceps</strong></span> <span class='ocrx_word' id='word_1_435' title='bbox 1459 1475 1646 1535; x_wconf 57' lang='lat' dir='ltr'><strong>Ambraciotam</strong></span> <span class='ocrx_word' id='word_1_436' title='bbox 1675 1481 1728 1529; x_wconf 86' lang='lat' dir='ltr'>tum</span> 
     </span>
     <span class='ocr_line' id='line_1_60' title="bbox 946 1563 1728 1630; baseline 0.008 -18"><span class='ocrx_word' id='word_1_437' title='bbox 946 1564 1135 1614; x_wconf 86' lang='lat' dir='ltr'><strong>Tarentinorum</strong></span> <span class='ocrx_word' id='word_1_438' title='bbox 1155 1563 1301 1630; x_wconf 76' lang='lat' dir='ltr'><strong>phalangem</strong></span> <span class='ocrx_word' id='word_1_439' title='bbox 1319 1567 1392 1614; x_wconf 86' lang='lat' dir='ltr'><strong>scuto</strong></span> <span class='ocrx_word' id='word_1_440' title='bbox 1405 1563 1461 1615; x_wconf 86' lang='lat' dir='ltr'><strong>alhs</strong></span> <span class='ocrx_word' id='word_1_441' title='bbox 1473 1567 1613 1629; x_wconf 68' lang='lat' dir='ltr'><strong>gerentem</strong></span> <span class='ocrx_word' id='word_1_442' title='bbox 1638 1566 1728 1618; x_wconf 81' lang='lat' dir='ltr'><strong>exinde</strong></span> 
     </span>
     <span class='ocr_line' id='line_1_61' title="bbox 947 1654 1729 1723; baseline 0.005 -19"><span class='ocrx_word' id='word_1_443' title='bbox 947 1654 1099 1706; x_wconf 83' lang='lat' dir='ltr'><strong>Bmltiornm</strong></span> <span class='ocrx_word' id='word_1_444' title='bbox 1109 1661 1136 1706; x_wconf 91' lang='lat' dir='ltr'>et</span> <span class='ocrx_word' id='word_1_445' title='bbox 1151 1659 1306 1707; x_wconf 77' lang='lat' dir='ltr'>Lucanorum</span> <span class='ocrx_word' id='word_1_446' title='bbox 1318 1670 1419 1708; x_wconf 86' lang='lat' dir='ltr'><strong>manum</strong></span> <span class='ocrx_word' id='word_1_447' title='bbox 1430 1657 1584 1709; x_wconf 84' lang='lat' dir='ltr'><strong>auxiliarem.</strong></span> <span class='ocrx_word' id='word_1_448' title='bbox 1599 1658 1634 1723; x_wconf 80' lang='lat' dir='ltr'>(l)</span> <span class='ocrx_word' id='word_1_449' title='bbox 1647 1659 1729 1710; x_wconf 81' lang='lat' dir='ltr'><strong>Media</strong></span> 
     </span>
     <span class='ocr_line' id='line_1_62' title="bbox 947 1748 1728 1815; baseline 0.008 -19"><span class='ocrx_word' id='word_1_450' title='bbox 947 1759 1007 1797; x_wconf 84' lang='lat' dir='ltr'><strong>vero</strong></span> <span class='ocrx_word' id='word_1_451' title='bbox 1025 1748 1050 1798; x_wconf 88' lang='lat' dir='ltr'><strong>in</strong></span> <span class='ocrx_word' id='word_1_452' title='bbox 1069 1748 1123 1799; x_wconf 88' lang='lat' dir='ltr'><strong>acie</strong></span> <span class='ocrx_word' id='word_1_453' title='bbox 1136 1749 1285 1813; x_wconf 86' lang='lat' dir='ltr'><strong>Thespmtos</strong></span> <span class='ocrx_word' id='word_1_454' title='bbox 1298 1754 1325 1801; x_wconf 90' lang='lat' dir='ltr'>et</span> <span class='ocrx_word' id='word_1_455' title='bbox 1337 1749 1468 1812; x_wconf 82' lang='lat' dir='ltr'><strong>Chaones,</strong></span> <span class='ocrx_word' id='word_1_456' title='bbox 1484 1751 1577 1815; x_wconf 88' lang='lat' dir='ltr'><strong>quihus</strong></span> <span class='ocrx_word' id='word_1_457' title='bbox 1596 1752 1728 1803; x_wconf 85' lang='lat' dir='ltr'><strong>continuos</strong></span> 
     </span>
     <span class='ocr_line' id='line_1_63' title="bbox 946 1840 1730 1903; baseline 0.008 -13"><span class='ocrx_word' id='word_1_458' title='bbox 946 1840 1074 1903; x_wconf 78' lang='lat' dir='ltr'><strong>subjunxit</strong></span> <span class='ocrx_word' id='word_1_459' title='bbox 1098 1842 1262 1892; x_wconf 77' lang='lat' dir='ltr'><strong>nraroenarios</strong></span> <span class='ocrx_word' id='word_1_460' title='bbox 1289 1842 1446 1903; x_wconf 81' lang='lat' dir='ltr'><strong>AEtoiorum,</strong></span> <span class='ocrx_word' id='word_1_461' title='bbox 1468 1846 1494 1893; x_wconf 89' lang='lat' dir='ltr'>et</span> <span class='ocrx_word' id='word_1_462' title='bbox 1516 1846 1673 1895; x_wconf 77' lang='lat' dir='ltr'><strong>Acarnanum</strong></span> <span class='ocrx_word' id='word_1_463' title='bbox 1701 1849 1730 1896; x_wconf 92' lang='lat' dir='ltr'>et</span> 
     </span>
     <span class='ocr_line' id='line_1_64' title="bbox 947 1932 1729 2000; baseline 0.006 -18"><span class='ocrx_word' id='word_1_464' title='bbox 947 1932 1126 1995; x_wconf 67' lang='lat' dir='ltr'><strong>Athamanum</strong></span> <span class='ocrx_word' id='word_1_465' title='bbox 1140 1938 1278 2000; x_wconf 87' lang='lat' dir='ltr'><strong>postremos</strong></span> <span class='ocrx_word' id='word_1_466' title='bbox 1287 1935 1400 1986; x_wconf 88' lang='lat' dir='ltr'><strong>omnium</strong></span> <span class='ocrx_word' id='word_1_467' title='bbox 1417 1935 1510 1986; x_wconf 84' lang='lat' dir='ltr'><strong>locarit</strong></span> <span class='ocrx_word' id='word_1_468' title='bbox 1532 1937 1656 1987; x_wconf 87' lang='lat' dir='ltr'><strong>samnitas</strong></span> <span class='ocrx_word' id='word_1_469' title='bbox 1666 1975 1672 1992; x_wconf 86' lang='lat'><strong>,</strong></span> <span class='ocrx_word' id='word_1_470' title='bbox 1684 1938 1729 1999; x_wconf 88' lang='lat' dir='ltr'>qui</span> 
     </span>
     <span class='ocr_line' id='line_1_65' title="bbox 947 2021 1730 2089; baseline 0.006 -17"><span class='ocrx_word' id='word_1_471' title='bbox 947 2021 1038 2074; x_wconf 76' lang='lat' dir='ltr'><strong>laevum</strong></span> <span class='ocrx_word' id='word_1_472' title='bbox 1051 2038 1128 2075; x_wconf 87' lang='lat' dir='ltr'><strong>nomn</strong></span> <span class='ocrx_word' id='word_1_473' title='bbox 1138 2025 1275 2089; x_wconf 77' lang='lat' dir='ltr'><strong>explerunt.</strong></span> <span class='ocrx_word' id='word_1_474' title='bbox 1293 2024 1396 2088; x_wconf 75' lang='lat' dir='ltr'><strong>Equites</strong></span> <span class='ocrx_word' id='word_1_475' title='bbox 1409 2027 1494 2076; x_wconf 87' lang='lat' dir='ltr'><strong>autem</strong></span> <span class='ocrx_word' id='word_1_476' title='bbox 1506 2026 1638 2087; x_wconf 83' lang='lat' dir='ltr'><strong>Samnitas,</strong></span> <span class='ocrx_word' id='word_1_477' title='bbox 1653 2025 1730 2078; x_wconf 82' lang='lat' dir='ltr'><strong>Thes·</strong></span> 
     </span>
     <span class='ocr_line' id='line_1_66' title="bbox 946 2116 1727 2182; baseline 0.005 -16"><span class='ocrx_word' id='word_1_478' title='bbox 946 2116 1027 2180; x_wconf 89' lang='lat' dir='ltr'><strong>salos,</strong></span> <span class='ocrx_word' id='word_1_479' title='bbox 1042 2118 1160 2178; x_wconf 84' lang='lat' dir='ltr'><strong>Bruttios,</strong></span> <span class='ocrx_word' id='word_1_480' title='bbox 1170 2120 1268 2182; x_wconf 88' lang='lat' dir='ltr'><strong>etqnos</strong></span> <span class='ocrx_word' id='word_1_481' title='bbox 1279 2117 1394 2168; x_wconf 84' lang='lat' dir='ltr'><strong>mercede</strong></span> <span class='ocrx_word' id='word_1_482' title='bbox 1402 2117 1528 2168; x_wconf 85' lang='lat' dir='ltr'><strong>Tarentini</strong></span> <span class='ocrx_word' id='word_1_483' title='bbox 1542 2119 1727 2182; x_wconf 81' lang='lat' dir='ltr'><strong>conduxerant,</strong></span> 
     </span>
     <span class='ocr_line' id='line_1_67' title="bbox 946 2207 1729 2279; baseline 0.006 -21"><span class='ocrx_word' id='word_1_484' title='bbox 946 2208 977 2258; x_wconf 80' lang='lat' dir='ltr'><strong>aci</strong></span> <span class='ocrx_word' id='word_1_485' title='bbox 990 2207 1109 2260; x_wconf 83' lang='lat' dir='ltr'><strong>dextrum</strong></span> <span class='ocrx_word' id='word_1_486' title='bbox 1122 2222 1198 2260; x_wconf 87' lang='lat' dir='ltr'><strong>eornu</strong></span> <span class='ocrx_word' id='word_1_487' title='bbox 1205 2229 1213 2279; x_wconf 70' lang='grc' dir='ltr'>γ</span> <span class='ocrx_word' id='word_1_488' title='bbox 1230 2208 1419 2273; x_wconf 69' lang='lat' dir='ltr'><strong>Ambracium,</strong></span> <span class='ocrx_word' id='word_1_489' title='bbox 1429 2211 1576 2262; x_wconf 86' lang='lat' dir='ltr'><strong>Tarentinus</strong></span> <span class='ocrx_word' id='word_1_490' title='bbox 1590 2216 1616 2262; x_wconf 89' lang='lat' dir='ltr'>et</span> <span class='ocrx_word' id='word_1_491' title='bbox 1627 2212 1729 2263; x_wconf 79' lang='lat' dir='ltr'><strong>Graecos</strong></span> 
     </span>
    </p>
   </div>
   <div class='ocr_carea' id='block_1_17' title="bbox 945 2300 1729 3080">
    <p class='ocr_par' dir='ltr' id='par_1_19' title="bbox 945 2300 1729 3080">
     <span class='ocr_line' id='line_1_68' title="bbox 946 2300 1728 2367; baseline 0.004 -15"><span class='ocrx_word' id='word_1_492' title='bbox 946 2300 1125 2363; x_wconf 84' lang='lat' dir='ltr'><strong>mercenarios,</strong></span> <span class='ocrx_word' id='word_1_493' title='bbox 1146 2315 1212 2367; x_wconf 85' lang='lat' dir='ltr'><strong>quos</strong></span> <span class='ocrx_word' id='word_1_494' title='bbox 1227 2301 1380 2367; x_wconf 81' lang='lat' dir='ltr'><strong>complerunt</strong></span> <span class='ocrx_word' id='word_1_495' title='bbox 1395 2306 1552 2362; x_wconf 70' lang='lat' dir='ltr'><strong>Acarnanes,</strong></span> <span class='ocrx_word' id='word_1_496' title='bbox 1567 2303 1651 2366; x_wconf 82' lang='lat' dir='ltr'><strong>AEtoli,</strong></span> <span class='ocrx_word' id='word_1_497' title='bbox 1674 2305 1728 2355; x_wconf 87' lang='lat' dir='ltr'><strong>hla-</strong></span> 
     </span>
     <span class='ocr_line' id='line_1_69' title="bbox 946 2389 1728 2459; baseline 0.009 -20"><span class='ocrx_word' id='word_1_498' title='bbox 946 2389 1070 2451; x_wconf 80' lang='lat' dir='ltr'><strong>cedones,</strong></span> <span class='ocrx_word' id='word_1_499' title='bbox 1086 2390 1252 2453; x_wconf 76' lang='lat' dir='ltr'><strong>Athamanes,</strong></span> <span class='ocrx_word' id='word_1_500' title='bbox 1274 2392 1307 2443; x_wconf 84' lang='lat' dir='ltr'>su</span> <span class='ocrx_word' id='word_1_501' title='bbox 1328 2394 1420 2444; x_wconf 79' lang='lat' dir='ltr'><strong>iurum</strong></span> <span class='ocrx_word' id='word_1_502' title='bbox 1432 2406 1511 2444; x_wconf 89' lang='lat' dir='ltr'><strong>comu</strong></span> <span class='ocrx_word' id='word_1_503' title='bbox 1525 2393 1662 2443; x_wconf 83' lang='lat' dir='ltr'><strong>constituit.</strong></span> <span class='ocrx_word' id='word_1_504' title='bbox 1695 2395 1728 2459; x_wconf 80' lang='lat'>(⁵)</span> 
     </span>
     <span class='ocr_line' id='line_1_70' title="bbox 945 2477 1728 2547; baseline 0.004 -18"><span class='ocrx_word' id='word_1_505' title='bbox 945 2478 1019 2529; x_wconf 84' lang='lat' dir='ltr'><strong>Loris</strong></span> <span class='ocrx_word' id='word_1_506' title='bbox 1029 2477 1136 2543; x_wconf 85' lang='lat' dir='ltr'><strong>denique</strong></span> <span class='ocrx_word' id='word_1_507' title='bbox 1149 2484 1284 2531; x_wconf 74' lang='lat' dir='ltr'><strong>armatura</strong></span> <span class='ocrx_word' id='word_1_508' title='bbox 1298 2480 1389 2533; x_wconf 77' lang='lat' dir='ltr'><strong>milites</strong></span> <span class='ocrx_word' id='word_1_509' title='bbox 1408 2485 1484 2547; x_wconf 89' lang='lat' dir='ltr'><strong>atque</strong></span> <span class='ocrx_word' id='word_1_510' title='bbox 1501 2482 1646 2546; x_wconf 90' lang='lat' dir='ltr'><strong>elephantos</strong></span> <span class='ocrx_word' id='word_1_511' title='bbox 1664 2482 1728 2532; x_wconf 87' lang='lat' dir='ltr'><strong>hila·</strong></span> 
     </span>
     <span class='ocr_line' id='line_1_71' title="bbox 946 2566 1727 2636; baseline 0.006 -19"><span class='ocrx_word' id='word_1_512' title='bbox 946 2566 1011 2618; x_wconf 88' lang='lat' dir='ltr'><strong>riam</strong></span> <span class='ocrx_word' id='word_1_513' title='bbox 1040 2566 1199 2631; x_wconf 81' lang='lat' dir='ltr'><strong>distribuens,</strong></span> <span class='ocrx_word' id='word_1_514' title='bbox 1223 2573 1280 2636; x_wconf 89' lang='lat' dir='ltr'><strong>post</strong></span> <span class='ocrx_word' id='word_1_515' title='bbox 1314 2574 1448 2635; x_wconf 88' lang='lat' dir='ltr'><strong>utrumque</strong></span> <span class='ocrx_word' id='word_1_516' title='bbox 1478 2571 1610 2622; x_wconf 86' lang='lat' dir='ltr'><strong>collocarit</strong></span> <span class='ocrx_word' id='word_1_517' title='bbox 1648 2585 1727 2622; x_wconf 88' lang='lat' dir='ltr'><strong>cornu</strong></span> 
     </span>
     <span class='ocr_line' id='line_1_72' title="bbox 945 2657 1729 2725; baseline 0.008 -19"><span class='ocrx_word' id='word_1_518' title='bbox 945 2657 1045 2708; x_wconf 83' lang='lat' dir='ltr'><strong>modico</strong></span> <span class='ocrx_word' id='word_1_519' title='bbox 1065 2657 1197 2709; x_wconf 81' lang='lat' dir='ltr'><strong>intervallo</strong></span> <span class='ocrx_word' id='word_1_520' title='bbox 1220 2662 1361 2723; x_wconf 83' lang='lat' dir='ltr'><strong>separatos,</strong></span> <span class='ocrx_word' id='word_1_521' title='bbox 1383 2660 1409 2708; x_wconf 91' lang='lat' dir='ltr'><strong>ln</strong></span> <span class='ocrx_word' id='word_1_522' title='bbox 1439 2660 1493 2709; x_wconf 90' lang='lat' dir='ltr'><strong>loeo</strong></span> <span class='ocrx_word' id='word_1_523' title='bbox 1518 2660 1562 2725; x_wconf 87' lang='lat' dir='ltr'>qui</span> <span class='ocrx_word' id='word_1_524' title='bbox 1590 2658 1729 2724; x_wconf 84' lang='lat' dir='ltr'><strong>paullulum</strong></span> 
     </span>
     <span class='ocr_line' id='line_1_73' title="bbox 945 2745 1727 2812; baseline 0.003 -16"><span class='ocrx_word' id='word_1_525' title='bbox 945 2745 1092 2810; x_wconf 78' lang='lat' dir='ltr'><strong>assurgebat</strong></span> <span class='ocrx_word' id='word_1_526' title='bbox 1104 2760 1118 2798; x_wconf 90' lang='lat' dir='ltr'>e</span> <span class='ocrx_word' id='word_1_527' title='bbox 1130 2747 1240 2812; x_wconf 87' lang='lat' dir='ltr'><strong>planitie.</strong></span> <span class='ocrx_word' id='word_1_528' title='bbox 1251 2749 1286 2811; x_wconf 87' lang='lat' dir='ltr'><strong>(a)</strong></span> <span class='ocrx_word' id='word_1_529' title='bbox 1295 2749 1351 2812; x_wconf 84' lang='lat' dir='ltr'><strong>ipae</strong></span> <span class='ocrx_word' id='word_1_530' title='bbox 1367 2750 1451 2799; x_wconf 88' lang='lat' dir='ltr'><strong>autem</strong></span> <span class='ocrx_word' id='word_1_531' title='bbox 1465 2750 1590 2811; x_wconf 77' lang='lat' dir='ltr'><strong>egerrime,</strong></span> <span class='ocrx_word' id='word_1_532' title='bbox 1604 2749 1670 2808; x_wconf 86' lang='lat' dir='ltr'><strong>ouod</strong></span> <span class='ocrx_word' id='word_1_533' title='bbox 1682 2763 1727 2798; x_wconf 87' lang='grc' dir='ltr'>νυ-</span> 
     </span>
     <span class='ocr_line' id='line_1_74' title="bbox 946 2839 1729 2905; baseline 0.003 -17"><span class='ocrx_word' id='word_1_534' title='bbox 946 2842 1012 2900; x_wconf 86' lang='lat' dir='ltr'><strong>cant,</strong></span> <span class='ocrx_word' id='word_1_535' title='bbox 1025 2839 1132 2903; x_wconf 83' lang='lat' dir='ltr'><strong>stipatus</strong></span> <span class='ocrx_word' id='word_1_536' title='bbox 1151 2840 1219 2905; x_wconf 88' lang='lat' dir='ltr'><strong>regio</strong></span> <span class='ocrx_word' id='word_1_537' title='bbox 1234 2839 1355 2892; x_wconf 88' lang='lat' dir='ltr'><strong>lectorum</strong></span> <span class='ocrx_word' id='word_1_538' title='bbox 1369 2840 1484 2903; x_wconf 80' lang='lat' dir='ltr'><strong>equitum</strong></span> <span class='ocrx_word' id='word_1_539' title='bbox 1500 2839 1540 2888; x_wconf 83' lang='lat' dir='ltr'><strong>hia</strong></span> <span class='ocrx_word' id='word_1_540' title='bbox 1552 2839 1619 2889; x_wconf 88' lang='lat' dir='ltr'><strong>mille</strong></span> <span class='ocrx_word' id='word_1_541' title='bbox 1630 2840 1729 2890; x_wconf 74' lang='grc' dir='ltr'>τίεσθαι·</span> 
     </span>
     <span class='ocr_line' id='line_1_75' title="bbox 946 2927 1727 2992; baseline 0.001 -15"><span class='ocrx_word' id='word_1_542' title='bbox 946 2940 1061 2988; x_wconf 88' lang='lat' dir='ltr'><strong>numero,</strong></span> <span class='ocrx_word' id='word_1_543' title='bbox 1071 2935 1142 2978; x_wconf 87' lang='lat' dir='ltr'><strong>extra</strong></span> <span class='ocrx_word' id='word_1_544' title='bbox 1151 2928 1250 2979; x_wconf 85' lang='lat' dir='ltr'><strong>ordines</strong></span> <span class='ocrx_word' id='word_1_545' title='bbox 1263 2927 1417 2987; x_wconf 83' lang='lat' dir='ltr'><strong>versabatur,</strong></span> <span class='ocrx_word' id='word_1_546' title='bbox 1428 2941 1479 2991; x_wconf 78' lang='lat' dir='ltr'>quo</span> <span class='ocrx_word' id='word_1_547' title='bbox 1493 2940 1539 2992; x_wconf 91' lang='lat' dir='ltr'>pre</span> <span class='ocrx_word' id='word_1_548' title='bbox 1551 2927 1590 2978; x_wconf 88' lang='lat' dir='ltr'><strong>uti</strong></span> <span class='ocrx_word' id='word_1_549' title='bbox 1600 2940 1659 2991; x_wconf 86' lang='lat' dir='ltr'><strong>pura</strong></span> <span class='ocrx_word' id='word_1_550' title='bbox 1667 2942 1727 2978; x_wconf 85' lang='lat' dir='ltr'><strong>auo·</strong></span> 
     </span>
     <span class='ocr_line' id='line_1_76' title="bbox 946 3015 1519 3080; baseline 0.009 -15"><span class='ocrx_word' id='word_1_551' title='bbox 946 3028 1003 3066; x_wconf 85' lang='lat' dir='ltr'><strong>rum</strong></span> <span class='ocrx_word' id='word_1_552' title='bbox 1012 3016 1138 3070; x_wconf 83' lang='lat' dir='ltr'><strong>laboraret</strong></span> <span class='ocrx_word' id='word_1_553' title='bbox 1147 3016 1248 3080; x_wconf 87' lang='lat' dir='ltr'><strong>alicubi,</strong></span> <span class='ocrx_word' id='word_1_554' title='bbox 1259 3017 1354 3069; x_wconf 84' lang='lat' dir='ltr'><strong>auxilio</strong></span> <span class='ocrx_word' id='word_1_555' title='bbox 1367 3016 1398 3068; x_wconf 84' lang='lat' dir='ltr'>iis</span> <span class='ocrx_word' id='word_1_556' title='bbox 1411 3015 1519 3070; x_wconf 85' lang='lat' dir='ltr'><strong>adesset.</strong></span> 
     </span>
    </p>
   </div>
   <div class='ocr_carea' id='block_1_18' title="bbox 946 3239 1730 4862">
    <p class='ocr_par' dir='ltr' id='par_1_20' title="bbox 946 3239 1730 4862">
     <span class='ocr_line' id='line_1_77' title="bbox 979 3239 1730 3306; baseline 0.007 -15"><span class='ocrx_word' id='word_1_557' title='bbox 979 3239 1012 3303; x_wconf 90' lang='grc'>(7)</span> <span class='ocrx_word' id='word_1_558' title='bbox 1022 3240 1143 3291; x_wconf 75' lang='lat' dir='ltr'><strong>Consules</strong></span> <span class='ocrx_word' id='word_1_559' title='bbox 1151 3243 1237 3293; x_wconf 87' lang='lat' dir='ltr'><strong>autern</strong></span> <span class='ocrx_word' id='word_1_560' title='bbox 1247 3240 1273 3291; x_wconf 91' lang='lat' dir='ltr'><strong>in</strong></span> <span class='ocrx_word' id='word_1_561' title='bbox 1280 3240 1345 3292; x_wconf 81' lang='lat' dir='ltr'><strong>lavo</strong></span> <span class='ocrx_word' id='word_1_562' title='bbox 1354 3255 1431 3292; x_wconf 85' lang='lat' dir='ltr'><strong>numu</strong></span> <span class='ocrx_word' id='word_1_563' title='bbox 1443 3241 1596 3294; x_wconf 79' lang='lat' dir='ltr'><strong>collocarunt</strong></span> <span class='ocrx_word' id='word_1_564' title='bbox 1607 3242 1730 3306; x_wconf 77' lang='lat' dir='ltr'><strong>legionem</strong></span> 
     </span>
     <span class='ocr_line' id='line_1_78' title="bbox 946 3338 1729 3402; baseline 0.006 -14"><span class='ocrx_word' id='word_1_565' title='bbox 946 3338 1053 3402; x_wconf 86' lang='lat' dir='ltr'><strong>primam</strong></span> <span class='ocrx_word' id='word_1_566' title='bbox 1079 3338 1233 3389; x_wconf 75' lang='lat' dir='ltr'><strong>exadversus</strong></span> <span class='ocrx_word' id='word_1_567' title='bbox 1264 3338 1434 3390; x_wconf 76' lang='lat' dir='ltr'><strong>Macedoniam</strong></span> <span class='ocrx_word' id='word_1_568' title='bbox 1461 3344 1488 3390; x_wconf 87' lang='lat' dir='ltr'>et</span> <span class='ocrx_word' id='word_1_569' title='bbox 1523 3340 1729 3393; x_wconf 76' lang='lat' dir='ltr'><strong>Ambraciotr‘oam</strong></span> 
     </span>
     <span class='ocr_line' id='line_1_79' title="bbox 947 3435 1729 3502; baseline 0 -15"><span class='ocrx_word' id='word_1_570' title='bbox 947 3435 1106 3502; x_wconf 76' lang='lat' dir='ltr'><strong>phalangem,</strong></span> <span class='ocrx_word' id='word_1_571' title='bbox 1125 3437 1378 3501; x_wconf 82' lang='lat' dir='ltr'><strong>atquemcrcenarins</strong></span> <span class='ocrx_word' id='word_1_572' title='bbox 1393 3437 1593 3488; x_wconf 82' lang='lat' dir='ltr'><strong>Tarentinorum.</strong></span> <span class='ocrx_word' id='word_1_573' title='bbox 1629 3439 1660 3497; x_wconf 83' lang='grc'>(8)</span> <span class='ocrx_word' id='word_1_574' title='bbox 1674 3439 1729 3488; x_wconf 85' lang='lat' dir='ltr'><strong>Pri·</strong></span> 
     </span>
     <span class='ocr_line' id='line_1_80' title="bbox 947 3534 1728 3598; baseline 0.004 -14"><span class='ocrx_word' id='word_1_575' title='bbox 947 3549 1015 3584; x_wconf 89' lang='lat' dir='ltr'><strong>marn</strong></span> <span class='ocrx_word' id='word_1_576' title='bbox 1037 3534 1158 3597; x_wconf 74' lang='lat' dir='ltr'><strong>legionem</strong></span> <span class='ocrx_word' id='word_1_577' title='bbox 1184 3534 1283 3598; x_wconf 83' lang='lat' dir='ltr'><strong>excepit</strong></span> <span class='ocrx_word' id='word_1_578' title='bbox 1303 3534 1378 3586; x_wconf 86' lang='lat' dir='ltr'><strong>tertia</strong></span> <span class='ocrx_word' id='word_1_579' title='bbox 1401 3534 1557 3586; x_wconf 74' lang='lat' dir='ltr'><strong>exadversus</strong></span> <span class='ocrx_word' id='word_1_580' title='bbox 1579 3536 1728 3587; x_wconf 86' lang='lat' dir='ltr'><strong>Tarentino·</strong></span> 
     </span>
     <span class='ocr_line' id='line_1_81' title="bbox 948 3627 1729 3691; baseline 0.005 -13"><span class='ocrx_word' id='word_1_581' title='bbox 948 3643 1004 3678; x_wconf 89' lang='lat' dir='ltr'><strong>rum</strong></span> <span class='ocrx_word' id='word_1_582' title='bbox 1019 3627 1166 3691; x_wconf 87' lang='lat' dir='ltr'><strong>phalangem</strong></span> <span class='ocrx_word' id='word_1_583' title='bbox 1179 3627 1258 3676; x_wconf 88' lang='lat' dir='ltr'><strong>scutis</strong></span> <span class='ocrx_word' id='word_1_584' title='bbox 1269 3628 1333 3679; x_wconf 86' lang='lat' dir='ltr'><strong>albia</strong></span> <span class='ocrx_word' id='word_1_585' title='bbox 1343 3629 1501 3691; x_wconf 85' lang='lat' dir='ltr'><strong>instructam,</strong></span> <span class='ocrx_word' id='word_1_586' title='bbox 1511 3635 1537 3680; x_wconf 91' lang='lat' dir='ltr'>et</span> <span class='ocrx_word' id='word_1_587' title='bbox 1548 3630 1643 3681; x_wconf 72' lang='lat' dir='ltr'><strong>annilina</strong></span> <span class='ocrx_word' id='word_1_588' title='bbox 1653 3634 1729 3682; x_wconf 87' lang='lat' dir='ltr'><strong>Brut·</strong></span> 
     </span>
     <span class='ocr_line' id='line_1_82' title="bbox 949 3724 1727 3790; baseline 0.005 -15"><span class='ocrx_word' id='word_1_589' title='bbox 949 3724 1040 3775; x_wconf 78' lang='lat' dir='ltr'><strong>horum</strong></span> <span class='ocrx_word' id='word_1_590' title='bbox 1049 3724 1264 3787; x_wconf 80' lang='lat' dir='ltr'><strong>Lucanorumque.</strong></span> <span class='ocrx_word' id='word_1_591' title='bbox 1276 3726 1311 3789; x_wconf 83' lang='grc'>(9)</span> <span class='ocrx_word' id='word_1_592' title='bbox 1321 3724 1413 3777; x_wconf 72' lang='lat' dir='ltr'><strong>Tertia</strong></span> <span class='ocrx_word' id='word_1_593' title='bbox 1423 3725 1538 3788; x_wconf 83' lang='lat' dir='ltr'><strong>contigua</strong></span> <span class='ocrx_word' id='word_1_594' title='bbox 1552 3725 1615 3789; x_wconf 84' lang='lat' dir='ltr'><strong>legio</strong></span> <span class='ocrx_word' id='word_1_595' title='bbox 1625 3731 1727 3790; x_wconf 88' lang='lat' dir='ltr'><strong>quarta,</strong></span> 
     </span>
     <span class='ocr_line' id='line_1_83' title="bbox 948 3819 1728 3888; baseline 0.001 -13"><span class='ocrx_word' id='word_1_596' title='bbox 948 3821 1114 3875; x_wconf 77' lang='lat' dir='ltr'><strong>exadversum</strong></span> <span class='ocrx_word' id='word_1_597' title='bbox 1125 3819 1257 3880; x_wconf 80' lang='lat' dir='ltr'><strong>Molossos,</strong></span> <span class='ocrx_word' id='word_1_598' title='bbox 1273 3822 1388 3873; x_wconf 78' lang='lat' dir='ltr'><strong>Chaonas</strong></span> <span class='ocrx_word' id='word_1_599' title='bbox 1397 3825 1423 3875; x_wconf 85' lang='lat' dir='ltr'>et</span> <span class='ocrx_word' id='word_1_600' title='bbox 1436 3822 1604 3888; x_wconf 58' lang='lat' dir='ltr'><strong>Thesprotum</strong></span> <span class='ocrx_word' id='word_1_601' title='bbox 1618 3824 1728 3877; x_wconf 72' lang='lat' dir='ltr'><strong>monada</strong></span> 
     </span>
     <span class='ocr_line' id='line_1_84' title="bbox 948 3917 1729 3985; baseline 0.003 -13"><span class='ocrx_word' id='word_1_602' title='bbox 948 3919 1011 3985; x_wconf 83' lang='lat' dir='ltr'><strong>legio</strong></span> <span class='ocrx_word' id='word_1_603' title='bbox 1022 3918 1104 3970; x_wconf 85' lang='lat' dir='ltr'><strong>iocata</strong></span> <span class='ocrx_word' id='word_1_604' title='bbox 1119 3919 1145 3969; x_wconf 90' lang='lat' dir='ltr'><strong>in</strong></span> <span class='ocrx_word' id='word_1_605' title='bbox 1154 3917 1242 3969; x_wconf 79' lang='lat' dir='ltr'><strong>dextro</strong></span> <span class='ocrx_word' id='word_1_606' title='bbox 1252 3933 1332 3970; x_wconf 85' lang='lat' dir='ltr'><strong>cornu</strong></span> <span class='ocrx_word' id='word_1_607' title='bbox 1347 3920 1472 3985; x_wconf 84' lang='lat' dir='ltr'><strong>ereglone</strong></span> <span class='ocrx_word' id='word_1_608' title='bbox 1490 3921 1700 3974; x_wconf 88' lang='lat' dir='ltr'><strong>mercenariorum</strong></span> <span class='ocrx_word' id='word_1_609' title='bbox 1714 3938 1729 3975; x_wconf 88' lang='lat' dir='ltr'>e</span> 
     </span>
     <span class='ocr_line' id='line_1_85' title="bbox 948 4014 1729 4084; baseline 0.004 -16"><span class='ocrx_word' id='word_1_610' title='bbox 948 4015 1057 4078; x_wconf 78' lang='lat' dir='ltr'><strong>arecia,</strong></span> <span class='ocrx_word' id='word_1_611' title='bbox 1084 4014 1234 4078; x_wconf 83' lang='lat' dir='ltr'><strong>AEtolornm,</strong></span> <span class='ocrx_word' id='word_1_612' title='bbox 1262 4023 1432 4079; x_wconf 71' lang='lat' dir='ltr'><strong>heumannum,</strong></span> <span class='ocrx_word' id='word_1_613' title='bbox 1457 4018 1631 4079; x_wconf 77' lang='lat' dir='ltr'><strong>Athamanum,</strong></span> <span class='ocrx_word' id='word_1_614' title='bbox 1654 4022 1729 4084; x_wconf 81' lang='lat' dir='ltr'><strong>atque</strong></span> 
     </span>
     <span class='ocr_line' id='line_1_86' title="bbox 948 4114 1728 4181; baseline 0.006 -16"><span class='ocrx_word' id='word_1_615' title='bbox 948 4114 1115 4166; x_wconf 86' lang='lat' dir='ltr'><strong>samnitarum</strong></span> <span class='ocrx_word' id='word_1_616' title='bbox 1135 4114 1263 4179; x_wconf 86' lang='lat' dir='ltr'><strong>phalangis</strong></span> <span class='ocrx_word' id='word_1_617' title='bbox 1275 4117 1415 4181; x_wconf 78' lang='lat' dir='ltr'><strong>scaligero.</strong></span> <span class='ocrx_word' id='word_1_618' title='bbox 1450 4116 1500 4180; x_wconf 83' lang='lat' dir='ltr'><strong>(itt)</strong></span> <span class='ocrx_word' id='word_1_619' title='bbox 1515 4116 1616 4168; x_wconf 83' lang='lat' dir='ltr'><strong>Latinos</strong></span> <span class='ocrx_word' id='word_1_620' title='bbox 1630 4121 1728 4180; x_wconf 86' lang='lat' dir='ltr'><strong>autem,</strong></span> 
     </span>
     <span class='ocr_line' id='line_1_87' title="bbox 948 4215 1729 4283; baseline -0.001 -17"><span class='ocrx_word' id='word_1_621' title='bbox 948 4216 1095 4280; x_wconf 80' lang='lat' dir='ltr'><strong>campanos,</strong></span> <span class='ocrx_word' id='word_1_622' title='bbox 1118 4215 1232 4276; x_wconf 84' lang='lat' dir='ltr'><strong>Volaoos,</strong></span> <span class='ocrx_word' id='word_1_623' title='bbox 1252 4215 1420 4277; x_wconf 72' lang='lat' dir='ltr'><strong>Marrucinos,</strong></span> <span class='ocrx_word' id='word_1_624' title='bbox 1443 4216 1556 4280; x_wconf 87' lang='lat' dir='ltr'><strong>Pelignus</strong></span> <span class='ocrx_word' id='word_1_625' title='bbox 1574 4216 1729 4283; x_wconf 83' lang='lat' dir='ltr'><strong>reliquosque</strong></span> 
     </span>
     <span class='ocr_line' id='line_1_88' title="bbox 948 4311 1729 4378; baseline 0.003 -13"><span class='ocrx_word' id='word_1_626' title='bbox 948 4314 1037 4373; x_wconf 77' lang='lat' dir='ltr'><strong>acutos,</strong></span> <span class='ocrx_word' id='word_1_627' title='bbox 1056 4314 1081 4364; x_wconf 90' lang='lat' dir='ltr'><strong>ln</strong></span> <span class='ocrx_word' id='word_1_628' title='bbox 1093 4314 1214 4378; x_wconf 83' lang='lat' dir='ltr'><strong>quattuor</strong></span> <span class='ocrx_word' id='word_1_629' title='bbox 1232 4314 1329 4377; x_wconf 85' lang='lat' dir='ltr'><strong>agmina</strong></span> <span class='ocrx_word' id='word_1_630' title='bbox 1346 4311 1441 4364; x_wconf 78' lang='lat' dir='ltr'><strong>dirism</strong></span> <span class='ocrx_word' id='word_1_631' title='bbox 1460 4314 1597 4378; x_wconf 75' lang='lat' dir='ltr'><strong>legionibus</strong></span> <span class='ocrx_word' id='word_1_632' title='bbox 1611 4316 1729 4367; x_wconf 79' lang='lat' dir='ltr'><strong>Romania</strong></span> 
     </span>
     <span class='ocr_line' id='line_1_89' title="bbox 948 4409 1727 4477; baseline 0.003 -15"><span class='ocrx_word' id='word_1_633' title='bbox 948 4410 1138 4471; x_wconf 70' lang='lat' dir='ltr'><strong>interimerunt,</strong></span> <span class='ocrx_word' id='word_1_634' title='bbox 1152 4409 1243 4461; x_wconf 87' lang='lat' dir='ltr'><strong>nauita</strong></span> <span class='ocrx_word' id='word_1_635' title='bbox 1255 4409 1345 4462; x_wconf 83' lang='lat' dir='ltr'><strong>debilis</strong></span> <span class='ocrx_word' id='word_1_636' title='bbox 1356 4413 1424 4462; x_wconf 74' lang='lat' dir='ltr'><strong>mast</strong></span> <span class='ocrx_word' id='word_1_637' title='bbox 1434 4411 1497 4462; x_wconf 76' lang='lat' dir='ltr'><strong>amai</strong></span> <span class='ocrx_word' id='word_1_638' title='bbox 1509 4425 1575 4476; x_wconf 86' lang='lat' dir='ltr'><strong>pars.</strong></span> <span class='ocrx_word' id='word_1_639' title='bbox 1589 4412 1640 4475; x_wconf 87' lang='lat' dir='ltr'><strong>(lt)</strong></span> <span class='ocrx_word' id='word_1_640' title='bbox 1651 4415 1727 4477; x_wconf 75' lang='lat' dir='ltr'><strong>ligul-</strong></span> 
     </span>
     <span class='ocr_line' id='line_1_90' title="bbox 948 4510 1729 4575; baseline 0.001 -15"><span class='ocrx_word' id='word_1_641' title='bbox 948 4512 1029 4560; x_wconf 85' lang='lat' dir='ltr'><strong>tatum</strong></span> <span class='ocrx_word' id='word_1_642' title='bbox 1040 4522 1099 4560; x_wconf 87' lang='lat' dir='ltr'><strong>rero</strong></span> <span class='ocrx_word' id='word_1_643' title='bbox 1108 4512 1164 4559; x_wconf 89' lang='lat' dir='ltr'>tum</span> <span class='ocrx_word' id='word_1_644' title='bbox 1177 4523 1249 4559; x_wconf 87' lang='lat' dir='ltr'><strong>suum</strong></span> <span class='ocrx_word' id='word_1_645' title='bbox 1263 4510 1383 4575; x_wconf 88' lang='lat' dir='ltr'><strong>ipsoram,</strong></span> <span class='ocrx_word' id='word_1_646' title='bbox 1399 4512 1453 4560; x_wconf 86' lang='lat' dir='ltr'>tum</span> <span class='ocrx_word' id='word_1_647' title='bbox 1473 4510 1598 4561; x_wconf 88' lang='lat' dir='ltr'><strong>sociorum</strong></span> <span class='ocrx_word' id='word_1_648' title='bbox 1608 4510 1633 4560; x_wconf 90' lang='lat' dir='ltr'><strong>in</strong></span> <span class='ocrx_word' id='word_1_649' title='bbox 1651 4524 1729 4562; x_wconf 87' lang='lat' dir='ltr'><strong>cornu</strong></span> 
     </span>
     <span class='ocr_line' id='line_1_91' title="bbox 948 4602 1729 4667; baseline 0.003 -13"><span class='ocrx_word' id='word_1_650' title='bbox 948 4602 1277 4667; x_wconf 85' lang='lat' dir='ltr'><strong>utrumquedistrihuemnt.</strong></span> <span class='ocrx_word' id='word_1_651' title='bbox 1288 4604 1337 4662; x_wconf 80' lang='lat'><strong>(¹2)</strong></span> <span class='ocrx_word' id='word_1_652' title='bbox 1347 4602 1458 4667; x_wconf 83' lang='lat' dir='ltr'><strong>Denique</strong></span> <span class='ocrx_word' id='word_1_653' title='bbox 1466 4602 1643 4654; x_wconf 82' lang='lat' dir='ltr'><strong>extraordines</strong></span> <span class='ocrx_word' id='word_1_654' title='bbox 1652 4604 1729 4656; x_wconf 90' lang='lat' dir='ltr'><strong>coilo·</strong></span> 
     </span>
     <span class='ocr_line' id='line_1_92' title="bbox 948 4700 1730 4766; baseline 0 -15"><span class='ocrx_word' id='word_1_655' title='bbox 948 4702 1037 4752; x_wconf 85' lang='lat' dir='ltr'><strong>oarunt</strong></span> <span class='ocrx_word' id='word_1_656' title='bbox 1047 4714 1137 4750; x_wconf 86' lang='lat' dir='ltr'><strong>currus</strong></span> <span class='ocrx_word' id='word_1_657' title='bbox 1151 4702 1276 4750; x_wconf 85' lang='lat' dir='ltr'><strong>treoentos</strong></span> <span class='ocrx_word' id='word_1_658' title='bbox 1291 4712 1410 4761; x_wconf 71' lang='lat' dir='ltr'><strong>numm,</strong></span> <span class='ocrx_word' id='word_1_659' title='bbox 1423 4713 1487 4765; x_wconf 83' lang='lat' dir='ltr'><strong>qnos</strong></span> <span class='ocrx_word' id='word_1_660' title='bbox 1501 4700 1535 4751; x_wconf 86' lang='lat' dir='ltr'><strong>ad</strong></span> <span class='ocrx_word' id='word_1_661' title='bbox 1549 4713 1655 4766; x_wconf 85' lang='lat' dir='ltr'><strong>pugnarn</strong></span> <span class='ocrx_word' id='word_1_662' title='bbox 1671 4714 1730 4751; x_wconf 88' lang='lat' dir='ltr'><strong>cum</strong></span> 
     </span>
     <span class='ocr_line' id='line_1_93' title="bbox 947 4794 1729 4862; baseline 0.001 -15"><span class='ocrx_word' id='word_1_663' title='bbox 947 4797 1085 4862; x_wconf 86' lang='lat' dir='ltr'><strong>elephantis</strong></span> <span class='ocrx_word' id='word_1_664' title='bbox 1099 4795 1231 4847; x_wconf 85' lang='lat' dir='ltr'><strong>ineundam</strong></span> <span class='ocrx_word' id='word_1_665' title='bbox 1244 4794 1419 4847; x_wconf 69' lang='lat' dir='ltr'><strong>inslmaerant,</strong></span> <span class='ocrx_word' id='word_1_666' title='bbox 1454 4795 1505 4858; x_wconf 78' lang='grc'>(13)</span> <span class='ocrx_word' id='word_1_667' title='bbox 1524 4796 1558 4847; x_wconf 86' lang='lat' dir='ltr'>lii</span> <span class='ocrx_word' id='word_1_668' title='bbox 1568 4799 1729 4848; x_wconf 86' lang='lat' dir='ltr'><strong>antennarum</strong></span> 
     </span>
    </p>
   </div>
   <div class='ocr_carea' id='block_1_19' title="bbox 949 4892 1729 5049">
    <p class='ocr_par' dir='ltr' id='par_1_21' title="bbox 949 4892 1729 5049">
     <span class='ocr_line' id='line_1_94' title="bbox 949 4892 1728 4959; baseline 0 -14"><span class='ocrx_word' id='word_1_669' title='bbox 949 4895 1026 4946; x_wconf 89' lang='lat' dir='ltr'><strong>instar</strong></span> <span class='ocrx_word' id='word_1_670' title='bbox 1038 4896 1125 4947; x_wconf 85' lang='lat' dir='ltr'><strong>hastas</strong></span> <span class='ocrx_word' id='word_1_671' title='bbox 1138 4893 1262 4945; x_wconf 84' lang='lat' dir='ltr'><strong>habehant</strong></span> <span class='ocrx_word' id='word_1_672' title='bbox 1279 4892 1378 4957; x_wconf 80' lang='lat' dir='ltr'><strong>partilis</strong></span> <span class='ocrx_word' id='word_1_673' title='bbox 1397 4894 1524 4959; x_wconf 83' lang='lat' dir='ltr'><strong>impositae</strong></span> <span class='ocrx_word' id='word_1_674' title='bbox 1537 4893 1622 4956; x_wconf 87' lang='lat' dir='ltr'><strong>rectis,</strong></span> <span class='ocrx_word' id='word_1_675' title='bbox 1645 4897 1728 4945; x_wconf 89' lang='lat' dir='ltr'><strong>trans·</strong></span> 
     </span>
     <span class='ocr_line' id='line_1_95' title="bbox 949 4984 1729 5049; baseline 0.001 -12"><span class='ocrx_word' id='word_1_676' title='bbox 949 5002 1034 5039; x_wconf 64' lang='lat' dir='ltr'><strong>reram</strong></span> <span class='ocrx_word' id='word_1_677' title='bbox 1047 4991 1074 5039; x_wconf 87' lang='lat' dir='ltr'>et</span> <span class='ocrx_word' id='word_1_678' title='bbox 1087 4985 1218 5046; x_wconf 79' lang='lat' dir='ltr'><strong>volubiles,</strong></span> <span class='ocrx_word' id='word_1_679' title='bbox 1237 4984 1301 5036; x_wconf 83' lang='lat' dir='ltr'><strong>adeo</strong></span> <span class='ocrx_word' id='word_1_680' title='bbox 1317 4987 1346 5035; x_wconf 88' lang='lat' dir='ltr'><strong>ut</strong></span> <span class='ocrx_word' id='word_1_681' title='bbox 1364 4998 1417 5049; x_wconf 79' lang='lat' dir='ltr'>quo</span> <span class='ocrx_word' id='word_1_682' title='bbox 1434 4985 1492 5049; x_wconf 87' lang='lat' dir='ltr'><strong>quis</strong></span> <span class='ocrx_word' id='word_1_683' title='bbox 1515 4985 1589 5037; x_wconf 77' lang='lat' dir='ltr'><strong>vellet</strong></span> <span class='ocrx_word' id='word_1_684' title='bbox 1602 4986 1729 5038; x_wconf 83' lang='lat' dir='ltr'><strong>celerrima</strong></span> 
     </span>
    </p>
   </div>
   <div class='ocr_carea' id='block_1_20' title="bbox 948 5082 1730 5346">
    <p class='ocr_par' dir='ltr' id='par_1_22' title="bbox 948 5082 1730 5346">
     <span class='ocr_line' id='line_1_96' title="bbox 949 5082 1730 5151; baseline 0 -15"><span class='ocrx_word' id='word_1_685' title='bbox 949 5084 1084 5151; x_wconf 73' lang='grc' dir='ltr'>οίιοιιισεςί</span> <span class='ocrx_word' id='word_1_686' title='bbox 1096 5087 1205 5151; x_wconf 73' lang='lat' dir='ltr'><strong>possem</strong></span> <span class='ocrx_word' id='word_1_687' title='bbox 1219 5085 1269 5145; x_wconf 83' lang='lat' dir='ltr'><strong>(tl)</strong></span> <span class='ocrx_word' id='word_1_688' title='bbox 1285 5082 1395 5135; x_wconf 73' lang='lat' dir='ltr'><strong>Summa</strong></span> <span class='ocrx_word' id='word_1_689' title='bbox 1404 5084 1485 5137; x_wconf 81' lang='lat' dir='ltr'><strong>hastis</strong></span> <span class='ocrx_word' id='word_1_690' title='bbox 1494 5084 1596 5150; x_wconf 77' lang='lat' dir='ltr'><strong>prutina</strong></span> <span class='ocrx_word' id='word_1_691' title='bbox 1605 5089 1676 5136; x_wconf 89' lang='lat' dir='ltr'><strong>eraut</strong></span> <span class='ocrx_word' id='word_1_692' title='bbox 1689 5086 1730 5136; x_wconf 84' lang='lat' dir='ltr'>net</span> 
     </span>
     <span class='ocr_line' id='line_1_97' title="bbox 949 5179 1729 5248; baseline -0.009 -10"><span class='ocrx_word' id='word_1_693' title='bbox 949 5183 1071 5237; x_wconf 77' lang='lat' dir='ltr'><strong>antenus</strong></span> <span class='ocrx_word' id='word_1_694' title='bbox 1084 5182 1125 5235; x_wconf 77' lang='lat' dir='ltr'>nel</span> <span class='ocrx_word' id='word_1_695' title='bbox 1147 5181 1263 5248; x_wconf 82' lang='lat' dir='ltr'><strong>sperula,</strong></span> <span class='ocrx_word' id='word_1_696' title='bbox 1277 5194 1334 5246; x_wconf 84' lang='lat' dir='ltr'><strong>quae</strong></span> <span class='ocrx_word' id='word_1_697' title='bbox 1347 5179 1487 5245; x_wconf 84' lang='lat' dir='ltr'><strong>gladiorum</strong></span> <span class='ocrx_word' id='word_1_698' title='bbox 1510 5180 1615 5232; x_wconf 83' lang='lat' dir='ltr'><strong>tonnam</strong></span> <span class='ocrx_word' id='word_1_699' title='bbox 1636 5181 1729 5232; x_wconf 83' lang='lat' dir='ltr'><strong>retere-</strong></span> 
     </span>
     <span class='ocr_line' id='line_1_98' title="bbox 948 5275 1725 5346; baseline -0.009 -13"><span class='ocrx_word' id='word_1_700' title='bbox 948 5279 1017 5346; x_wconf 82' lang='lat' dir='ltr'><strong>lmul,</strong></span> <span class='ocrx_word' id='word_1_701' title='bbox 1031 5279 1072 5333; x_wconf 83' lang='lat' dir='ltr'>nei</span> <span class='ocrx_word' id='word_1_702' title='bbox 1083 5279 1161 5333; x_wconf 75' lang='lat' dir='ltr'><strong>taines</strong></span> <span class='ocrx_word' id='word_1_703' title='bbox 1169 5280 1266 5332; x_wconf 77' lang='lat' dir='ltr'><strong>terres.</strong></span> <span class='ocrx_word' id='word_1_704' title='bbox 1275 5276 1326 5344; x_wconf 78' lang='lat' dir='ltr'><strong>(tt)</strong></span> <span class='ocrx_word' id='word_1_705' title='bbox 1338 5275 1387 5329; x_wconf 76' lang='lat' dir='ltr'><strong>alil</strong></span> <span class='ocrx_word' id='word_1_706' title='bbox 1396 5278 1534 5329; x_wconf 82' lang='lat' dir='ltr'><strong>cataraotas</strong></span> <span class='ocrx_word' id='word_1_707' title='bbox 1542 5275 1663 5343; x_wconf 82' lang='lat' dir='ltr'><strong>quasdam</strong></span> <span class='ocrx_word' id='word_1_708' title='bbox 1671 5275 1725 5327; x_wconf 87' lang='lat' dir='ltr'><strong>aira</strong></span> 
     </span>
    </p>
   </div>
   <div class='ocr_carea' id='block_1_21' title="bbox 0 0 2000 5938">
    <p class='ocr_par' dir='ltr' id='par_1_23' title="bbox 0 0 2000 5938">
     <span class='ocr_line' id='line_1_99' title="bbox 0 0 2000 5938; baseline 0 0"><span class='ocrx_word' id='word_1_709' title='bbox 0 0 2000 5938; x_wconf 95' lang='lat' dir='ltr'> </span> 
     </span>
    </p>
   </div>
  </div>
 </body>
</html>
