4034 5922
197 4768 225 4781 q,

1170 274 1174 301 i

771 420 934 484 DlONYSll
956 412 1332 479 flattenannsslensrs

248 572 300 653 γὰρ
320 567 372 627 ἀπδ
401 570 452 624 τῶν
485 561 592 644 βορείων
611 560 696 636 μερῶν
717 560 731 614 ὅ
749 559 796 613 τοῦ
817 553 904 621 ἄξονος
922 549 1016 626 πόλος,

249 658 310 738 περὶ
328 654 356 715 δν
387 659 403 725 ἡ
432 659 477 711 τοῦ
505 650 604 724 κόσμου
634 645 732 723 στροφὴ
760 644 877 720 γίνεται·
898 637 943 696 ael
968 640 1020 695 τῶν

251 745 329 805 πέντε
349 743 452 803 κύκλων
472 741 524 796 τῶν
553 732 711 802 διεζωκότων
736 728 785 799 τὴν
805 734 917 807 σφαῖραν
935 728 950 781 θ
968 747 1019 782 κα-

1077 545 1108 596 ab
1128 541 1310 607 septentrionali
1325 540 1396 604 plaga
1418 538 1493 603 ῖρεῖυι
1508 536 1562 586 axis
1583 535 1669 599 polus,
1688 532 1754 583 circa
1774 542 1847 595 qnam

1077 643 1185 693 mundus
1199 641 1308 691 volvitur
1327 659 1333 689 ι
1354 644 1407 689 ete
1423 638 1534 700 quinquo
1552 634 1650 685 circulis
1668 632 1712 696 qni
1729 631 1849 695 sphaeram

1078 740 1198 797 ambiunt,
1212 737 1254 788 ille
1272 736 1315 799 qui
1328 738 1431 784 vocatur
1449 734 1557 784 arcticus
1572 730 1596 780 in
1612 731 1657 779 bac
1671 728 1767 791 τορίοοο
1783 740 1847 778 ama-

251 834 375 909 λούμενος
392 825 513 907 ἀρκτικὸς
532 821 573 880 iat
590 821 651 898 τῇδε
672 815 792 897 φανερὸς,
810 817 979 871 ταπῑῑνῠῧτθι
998 811 1022 868 δ’
1049 840 1052 863 ³
1075 850 1119 900 per
1130 837 1255 900 apparet3
1277 831 1385 882 circulus
1406 842 1465 880 nero
1478 828 1519 891 qui
1542 825 1691 876 antarcticus
1715 825 1847 888 appellatur

213 948 225 986 ο
254 922 306 982 ἀπὸ
324 923 376 977 τῶν
397 916 488 975 νοτίων
512 914 525 968 θ
554 907 712 982 καλούμενος
742 899 910 981 ἀνταρκτικός
930 898 1023 963 κύκλος

255 1006 355 1089 ἀφανὴς
374 1002 443 1062 κατὰ
464 1001 542 1056 τοῦτο
563 995 593 1053 τὸ
614 993 701 1070 μέρος.
744 989 822 1055 Εἰκὸς
845 985 877 1057 δὴ
897 985 1023 1065 κράτιστα

255 1100 307 1155 τῶν
325 1091 452 1172 οὐρανίων
467 1085 512 1146 καί
531 1081 678 1160 μεταρσίων
702 1078 817 1153 σημείων
838 1073 965 1151 ὑπάρχειν
984 1070 1023 1131 ὅσ’

256 1188 285 1244 lx
302 1186 346 1241 τοῦ
370 1175 509 1256 κρατίστου
527 1174 626 1249 γίνεται
646 1166 752 1244 μέρους·
772 1160 905 1230 ἐπειδὴδὲ
923 1161 956 1221 τά
976 1158 1024 1236 μέν

256 1266 424 1351 ἐστραμμένα
433 1263 498 1341 πρδς
515 1260 562 1324 τὰς
582 1254 710 1320 ἀνατολάς
728 1247 954 1328 ἡγεμονικωτέραν
966 1251 1023 1322 poi·

206 1381 230 1420 10
257 1384 303 1441 ραν
324 1356 379 1436 ίχει
392 1358 444 1412 τῶν
465 1344 676 1429 προσεσπερίων,
697 1343 782 1400 αὐτῶν
803 1337 831 1397 δέ
845 1360 874 1413 γε
890 1339 941 1394 τῶν
963 1336 1027 1391 ἀνα·

256 1451 368 1506 τολικῶν
398 1439 546 1520 ὑψηλότερα
565 1434 598 1491 τὰ
629 1430 718 1510 βόρεια
746 1430 797 1486 τῶν
823 1427 928 1494 νοτίων,
954 1418 1028 1479 ταῦτ’

258 1537 291 1597 ἂν
311 1532 351 1603 εἴη
377 1529 518 1605 κράτιστα.
560 1520 607 1585 Ὡς
623 1519 651 1577 δέ
673 1538 740 1581 τινες
757 1516 902 1591 ἱστοροῦσιν
927 1512 956 1567 ἐκ
974 1532 1029 1566 πα-

258 1626 332 1682 λαιοῦ
352 1640 380 1675 τε
399 1615 445 1673 καὶ
471 1605 571 1690 πρῖνά
596 1604 669 1684 παρὰ
695 1604 838 1681 Τυρρηνῶν
858 1603 948 1676 μαθεῖν
977 1599 1029 1661 τοῖς

259 1707 401 1784 Ῥωμαίων
420 1698 555 1779 προγόνοις
582 1694 662 1752 αἴσιοι
691 1692 838 1766 ἰνομίζοντο
865 1690 893 1743 αἱ
920 1688 950 1743 ἐκ
977 1685 1029 1741 τῶν

207 1818 232 1855 ιο
260 1797 402 1878 ἀριστερῶν
424 1784 567 1865 ἀστραπαί.
610 1777 739 1857 Ἀσκανίῳ
761 1777 811 1855 γδιρ
829 1778 866 1855 τῷ
881 1771 907 1841 ἐξ
929 1772 1030 1831 Αἰνείου

259 1882 393 1965 γεγονότι,
418 1875 477 1936 καθ’
495 1872 523 1932 δν
543 1871 636 1950 χρόνον
667 1868 718 1928 ὑπὸ
744 1866 903 1942 Τυρρηνῶν,
921 1859 964 1925 οθς
982 1850 1030 1935 ἦγε

260 1970 384 2053 βασιλεὺς
408 1964 564 2032 Μεσέντιος,
598 1961 752 2033 ἐπολεμεῖτο
775 1954 820 2012 καί
841 1949 963 2029 τειχήρης
983 1939 1030 2022 ἦν,

260 2057 321 2138 περὶ
335 2055 382 2124 τὴν
399 2048 551 2111 τελευταίαν
574 2045 679 2115 ἔξοδον,
697 2043 730 2114 ἣν
747 2036 902 2116 ἀπεγνωκὼς
915 2036 965 2107 ἤδη
980 2037 1031 2093 τῶν

261 2145 425 2226 πραγμάτων
449 2139 542 2213 ίμελλε
571 2137 717 2201 ποιεῖσθαι,
742 2126 801 2203 μετ’
822 2127 967 2203 ὀλοφυρμοῦ
988 2121 1032 2179 τόν

209 2263 235 2301 ao
262 2257 292 2293 τι
315 2231 366 2292 Δία
390 2225 435 2287 καί
456 2222 514 2288 τοὺς
537 2220 631 2284 ἀλλους
651 2214 795 2292 αἰτουμένῳ
815 2211 885 2276 θεοὺς
898 2209 971 2267 αἴσια
985 2230 1033 2276 ση·

265 2328 326 2399 μιῖα
344 2321 391 2387 τῆς
414 2312 501 2381 ίίόδου
516 2310 604 2366 δοῦναι
622 2303 701 2385 φασὶν
718 2301 818 2380 αἰθρίας
841 2296 918 2366 οὔσης
934 2299 964 2355 ix
980 2298 1033 2354 τῶν

265 2406 408 2484 ἀριστερῶν
431 2397 564 2476 ἀστράψαι
585 2392 628 2450 τθν
650 2389 768 2470 οὐρανόν.
812 2388 867 2445 Ἰὀῦ
891 2383 912 2442 δ’
936 2386 1035 2461 ἀγῶνος

265 2497 362 2556 ἐκείνου
395 2486 521 2549 λαόόντος
553 2481 583 2539 τὸ
618 2478 756 2559 κράτιστον
783 2472 872 2544 τέλος,
902 2473 1035 2547 διαμεῖναι

264 2583 337 2664 παρὰ
364 2582 419 2644 τοῖς
444 2572 556 2652 ἐγγόνοις
576 2570 654 2627 αὐτοῦ
680 2563 847 2641 νομιζόμενον
870 2557 953 2618 αίσιον
978 2556 1035 2616 τόδε

213 2705 240 2743 25
266 2672 296 2730 τό
315 2675 434 2745 σημεῖον.

307 2758 359 2818 Vi.
379 2751 446 2813 Τότε
461 2747 484 2806 δ’
503 2736 572 2806 eivs
587 2740 739 2817 Ῥωμύλος,
755 2736 844 2806 ἐπειδὴ
861 2732 895 2792 τά
911 2731 983 2810 παρὰ
992 2737 1037 2790 τοῦ

269 2844 404 2921 δαιμονίου
421 2836 516 2916 βίόαια
530 2829 694 2912 προσίλαόε,
715 2825 877 2903 συγκαλέσας
896 2822 939 2880 τὸν
955 2823 1037 2894 δῆμον

269 2938 304 3001 εἰς
328 2927 469 2998 ἐκκλησίαν
495 2921 541 2980 καί
564 2920 599 2979 cir
628 2924 738 2994 μαντεῖα
768 2910 888 2985 δηλώσας
918 2906 1038 2988 βασιλεὺς

270 3018 453 3081 ἀποδείκνυται
477 3008 538 3090 πρός
557 3009 658 3075 αὐτῶν,
673 3002 719 3061 καὶ
736 2999 916 3069 κατεστήσατο
937 2999 963 3053 ἰν
989 2995 1039 3053 ίθτι

218 3137 246 3177 ao
269 3121 323 3175 τοῖς
344 3104 400 3182 μετ’
423 3098 499 3158 elsio
520 3096 602 3155 ἅπασι
621 3091 688 3167 μήτε
712 3087 845 3169 βασιλείας
872 3085 934 3161 μήτ’
955 3082 1038 3162 ἀρχάς

271 3193 432 3272 λαμῦάνειν,
454 3186 499 3245 tin
520 3183 556 3261 μὴ
581 3181 626 3241 καί
646 3181 676 3239 τὸ
700 3179 833 3253 δαιμόνιον
851 3176 937 3239 αὐτοῖς
951 3175 1039 3230 ἐπιθε-

272 3285 369 3360 σπίσῃ·
385 3274 497 3353 διέμεινέ
519 3296 546 3332 τε
566 3270 644 3349 μέχρι
662 3269 759 3326 πολλοῦ
778 3262 969 3343 φυλαττόμενον
989 3259 1040 3318 ὑπὸ

272 3367 416 3444 Ῥωμαίων
444 3362 474 3420 τδ
501 3360 562 3438 περὶ
586 3357 644 3422 τοὺς
671 3352 823 3429 οἰωνισμοὺς
852 3351 979 3426 νόμιμον,
1012 3348 1040 3404 οὗ

273 3457 349 3535 μόνον
378 3458 425 3524 τῆς
445 3450 545 3514 πόλεως
567 3441 786 3524 βασιλευομένης,
807 3438 876 3498 ἀλλὰ
904 3435 949 3494 καὶ
976 3434 1043 3511 μετά

220 3573 247 3612 aa
273 3546 320 3615 τὴν
344 3541 486 3600 κατάλυσιν
505 3538 557 3594 τῶν
574 3532 723 3611 μονάρχων,
742 3530 768 3587 ἐν
783 3527 890 3585 ὑπάτων
904 3522 948 3582 καί
960 3544 1043 3600 στρα-

274 3635 360 3711 τηγῶν
387 3630 431 3686 καί
455 3631 507 3685 τῶν
531 3623 618 3682 ἀλλων
637 3624 688 3679 τῶν
708 3616 777 3676 κατὰ
792 3616 887 3687 νόμους
910 3610 1042 3689 ἀρχόντων

275 3720 382 3798 αἱρέσει.
425 3708 566 3774 Πέπαυται
583 3708 606 3767 δ’
628 3710 654 3765 ἐν
677 3712 730 3772 τοῖς
749 3701 809 3762 καθ’
829 3706 901 3778 ἡμᾶς
923 3698 1042 3778 χρόνοις,

276 3808 344 3880 πλὴν
364 3796 417 3865 οἷον
432 3802 508 3863 εἰκών
528 3822 567 3866 τις
587 3800 667 3856 αὐτοῦ
688 3792 806 3852 λείπεται
817 3794 864 3860 τῆς
878 3786 950 3853 θσίας
964 3788 1051 3849 αιίτῦςΔ

276 3901 352 3959 ἕνεκα
380 3890 513 3972 γινομένη.
568 3883 770 3950 Ἐπαυλίζονται
795 3878 843 3955 μὲν
868 3875 919 3953 γάρ
950 3873 974 3930 οί
999 3871 1045 3937 τὰς

223 4010 251 4048 ιιι
278 3986 360 4066 ἀρχάς
384 3982 521 4058 μελλοντες
548 3970 709 4047 λαμάάνειν,
736 3972 782 4027 καὶ
806 3963 866 4041 περί
888 3961 932 4019 τθν
956 3958 1046 4037 όρθρον

279 4072 446 4144 ἀνιστάμενοι
460 4062 594 4124 ποιοῦνταί
608 4082 679 4123 τινας
696 4055 773 4135 ιῦχδις
791 4051 939 4129 θπαίθριοι·
959 4050 1010 4105 τῶν
1020 4044 1048 4103 δέ

279 4159 413 4236 παρόντοιν
432 4152 499 4217 τινὲς
514 4145 719 4230 ὀρνιθοσκόπων,
740 4142 830 4218 μισθὸν
850 4141 881 4197 ίκ
901 4141 946 4195 τοῦ
965 4136 1049 4210 δημο·

281 4245 338 4305 σίου
361 4243 520 4318 φερόμενοι,
544 4231 682 4313 ἀστραπὴν
703 4235 789 4296 αὐτοῖς
809 4226 916 4303 μηνύειν
943 4226 973 4281 έκ
999 4224 1049 4279 τῶν

281 4333 422 4411 ἀριστερῶν
445 4348 523 4406 φασιν
538 4322 585 4393 τὴν
607 4322 636 4380 οὗ
658 4317 810 4396 γενομένην.
853 4317 888 4374 Οἱ
907 4310 934 4371 δέ
953 4310 997 4369 τόν
1020 4311 1050 4367 ίιι

227 4446 252 4488 ιι
282 4427 328 4492 τῆς
349 4420 435 4495 φωνῆς
455 4411 543 4472 οἰωνὸν
562 4408 701 4478 λαθόντες,
723 4404 881 4484 ἀπέρχονται
900 4399 947 4466 τδις
966 4394 1052 4475 ἀρχάς

285 4504 514 4589 παραληψόμενοι,
535 4501 559 4558 οἱ
580 4496 627 4574 μέν
646 4497 711 4556 αὐτὸ
732 4494 803 4554 τοῦθ’
821 4489 912 4551 ’ἱκανόν
932 4488 1052 4563 ὑπολαμ-

281 4597 401 4659 όάνοντες
425 4583 504 4662 ε’ίναι,
528 4586 558 4645 τθ
584 4589 684 4663 μηδένα
706 4587 824 4659 γενέσθαι
851 4583 903 4637 τῶν
923 4581 1052 4637 ῖναντιου-

281 4688 365 4764 μένων
375 4706 403 4740 τε
413 4681 458 4740 καί
467 4675 619 4739 κωλυόντων
629 4676 739 4745 οἰωνῶν,
751 4673 775 4731 οἱ
787 4666 942 4746 δίκαίπαρά
951 4665 981 4724 τό
992 4665 1053 4742 βού-

281 4778 354 4849 λημα
375 4774 419 4830 τοῦ
439 4773 497 4827 θεοῦ
521 4764 677 4833 κωλύοντος,
699 4762 753 4820 ἔστι
771 4759 822 4839 γάρ
841 4756 885 4816 ὅτε
905 4752 1051 4833 βιαζόμενοι

228 4868 254 4907 ⁵⁰
279 4861 325 4921 καί
344 4859 390 4923 εδις
410 4854 494 4938 ἀρχάς
518 4852 681 4932 ἁρπάζοντες
695 4849 796 4922 μᾶλλον
820 4845 838 4914 ἢ
864 4839 1051 4917 λαμόάνοντες.

281 4948 323 5013 Δι’
342 4948 384 5013 οθς
405 4944 501 5003 πολλαί
522 4944 569 5019 μίν
584 4944 610 5000 έν
624 4944 658 5020 γῇ
679 4935 799 5015 στρατιαὶ
817 4930 961 5007 Ῥωμαίων
982 4926 1056 4985 ἀπώ-

283 5039 359 5096 λοντο
386 5032 563 5110 πανώλεθροι,
590 5028 682 5086 πολλοὶ
711 5024 735 5082 δ’
764 5027 790 5082 έν
820 5018 938 5094 θαλάττῃ
969 5013 1056 5073 στόλοι

286 5121 461 5201 διεφθάρησαν
486 5115 627 5194 αὔτανδροι
633 5160 642 5190 ,
665 5114 744 5172 ἀλλαι
763 5132 791 5167 τε
812 5108 925 5185 μεγάλαι
947 5100 993 5161 καί
1008 5100 1057 5158 ist·

284 5212 326 5270 ναί
348 5205 558 5286 περιπίτιιαιτῇ
578 5203 652 5262 πόλει
676 5196 834 5268 συνάπτων,
860 5196 884 5254 οἱ
907 5191 954 5269 μὲν
974 5189 1002 5246 ἰν
1023 5189 1053 5246 ἀ-

1077 935 1109 984 ab
1136 931 1238 983 australi
1271 933 1351 978 tractu
1379 926 1511 990 depressus
1539 922 1564 972 in
1595 922 1639 972 bac
1668 924 1737 984 parte
1761 918 1849 970 delita·

1078 1029 1131 1080 scit.
1178 1025 1314 1078 Verisimile
1335 1027 1418 1073 antem
1436 1024 1474 1072 est
1495 1020 1560 1069 inter
1579 1019 1660 1067 omnia
1685 1017 1768 1080 signa,
1793 1027 1850 1081 qnae

1079 1127 1103 1175 io
1120 1124 1181 1175 coto
1192 1126 1218 1175 et
1239 1119 1337 1173 sublimi
1354 1118 1417 1169 siris
1436 1117 1532 1181 ragione
1552 1114 1724 1173 observantur,
1742 1124 1771 1161 ea
1788 1124 1852 1173 pras·

1080 1221 1230 1272 stantissima
1247 1232 1302 1270 esse
1317 1230 1374 1281 qum
1390 1230 1404 1264 a
1421 1218 1488 1277 parte
1506 1210 1709 1277 praestantissima
1727 1210 1844 1271 apparant

1080 1318 1200 1376 Quoniam
1213 1319 1297 1367 autem
1315 1318 1398 1378 partes
1416 1312 1535 1362 orientem
1555 1322 1643 1373 vorsus
1654 1308 1791 1371 speetamm
1803 1312 1853 1355 me

1081 1416 1153 1466 liores
1166 1396 1373 1473 babentnr‘quam
1389 1412 1471 1472 partes
1484 1404 1656 1469 occidentales,
1673 1406 1725 1453 tum
1740 1383 1854 1450 etiamin'

1082 1512 1121 1561 bis
1130 1510 1187 1574 ipsis
1199 1508 1358 1559 orientalibus
1365 1504 1511 1557 exeelnores
1531 1504 1589 1552 snot
1600 1498 1709 1550 borealea
1724 1490 1855 1561 qnam'aui

1083 1608 1186 1668 strales,
1205 1605 1291 1656 merito
1304 1603 1488 1655 bachabantur
1506 1601 1606 1664 optima.
1639 1601 1671 1647 tlt
1683 1609 1742 1647 vero
1757 1594 1857 1657 quidam

1084 1701 1194 1761 tradunt,
1204 1700 1253 1750 iem
1265 1699 1350 1763 priscis
1367 1696 1517 1761 temporibus
1525 1698 1581 1744 ante
1593 1693 1713 1754 receptam
1726 1690 1856 1738 Etruscam

1084 1793 1235 1857 disciplinam
1244 1795 1409 1842 Romanorum
1418 1789 1523 1838 maiores
1531 1799 1546 1836 a
1555 1783 1657 1835 sinistris
1669 1781 1797 1831 micantia
1809 1778 1856 1828 iul·

1085 1900 1146 1950 gnra
1167 1885 1245 1935 renos
1259 1882 1408 1933 ιωιιιιιιι.
1440 1879 1544 1929 nomo
1557 1876 1622 1927 enm
1635 1877 1718 1926 ems
1731 1873 1791 1934 ooo,
1806 1858 1857 1943 quo

1087 1977 1234 2043 temporeab
1244 1974 1361 2035 Etruscis,
1370 1974 1459 2037 quibus
1473 1985 1516 2023 rex
1523 1969 1657 2020 ileseotins
1673 1962 1860 2031 praerat,belld

1087 2077 1112 2123 et
1119 2070 1243 2121 obsidione
1257 2067 1418 2132 premebatur,
1429 2065 1453 2114 in
1466 2068 1575 2115 extrema
1586 2061 1720 2124 eruptione,
1729 2072 1804 2122 ουτοι
1814 2047 1857 2107 τει-Δ

1088 2164 1185 2213 buslam
1193 2160 1326 2225 desperatis
1333 2160 1444 2209 lecturus
1452 2158 1515 2217 erat,
1526 2169 1581 2205 cum
1590 2153 1762 2205 lamentatione
1775 2150 1859 2200 Inveni

1088 2259 1114 2306 et
1126 2256 1233 2319 reliquos
1243 2253 1303 2303 deos
1315 2249 1437 2315 precanti,
1451 2251 1478 2298 ut
1489 2247 1536 2297 sibi
1546 2247 1604 2297 telis
1617 2244 1715 2307 aliquod
1724 2243 1861 2307 eruptionis

1089 2348 1184 2411 signum
1209 2347 1306 2404 darent,
1329 2344 1412 2393 lerunt
1432 2354 1517 2390 sereno
1539 2340 1600 2388 orelo
1629 2336 1763 2386 asinistra
1780 2333 1862 2399 tulgus

1089 2444 1224 2494 emicuisse.
1257 2440 1328 2499 Quod
1346 2440 1455 2503 signum,
1478 2436 1535 2499 qnia
1559 2434 1672 2499 proelium
1691 2435 1745 2481 turn
1763 2430 1786 2480 ei
1807 2429 1859 2479 leli·

1090 2535 1188 2586 cissime
1209 2531 1341 2589 successit,
1356 2528 1421 2594 apud
1444 2533 1556 2592 posteros
1582 2527 1698 2588 perpetuo
1718 2522 1776 2571 lelix
1792 2520 1864 2571 babi-

1091 2633 1144 2677 tum
1157 2640 1219 2677 esse.
1446 2620 1448 2623 ’

1121 2730 1164 2779 vl.
1183 2730 1251 2778 Tunc
1261 2725 1336 2787 igitm
1346 2721 1472 2780 Romulus,
1485 2732 1542 2770 cnm
1556 2730 1571 2767 a
1584 2716 1632 2766 diis
1655 2717 1722 2765 certa
1743 2714 1781 2764 sui
1795 2714 1864 2777 regni

1093 2824 1310 2891 simaacmpisset
1329 2818 1503 2873 convocatoad
1521 2816 1660 2867 contionem
1680 2813 1768 2877 populo
1782 2816 1808 2862 et
1817 2825 1864 2861 αιι-

1093 2928 1176 2992 spiclis
1186 2924 1325 2983 declsratis,
1337 2922 1369 2973 ab
1380 2921 1429 2970 illis
1439 2933 1482 2969 rea
1493 2921 1605 2975 creatum
1619 2918 1645 2965 et
1654 2914 1720 2963 bunc
1732 2924 1826 2962 morem
1838 2911 1862 2958 in

1093 3038 1217 3100 posternam
1226 3032 1259 3083 ab
1268 3030 1384 3080 omnibns
1395 3024 1543 3077 serrandum
1552 3020 1667 3082 institnit,
1680 3034 1710 3071 oe
1719 3019 1775 3083 quis
1781 3021 1870 3069 antre-

1095 3137 1221 3200 gnomoni
1230 3132 1400 3196 magistratum
1410 3128 1515 3190 caperet,
1524 3125 1569 3174 nisi
1581 3127 1606 3173 et
1619 3122 1671 3185 ipsa
1682 3120 1722 3170 dei
1735 3118 1872 3170 auctoritas

1095 3238 1121 3287 id
1132 3234 1322 3299 comprobasset,
1335 3234 1411 3294 atque
1425 3228 1465 3277 tric
1476 3239 1530 3276 mos
1553 3221 1729 3288 captandorum
1746 3217 1869 3282 auspicio·

1097 3356 1152 3392 rum
1166 3341 1236 3391 dina
1254 3334 1371 3388 Romanis
1385 3334 1530 3383 observatus
1548 3331 1594 3384 est.
1614 3341 1663 3378 non
1679 3326 1759 3375 solum
1774 3322 1820 3373 snb
1831 3335 1868 3373 re·

1097 3442 1177 3507 gibus,
1199 3438 1242 3491 sed
1262 3437 1340 3489 etiam
1351 3437 1407 3498 post
1418 3435 1519 3483 exactos
1535 3442 1614 3492 reges,
1625 3427 1649 3476 io
1663 3425 1800 3482 consulum,
1812 3433 1880 3485 prse-

1097 3548 1228 3607 tuismet
1244 3543 1348 3593 oliorum
1358 3538 1521 3603 legitimorum
1536 3533 1721 3596 magistratuum
1739 3527 1871 3578 creatione.

1099 3656 1130 3702 Αἰ
1145 3654 1228 3700 nostra
1240 3648 1314 3697 atate
1331 3643 1372 3693 liic
1384 3652 1439 3690 mos
1450 3636 1562 3688 sublatus
1579 3637 1633 3694 est,
1650 3636 1676 3683 et
1688 3634 1785 3680 autom
1798 3640 1872 3692 qun·

1099 3758 1155 3807 dam
1174 3754 1227 3805 eins
1244 3752 1324 3814 imago
1343 3746 1464 3811 religionis
1488 3754 1576 3791 caussa
1599 3738 1715 3788 remanet.
1727 3732 1876 3795 bonosum

1100 3862 1163 3912 enim
1180 3859 1263 3910 sedem
1284 3853 1397 3917 capiunt,
1418 3853 1443 3900 et
1464 3847 1511 3897 sub
1529 3843 1700 3908 crepusculum
1724 3837 1876 3888 matutinum

1101 3968 1214 4029 snrgunt,
1231 3966 1256 4012 et
1280 3957 1398 4023 quasdam
1418 3965 1504 4018 preces
1522 3949 1569 4000 sub
1589 3947 1631 3997 dio
1649 3945 1777 4009 peragunt.
1809 3941 1876 3989 ‘lum

1102 4069 1192 4135 aliquis
1210 4081 1240 4118 en
1255 4061 1396 4129 auspicibus
1411 4058 1454 4122 qui
1473 4055 1562 4106 adsunt
1576 4051 1667 4114 quique
1685 4045 1784 4111 publica
1796 4055 1875 4108 pecn-

1103 4174 1143 4223 nio
1161 4171 1259 4221 aluntur
1285 4165 1393 4227 fulgura
1413 4158 1520 4215 sinistra,
1542 4151 1655 4217 quamvis
1680 4146 1774 4196 nullum
1792 4155 1868 4207 apps-

1104 4269 1188 4331 rnerit,
1204 4268 1283 4317 risum
1294 4259 1441 4329 pronuntiat.
1475 4256 1514 4306 llll
1526 4266 1586 4303 roro
1599 4250 1700 4313 accepto
1716 4244 1783 4296 noeis
1794 4242 1878 4294 omine

1105 4372 1135 4421 ad
1156 4368 1324 4430 magistratum
1344 4358 1488 4422 capiendum
1512 4353 1624 4404 abeunt:
1645 4346 1754 4400 nonnulli
1779 4342 1879 4408 quidem

1106 4477 1154 4528 rati
1168 4475 1213 4524 hoc
1235 4471 1315 4534 ipsum
1334 4464 1455 4522 snllioere,
1479 4458 1547 4523 quod
1568 4454 1660 4505 nullum
1683 4447 1834 4501 contrarium
1853 4447 1880 4494 et

1106 4583 1237 4634 adversum
1267 4571 1405 4638 auspicium
1428 4564 1568 4631 apparuerit
1590 4578 1597 4609 ι
1623 4554 1732 4608 nonnulli
1754 4565 1814 4602 vero
1839 4549 1881 4599 rel

1108 4687 1193 4737 eontra
1214 4679 1293 4744 ipsius
1310 4673 1350 4725 dei
1371 4666 1524 4735 prohibentis
1552 4660 1731 4714 voluntatem:
1757 4649 1881 4703 interdum

1108 4787 1172 4838 enirn
1195 4778 1353 4843 magistratus
1373 4769 1478 4836 pervim
1495 4765 1580 4831 potius
1601 4758 1706 4823 rapiunt,
1726 4766 1801 4817 quam
1819 4748 1884 4799 acci·

1108 4887 1188 4951 piunt.
1221 4879 1374 4944 Quapropter
1390 4870 1462 4922 molti
1478 4868 1605 4918 terrestres
1625 4863 1793 4912 Romanorum
1811 4863 1883 4901 exer-

1109 4988 1174 5038 citus
1188 4981 1350 5035 internecione
1363 4973 1438 5027 deleti
1452 4973 1518 5030 sunt,
1527 4972 1551 5019 el
1563 4963 1647 5016 multoe
1666 4960 1758 5010 classes
1775 4955 1800 5004 in
1820 4951 1884 5001 mari

1109 5103 1159 5139 una
1170 5100 1228 5138 cnm
1240 5084 1301 5148 ipsis
1316 5076 1434 5131 militibus
1449 5071 1590 5137 perierunt,
1612 5063 1715 5125 aliaque
1727 5054 1813 5107 clades
1825 5063 1882 5101 ma-

1110 5202 1165 5255 gnae
1185 5190 1311 5250 etgraves
1335 5176 1473 5243 reipublicae
1491 5169 1642 5227 acciderunt,
1662 5175 1718 5213 cnm
1733 5158 1757 5209 in
1775 5149 1887 5206 oroma
