4068 5924
255 414 313 472 ltu
783 409 947 471 prodiisti
969 408 1347 473 Hnttclitltasssitsls

255 542 355 612 αὐτούς·
374 572 387 596 ι
400 543 505 623 Ἄνδρες
518 542 659 623 Ὁράτιοι,
683 541 847 624 Φουφέττιος
863 545 877 600 ό
903 541 1029 610 litavi<

256 635 318 699 ιείς
331 631 422 710 λόγους
435 630 564 690 συνελθὼν
579 631 639 707 ἐμοὶ
659 630 707 701 τήν
722 629 874 690 τελευταίαν
890 630 933 695 ἐπὶ
949 654 1029 710 στρα-

253 749 266 773 ι
281 720 389 780 τοπέδου
413 720 519 778 σύνοδον
542 718 592 800 ἐφη
613 717 672 783 τοὺς
688 719 951 799 προκινδυνεύσοντας
964 718 1030 799 ὑπέρ

256 808 411 887 ,ιιέκατέρας
425 807 525 874 πολεως
542 811 611 887 τρεῖς
631 808 726 888 ἄνδρας
739 808 772 867 τδι
795 808 899 886 πολέμι’
920 807 1031 887 άγαθοῖις

255 921 270 953 ιι
289 897 357 956 κατδι
370 896 440 956 θείαν
459 901 613 975 γεγενῆσθαι
628 897 768 974 πρόνοιαν,
779 887 816 956 ών
826 898 874 956 ούκ
890 895 921 954 διν
936 894 1028 976 εὔροι-

255 1007 271 1040 ιι
286 1007 334 1061 μεν
347 983 513 1062 ἐτέρουςούτε
523 983 718 1063 γενναιοτέρους
727 983 783 1044 οὔτ’
798 983 1028 1061 ἐπιτηδειοτέρους·

255 1095 270 1128 ιι
285 1070 418 1131 ’λλύανῶν
432 1072 478 1149 μέν
490 1072 655 1152 Κοριατίους,
665 1070 807 1148 Ῥωμαίων
817 1071 839 1130 δ’
850 1076 930 1150 ὑμᾶς.
942 1070 1031 1132 Τοῦτό

255 1184 271 1216 α
285 1184 313 1219 τε
329 1161 490 1235 καταμαθών
506 1160 582 1227 αὐτὸς
596 1159 750 1230 ἐξητακέναι
762 1164 884 1238 πρῶτον,
897 1162 920 1218 εί
936 1161 1030 1237 βουλο-

255 1273 270 1304 ιι
287 1248 373 1324 μένοις
388 1247 429 1321 είη
442 1253 496 1316 τοῖς
512 1250 626 1330 ἀνεψιοῖς
639 1251 714 1325 ὑμῶν
725 1250 858 1307 ἐπιδοῦναι
872 1246 905 1306 τδι
918 1247 1030 1322 σώματα

255 1361 271 1392 ιι
287 1342 321 1417 τῇ
343 1338 458 1416 πατρίδι·
475 1334 566 1414 μαθών
591 1337 613 1394 δ’
638 1335 732 1403 αύτούς
757 1335 962 1416 ἀναδεχομένους
986 1334 1030 1393 τὸν

255 1448 270 1480 ιι
286 1425 352 1505 ὑπὲρ
366 1425 491 1484 ἁπάντων
501 1427 591 1504 ἀγῶνα
601 1424 669 1483 κατδ
680 1423 780 1495 πολλὴν
791 1423 951 1505 προθυμίαν,
966 1429 1030 1504 θαρ·

255 1538 269 1573 ε
287 1519 338 1593 ρῶν
363 1517 398 1581 είς
414 1516 493 1591 μέσον
519 1513 636 1595 ἐκφέρειν
664 1513 716 1585 ήδη
739 1511 892 1590 τὸνλόγον,
912 1511 985 1583 ἠξίου
1001 1535 1030 1571 τε

254 1627 269 1660 ε
286 1604 331 1663 καὶ
347 1605 394 1681 ἐμέ
411 1612 506 1684 πεῖραν
523 1606 596 1678 ὑμῶν
617 1601 725 1675 λαθεῖν,
741 1601 851 1681 πότερον
866 1599 1030 1680 βουλήσεσθε

255 1694 501 1772 «προκινδυνεῦσαι
525 1696 571 1763 τῆς
593 1692 720 1771 πατρίδος
743 1690 825 1769 δμύσε
859 1691 1030 1769 χωρήσαντες

256 1805 271 1835 ιι
290 1781 436 1860 Κοριατίοις
457 1781 474 1850 ἢ
494 1780 679 1861 παραχωρεῖτε
699 1783 746 1849 τῆς
766 1777 915 1858 φιλοτιμίας
933 1776 1030 1849 ταύτης

256 1896 271 1925 ιι
289 1871 392 1950 έτέροις.
435 1869 510 1948 Ἐγὼ
533 1870 555 1927 δ’
571 1872 666 1947 ἀρετῆς
682 1868 729 1944 μέν
745 1866 820 1927 ένεκα
840 1867 885 1927 καλ
898 1871 946 1938 τῆς
960 1866 1030 1926 κατδ

255 1982 270 2014 ιι
286 1962 363 2038 χεῖρα
378 1958 616 2036 γενναιότητος,ήν
630 1958 660 2016 οὗ
669 1955 849 2016 λανθάνουσαν
861 1956 946 2037 ἔχετε,
960 1957 1029 2014 πάν-

255 2072 270 2102 u
286 2072 338 2105 των
354 2047 460 2124 μάλιστ’
473 2046 505 2105 δν
522 2045 659 2122 δεξάμενος
681 2047 751 2120 ὑμᾶς
767 2043 811 2103 τδν
823 2043 889 2122 ύτέρ
900 2046 952 2102 τῶν
965 2045 1028 2120 αἰρι-

255 2160 270 2190 ιι
286 2135 378 2195 στείων
392 2135 507 2197 κίνδυνον
529 2135 660 2214 ἄρασθαι,
677 2130 799 2199 δεδοικώς
813 2131 840 2191 δέ
863 2130 943 2210 μήτὸ
964 2131 1028 2212 πρὸς

193 2244 221 2285 to
255 2246 269 2279 ε
285 2220 344 2289 τοὺς
361 2221 503 2289 Ἀλόανοὺς
521 2222 663 2302 τριδύμους
683 2217 806 2299 συγγενές
824 2220 949 2296 ἐμπόδιον
965 2223 1027 2297 ὑμῖν

254 2337 267 2367 ιι
286 2312 393 2388 γένηται
408 2315 456 2380 τῆς
468 2310 628 2391 προθυμίας,
642 2308 735 2390 χρόνον
751 2308 895 2388 ᾐτησάμην
910 2310 947 2374 εἰς
967 2312 1028 2386 βου-

252 2425 266 2454 ιι
282 2401 345 2475 iia,
369 2399 508 2480 ἀνακωχὰς
534 2398 695 2478 δεχημέρους
725 2395 913 2477 ποιησάμενος·
941 2398 977 2462 ὡς
999 2395 1023 2452 δ’

251 2513 266 2544 ιι
283 2489 414 2569 ἀφικόμην
431 2492 504 2567 δεῦρο
518 2488 566 2559 τήν
588 2488 684 2567 βουλήν
706 2485 870 2545 συνεκάλεσα
882 2482 927 2541 καὶ
943 2481 1026 2561 πρού-

251 2602 266 2634 c
281 2583 349 2648 θηκα
363 2578 423 2656 περὶ
437 2581 482 2634 τοῦ
496 2578 650 2655 πράγματος
669 2577 696 2632 ἐν
719 2578 798 2653 κοινῷ
810 2576 930 2633 σκοπεῖν·
948 2571 1025 2639 δόξαν

167 2659 173 2671 ”
193 2691 220 2728 as
252 2691 266 2722 ιι
283 2664 310 2725 δέ
324 2676 382 2732 ταῖς
395 2664 497 2724 πλείοσι
507 2664 634 2740 γνώμαις,
644 2665 667 2723 εί
682 2663 730 2738 μέν
742 2662 843 2728 ἑκόντες
856 2660 1027 2739 ἀναδέχοισθε

252 2779 267 2809 ιι
284 2755 327 2814 τὸν
353 2758 443 2831 ἀγῶνα
460 2755 539 2811 καλὸν
568 2752 631 2812 ὄντα
657 2752 702 2810 καῖ
722 2749 879 2829 προσήκονθ’
894 2752 972 2824 ὑμῖν.
997 2748 1025 2808 δν

251 2865 265 2899 ιι
283 2839 335 2919 ἐγὼ
349 2841 479 2922 πρόθυμος
498 2840 570 2912 ήμην
589 2840 665 2916 μόνος
679 2838 746 2918 ὑπέρ
764 2838 888 2897 ἁπάντων
904 2836 1025 2915 διαγωνί-

250 2954 265 2986 ιι
281 2935 393 3003 σασθαι,
407 2932 523 2989 ἐπαινεῖν
541 2953 569 2988 τε
584 2927 630 2986 καῖ
651 2927 776 3006 δέχεσθαι
790 2926 838 2997 τήν
852 2926 931 3006 χάριν
942 2929 1025 3003 ὑμῶν·

251 3022 304 3078 asi
323 3021 351 3078 δέ
372 3020 401 3078 τὸ
426 3018 547 3096 συγγενές
567 3014 751 3096 ἐντρεπόμενοι
772 3016 897 3091 μίασμα,
922 3016 951 3074 ού
974 3015 1025 3094 γδιρ

192 3131 220 3171 ει)
251 3134 266 3165 ιι
282 3109 314 3180 δή
329 3109 405 3169 κακοί
420 3108 508 3189 ψυχήν
531 3108 715 3181 ὁμολογοῦντες
731 3093 811 3174 εἶναι,
831 3103 891 3171 τοὺς
905 3101 955 3171 ἐξω
976 3107 1024 3161 τοῦ

251 3221 265 3255 ιι
281 3198 369 3274 γένους
386 3195 526 3265 ἀξιώσαιτε
541 3196 650 3267 καλεῖν,
673 3191 806 3268 μηδεμίαν
829 3195 891 3267 ύμῖν
906 3190 1023 3270 ἀνάγκην

251 3309 267 3341 α
284 3287 450 3367 προσφέρειν.
492 3288 588 3346 Ταῦτα
601 3286 648 3351 τῆς
669 3282 765 3360 βουλῆς
779 3280 964 3359 ψηφισαμένης
980 3281 1024 3336 καὶ

250 3397 264 3430 α
281 3374 340 3434 οὔτε
362 3376 426 3455 πρὸς
444 3373 524 3454 ὀργήν
540 3370 696 3449 δεξομένης,
713 3371 736 3427 εἶ
760 3366 792 3427 δι’
807 3368 884 3428 ὄκνου
903 3367 934 3425 τὸ
947 3367 1023 3446 ἐργον

251 3489 267 3519 ιι
281 3464 405 3534 λάθοιτε,
420 3463 480 3523 οὔτε
495 3459 592 3542 μικράν
605 3459 684 3538 χάριν
703 3455 840 3532 εἰσομένης
854 3460 927 3532 ὑμῖν,
945 3459 968 3515 εέ
980 3480 1025 3515 τι·

9 3504 11 3551 ί
116 3560 120 3565 “
192 3573 218 3613 ts
250 3552 453 3633 «prostoci
480 3550 566 3623 ’.θέσθε
584 3551 632 3618 τῆς
652 3542 804 3626 συῖίενῖίῖς
826 3543 874 3616 τὴν
894 3542 1024 3625 πατρίδα’

250 3643 417 3723 ιιτυγχάνετ’
436 3665 465 3701 ευ
489 3637 731 3720 βουλευσάμεναι.»

286 3732 378 3793 xvii.
402 3729 451 3798 Ὦς
474 3729 506 3802 δὴ
531 3729 605 3786 ταῦτ’
624 3726 741 3798 ήκουσαν
764 3724 789 3783 οί
818 3722 919 3783 νεανίαι
942 3745 1024 3799 μετα·

246 3822 352 3887 στάντες
371 3819 482 3899 έτέρωσε
506 3816 551 3874 καλ
574 3812 748 3894 διαλεχθέντες
762 3811 837 3888 ὀλίγα
861 3811 925 3891 πρὸς
945 3811 1025 3882 άλλή·

246 3910 305 3974 λους
329 3910 522 3989 προσέρχονται
548 3904 628 3963 πάλιν
655 3899 889 3978 ἀποκρινούμενοι,
911 3899 957 3957 καὶ
980 3898 1023 3957 λέ-

192 4019 220 4057 ευ
245 4019 285 4072 γει
306 3997 372 4075 ὑπὲρ
391 3995 515 4055 ἁπάντων
539 3989 749 4071 όπρισύύτατος
768 3989 864 4047 τοιάδε·
883 4009 898 4041 ιι
921 3989 954 4047 El
975 3986 1023 4063 μὲν

248 4108 262 4141 ε
280 4086 420 4163 ἐλευθέροις
440 4091 504 4162 ἡμῖν
528 4073 587 4142 ούσι
605 4082 650 4141 καλ
671 4080 768 4159 κυρίοις
788 4080 835 4147 τῆς
858 4076 925 4143 ἰδίας
951 4077 1024 4152 γνώ-

248 4193 330 4248 ιιμης
348 4170 465 4239 ἐξουσίαν
489 4179 629 4251 παρεῖχες,
655 4158 678 4228 ὦ
698 4166 804 4239 Τύλλε,
831 4165 1024 4245 βουλεύσασθαι

248 4284 264 4316 α
280 4259 341 4341 περὶ
364 4265 410 4318 τοῦ
435 4259 498 4338 πρὸς
517 4257 575 4325 τούς
601 4256 719 4339 ἀνεψιοὺς
748 4260 863 4335 ἀγῶνος,
886 4254 959 4311 ούθέν
984 4252 1023 4312 έτι

248 4347 501 4424 «διαμελλήσαντες
523 4347 707 4428 άπεκρινάμεθ
725 4347 756 4406 άν
778 4367 819 4404 σοι
842 4342 901 4411 τοὺς
924 4347 1022 4402 ἑαυτῶν

191 4467 216 4504 ις
247 4462 261 4496 ε
280 4437 469 4516 διαλογισμούς·
483 4437 572 4506 ἐπειδὴ
587 4436 614 4495 δέ
624 4436 754 4514 περίεστιν
770 4435 834 4509 ἡμῖν
856 4433 981 4511 όπατήρ,
994 4424 1024 4491 οὗ

248 4555 263 4585 α
278 4527 359 4609 χωρὶς
376 4527 433 4587 οὐδέ
448 4526 595 4605 τάλάχιστα
607 4522 693 4600 λέγειν
707 4522 725 4594 ἦ
746 4522 870 4602 πράττειν
886 4520 1019 4594 ἀξιοῦμεν,

247 4640 263 4672 ιι
279 4615 419 4692 αἰτούμεθά
435 4637 466 4675 σε
479 4613 566 4692 ὀλίγον
586 4605 760 4678 ἀναδέξασθαι
775 4609 868 4689 χρόνον
887 4606 935 4676 τήν
951 4605 1017 4663 ἀπό-

245 4732 258 4756 ι
273 4727 358 4783 κρισιν
374 4708 466 4780 ήμῶν,
486 4700 534 4769 to<
547 4703 585 4781 τῷ
596 4697 676 4778 πατρλ
691 4700 906 4776 διαλεχθῶμεν.»
923 4694 1020 4754 Ἐπαι-

244 4793 364 4860 νέσαντος
382 4793 408 4851 δέ
430 4798 476 4851 τοῦ
495 4790 599 4852 Τύλλου
618 4785 666 4859 τήν
690 4787 823 4847 εύσέύειαν
849 4787 951 4854 αὐτῶν,
973 4782 1018 4840 καὶ

191 4907 218 4944 so
245 4883 414 4947 κελεύσαντος
439 4880 507 4940 οὕτω
532 4886 631 4950 ποιεῖν,
660 4875 779 4955 ἀπῄεσαν
793 4879 828 4943 ὡς
843 4874 886 4933 τὸν
902 4872 1017 4951 πατέρα.

245 4967 419 5039 Δηλώσοιντες
438 4970 460 5027 θ’
490 4970 561 5047 αύτῷ
588 4964 634 5031 τδις
654 4964 813 5045 προκλήσεις
834 4968 879 5020 τοῦ
900 4963 1020 5038 Φουφετ-

244 5056 300 5115 τίου
314 5056 360 5135 καὶ
372 5056 415 5121 οὒς
428 5059 442 5114 ό
456 5056 560 5122 Τύλλος
573 5053 693 5132 διελέχθη
705 5051 795 5130 λόγους
808 5050 853 5109 καλ
866 5046 1019 5109 τελευταίαν

244 5144 291 5217 τήν
310 5146 409 5202 ἑαυτῶν
430 5144 583 5223 ἀπόκρισιν,
597 5142 685 5214 ἠξίουν
705 5142 786 5198 εἰπεῖν
805 5136 896 5209 ήντινα
911 5135 1019 5214 γνώμην

245 5228 321 5299 αὐτὸς
337 5228 405 5310 ἔχει.
447 5229 482 5290 ‘0
502 5227 691 5302 δ’ύπολαόών,
709 5233 724 5282 ιι
741 5225 811 5286 Ἀλλ’
829 5223 932 5291 εὐσεόές
947 5224 1014 5302 μέν,

1083 553 1192 617 geminos
1201 554 1305 617 ἐτεῑτοο,
1315 558 1390 619 atqie
1401 555 1436 605 ita
1447 566 1490 603 eos
1501 553 1626 603 allocutus
1636 555 1689 611 est;
1705 570 1717 596 ι
1729 551 1860 611 Fullellus.

1085 662 1097 686 ι
1112 643 1220 705 Horatii,
1233 658 1289 695 curn
1312 645 1421 695 venisset
1433 656 1530 694 mecum
1545 642 1571 693 in
1584 641 1743 707 colloquium,
1767 643 1790 692 in
1815 656 1861 708 po·

1085 735 1204 782 «soemo
1221 732 1322 782 oonsilio
1339 733 1366 782 tn
1385 731 1474 783 castris
1493 730 1577 782 lnahlto
1592 729 1658 781 dixit
1676 729 1760 782 divina
1778 731 1861 795 prosi·

1085 838 1097 862 ι
1112 819 1306 879 ιὶοοείεῐοοειιιιι,
1320 824 1348 871 ut
1358 825 1407 872 ires
1418 821 1465 871 riri
1480 820 1555 871 tortos
1570 819 1603 870 ad
1612 819 1755 870 certaminis
1763 820 1862 884 pericu·

1068 964 1071 969 ⁴
1084 928 1097 952 ιι
1112 908 1163 959 lum
1174 922 1220 973 pro
1230 913 1333 972 utraque
1345 909 1444 960 usitate
1457 908 1613 960 sileundnrn
1623 907 1672 959 lun
1682 908 1860 973 paratiesscnt‚

1085 1014 1098 1038 ι
1112 998 1203 1060 quibus
1217 1012 1296 1061 neque
1309 997 1371 1049 alios
1388 998 1556 1062 generosiores
1565 1011 1647 1062 neque
1661 998 1741 1062 mame
1759 997 1862 1048 idoneos

1086 1086 1217 1149 srepcrire
1235 1100 1364 1150 possennus
1389 1101 1445 1138 ιον
1456 1088 1555 1138 Αἰθιοπία
1579 1087 1679 1151 quidem
1702 1085 1813 1146 curatii,
1830 1100 1862 1137 en

1085 1193 1097 1217 ι
1113 1175 1228 1226 Romanis
1246 1188 1307 1227 vero
1326 1180 1423 1226 uosmet
1443 1176 1499 1241 ipsi.
1532 1181 1615 1239 Atque
1632 1175 1680 1225 linc
1702 1189 1729 1226 re
1749 1175 1861 1238 coquite,

1085 1284 1099 1309 ιι
1115 1265 1194 1326 dimi,
1204 1265 1349 1328 septimum
1359 1269 1543 1330 perscnrlatum
1555 1279 1624 1325 esse,
1633 1279 1665 1314 an
1681 1266 1769 1315 vellent
1782 1267 1860 1316 vestri

1085 1372 1097 1396 ιι
1113 1354 1253 1405 consobrini
1268 1356 1355 1419 petrice
1376 1369 1421 1406 saa
1440 1368 1543 1420 corpora
1558 1354 1650 1406 donare
1669 1368 1676 1396 τ
1697 1358 1798 1405 etcum
1818 1368 1861 1405 sos

1085 1461 1097 1485 ι
1112 1442 1144 1493 ad
1167 1442 1348 1494 decernendum
1377 1443 1410 1494 dc
1431 1457 1528 1495 summe
1553 1456 1635 1493 rerum
1664 1456 1753 1505 magna
1783 1443 1860 1492 animi

1085 1531 1239 1583 «alacritate
1255 1537 1282 1583 et
1297 1533 1444 1584 confidentia
1473 1537 1572 1597 paratos
1592 1531 1708 1593 vidisset,
1732 1535 1787 1582 tum
1813 1531 1859 1581 de·

1085 1636 1097 1660 ιι
1112 1631 1181 1668 mum
1202 1618 1331 1669 consilinm
1351 1633 1424 1670 suum
1448 1620 1600 1671 inmedinm
1613 1620 1759 1684 protulisse,
1776 1622 1802 1670 et
1820 1633 1860 1670 me

1084 1727 1096 1750 ι
1112 1720 1198 1769 rogare
1231 1711 1259 1758 ut
1292 1708 1418 1771 explorem
1448 1709 1562 1773 quisnam
1593 1710 1729 1759 silvester
1749 1707 1859 1767 enimus,

1085 1812 1097 1835 ιι
1111 1795 1196 1843 utrum
1208 1806 1255 1857 pro
1266 1793 1346 1857 patria
1360 1806 1416 1844 cnm
1434 1794 1551 1845 Curiatiis
1560 1793 1705 1845 dimicantes
1716 1793 1860 1858 periclitari,

1084 1896 1097 1921 ιι
1112 1891 1145 1928 aa
1167 1878 1242 1928 istum
1258 1878 1378 1929 honorem
1399 1879 1455 1928 aliis
1468 1878 1604 1929 concedere
1617 1878 1707 1929 velitis.
1741 1878 1861 1943 squidem

1083 1979 1096 2005 ι
1111 1961 1233 2012 neminem
1247 1960 1364 2012 libentius
1382 1975 1457 2024 quem
1475 1975 1528 2019 ros.
1542 1963 1584 2024 qui
1607 1961 1666 2010 lorti
1686 1959 1767 2010 animo
1787 1963 1862 2024 atque

1084 2066 1095 2087 ι
1114 2060 1189 2096 nnanu
1213 2046 1308 2096 strenui
1329 2047 1389 2096 estis
1407 2044 1451 2109 (id
1473 2046 1541 2109 qnod
1563 2046 1722 2095 manifestum
1743 2046 1798 2105 est)
1815 2057 1861 2108 pro

1083 2149 1096 2173 ιι
1111 2132 1204 2181 lionore
1221 2135 1248 2181 et
1269 2130 1345 2195 gloria
1364 2131 1498 2195 periculum
1515 2129 1600 2180 sallire
1615 2128 1728 2180 uellem:
1750 2126 1794 2177 sed
1813 2140 1859 2177 rc·

1084 2216 1174 2267 «ritus
1189 2230 1220 2268 ne
1234 2218 1362 2280 cognatio,
1382 2230 1439 2279 quau
1460 2215 1532 2265 voltis
1554 2229 1610 2264 cum
1629 2213 1764 2276 trigeminis
1782 2211 1859 2262 stoa-

1083 2319 1095 2341 ι
1113 2300 1152 2349 nis
1173 2298 1317 2360 intercedit,
1342 2302 1451 2349 uestram
1468 2297 1622 2347 alacritatem
1643 2294 1789 2359 impediret,
1801 2297 1861 2344 tcm-

1083 2401 1095 2425 ι
1110 2395 1157 2445 pus
1177 2382 1209 2432 ad
1231 2382 1416 2433 deliberandum
1438 2381 1577 2445 postulari,
1600 2381 1672 2430 tactis
1694 2379 1780 2429 decern
1808 2376 1861 2428 die·

1082 2487 1094 2509 ι
1109 2483 1165 2519 rum
1191 2468 1306 2519 induciis.
1360 2472 1391 2519 Et
1410 2468 1484 2519 simul
1510 2472 1586 2531 atque
1606 2467 1656 2517 huc
1673 2466 1731 2518 veni
1747 2465 1861 2516 seusium

1082 2573 1094 2596 ι
1109 2555 1193 2620 coegi,
1217 2559 1243 2606 et
1270 2568 1321 2605 rem
1348 2553 1477 2619 proposui,
1498 2555 1528 2603 nt
1551 2552 1678 2602 communi
1700 2553 1802 2604 consilio
1823 2554 1861 2605 di·

1082 2661 1094 2685 ιι
1111 2641 1257 2704 spiceretur.
1291 2642 1356 2690 cum
1377 2641 1460 2689 autem
1472 2640 1552 2688 maior
1562 2642 1663 2690 serratas
1673 2652 1732 2704 pars
1746 2641 1860 2696 ducrere.

1081 2740 1094 2764 «
1108 2723 1155 2785 rit,
1171 2727 1200 2774 nt
1217 2723 1239 2773 si
1266 2721 1362 2773 lubenti
1380 2722 1461 2772 animo
1484 2724 1608 2772 certamen
1620 2721 1754 2772 honestum
1775 2726 1859 2777 vobis·

1082 2828 1094 2853 ι
1107 2824 1157 2873 que
1177 2809 1278 2872 dignum
1291 2806 1460 2871 susceperitis,
1476 2806 1508 2855 ad
1525 2805 1592 2868 quod
1605 2818 1648 2870 pro
1667 2807 1784 2858 omnibns
1798 2811 1859 2861 snb·

1081 2896 1217 2945 «eundum
1246 2906 1291 2957 ego
1313 2890 1379 2941 solus
1397 2894 1498 2954 paratus
1514 2902 1599 2949 eram,
1617 2902 1663 2938 ros
1690 2889 1860 2941 collaudemus

1083 2998 1093 3019 ι
1109 2982 1268 3040 resinamque
1282 2975 1429 3026 beneficium
1441 2974 1606 3037 accipiamns;
1619 2973 1658 3022 sin
1673 2985 1751 3033 vero,
1765 2987 1857 3036 cogne-

1081 3079 1092 3102 ι
1108 3058 1182 3110 tionis
1197 3057 1323 3122 piaculum
1343 3055 1432 3116 veriti,
1445 3068 1494 3104 non
1511 3054 1576 3103 euim
1596 3055 1697 3117 propter
1715 3052 1856 3117 ignauiam.

1081 3162 1093 3185 ι
1109 3142 1157 3192 hoc
1172 3141 1317 3191 recusaritis
1333 3145 1359 3191 et
1380 3139 1452 3189 alieni
1465 3137 1562 3201 generis
1581 3141 1798 3201 propiaquotores
1811 3151 1857 3187 ro-

1081 3245 1093 3270 ι
1108 3227 1200 3276 candos
1213 3224 1372 3285 censueritis,
1381 3227 1409 3273 ut
1422 3222 1515 3271 uallem
1526 3220 1596 3270 vobis
1606 3221 1779 3271 necessitatem
1791 3228 1857 3272 alte·

1080 3330 1093 3354 ι
1108 3323 1200 3370 munus,
1216 3322 1274 3358 cam
1294 3308 1439 3371 (taquam)
1456 3307 1557 3355 senatus
1573 3305 1621 3354 hoc
1640 3303 1798 3367 decreverit,
1814 3320 1859 3357 ne·

1080 3407 1158 3458 equa
1177 3392 1263 3456 iniquo
1285 3389 1367 3440 animo
1390 3389 1424 3438 sit
1442 3388 1554 3448 laturas,
1574 3387 1595 3436 si
1622 3387 1686 3437 laune
1705 3388 1859 3450 provinciam

1080 3474 1321 3536 «detrectaveritis,
1334 3485 1414 3535 neqm
1431 3483 1533 3535 parram
1550 3470 1656 3534 gratiam
1673 3468 1747 3520 volsis
1762 3470 1796 3521 sit
1815 3471 1856 3521 ira·

1080 3556 1378 3621 «θαυμασιώτατα
1398 3556 1506 3604 vestram
1526 3551 1663 3612 cognationi
1685 3553 1857 3616 protuleritis,

1079 3662 1092 3687 ιι
1107 3647 1218 3694 vestrum
1230 3644 1270 3691 est
1280 3640 1415 3690 deliberare
1426 3636 1546 3702 quidnam
1558 3635 1649 3686 tacturi
1663 3634 1729 3686 sitis.

1109 3742 1185 3790 livii.
1198 3741 1306 3788 turonos
1326 3736 1365 3785 liis
1383 3733 1473 3785 auditis
1487 3734 1656 3796 coemerunt,
1669 3735 1696 3782 et
1712 3736 1770 3796 post
1782 3731 1858 3783 larere

1077 3840 1228 3903 colloquium
1249 3836 1377 3887 redierunt
1398 3839 1427 3885 ut
1459 3847 1603 3899 responsum
1624 3834 1729 3892 derent3
1753 3837 1778 3883 et
1811 3845 1856 3895 pau
1911 3896 1915 3905 Ι

1077 3943 1190 3994 omnibns
1199 3944 1221 3992 is
1233 3941 1346 4008 quinutu
1357 3944 1411 3991 eret
1428 3937 1550 3989 maximus
1562 3937 1597 3987 ila
1609 3938 1706 3987 locutus
1717 3938 1757 3986 est
1771 3955 1777 3984 :
1794 3933 1852 3993 «Si,

1079 4066 1091 4090 ιι
1106 4047 1190 4107 Tullo,
1201 4046 1273 4097 uobis
1291 4044 1376 4096 liberis
1387 4047 1412 4093 et
1423 4040 1503 4093 nostri
1515 4039 1576 4089 iuris
1591 4041 1736 4103 potestatem
1754 4035 1855 4086 fecisses

1078 4169 1091 4194 ι
1106 4150 1261 4202 consultandi
1280 4150 1313 4200 de
1329 4148 1463 4199 certamine
1485 4158 1542 4196 cum
1556 4141 1711 4194 consobrinis
1733 4138 1855 4200 ineundo,

1077 4264 1090 4290 ι
1103 4245 1172 4295 nulle
1184 4244 1326 4308 interposita
1346 4256 1415 4293 mora
1433 4241 1644 4305 respondissemus
1658 4237 1719 4302 tabi,
1741 4247 1856 4302 quaenam

1077 4362 1091 4389 ιι
1103 4344 1171 4394 esset
1181 4345 1264 4392 nostra
1275 4340 1390 4391 noluntas
1400 4353 1407 4384 ι
1419 4338 1465 4390 sod
1477 4337 1594 4402 quonism
1604 4337 1675 4388 nobis
1685 4337 1754 4400 pater
1766 4336 1806 4385 est
1815 4344 1857 4382 su·

1077 4463 1091 4488 ιι
1104 4447 1209 4509 persice,
1219 4442 1271 4492 siue
1282 4454 1333 4504 quo
1344 4440 1405 4491 nilail
1416 4452 1448 4490 ne
1459 4439 1589 4490 minimum
1601 4437 1703 4501 quidem
1714 4439 1758 4486 sut
1770 4433 1854 4485 dicere

1077 4561 1090 4588 ι
1105 4545 1148 4591 eut
1161 4540 1242 4591 lacere
1260 4538 1331 4589 nobis
1347 4538 1421 4589 licere
1436 4542 1565 4603 putamus,
1576 4548 1691 4601 rogemus
1705 4537 1731 4586 te
1743 4538 1771 4585 ut
1781 4531 1851 4598 ptat-

1077 4658 1090 4684 ι
1104 4638 1180 4703 llsper
1190 4640 1302 4687 nostrum
1316 4638 1446 4700 exspectes
1457 4632 1616 4699 responsum,
1627 4632 1705 4683 donoc
1716 4646 1774 4682 cum
1785 4634 1855 4694 patra

1077 4758 1089 4784 ι
1105 4738 1153 4789 hac
1161 4737 1193 4789 de
1204 4750 1231 4789 re
1241 4736 1373 4802 egerimus.
1387 4755 1400 4780 ι
1432 4733 1740 4785 Laudataa'rulloeorum
1750 4732 1853 4795 pietate,

1077 4839 1139 4890 iussi
1154 4839 1188 4889 ita
1203 4838 1284 4888 iacere
1305 4837 1336 4886 ad
1348 4841 1445 4900 patrem
1471 4834 1578 4884 inerunt.
1617 4834 1751 4895 Postquam
1771 4828 1854 4878 autem

1075 4934 1098 4984 ei
1124 4934 1280 4985 declararunt
1300 4932 1359 4996 quid
1379 4931 1500 4983 Falletias
1521 4927 1704 4994 proposuisset,
1729 4929 1755 4976 et
1778 4921 1854 4974 verba

1075 5046 1133 5098 qum
1154 5033 1241 5084 Tullus
1264 5033 1368 5093 luceret,
1387 5034 1414 5082 et
1439 5027 1541 5079 tandem
1569 5025 1681 5089 ipsorum
1711 5018 1856 5086 responsio·

1075 5143 1145 5191 nem,
1155 5142 1214 5180 eum
1228 5131 1347 5192 mgarunt
1369 5130 1397 5177 nt
1413 5139 1484 5176 suam
1507 5124 1555 5174 hac
1565 5122 1597 5172 de
1615 5133 1643 5171 re
1655 5118 1805 5171 sententiam
1818 5115 1858 5166 di·

1075 5232 1151 5281 oeret.
1184 5227 1229 5279 llio
1243 5240 1304 5278 reno
1315 5227 1419 5289 excepte
1437 5236 1524 5275 eorum
1540 5217 1771 5287 oratione‚a1tem
1791 5214 1858 5279 plain
