4088 5936
260 384 320 444 eus
786 380 955 442 nroursu
977 380 1359 445 unnrennuassuusrs

261 485 418 598 ἐφηνέντῷ
439 513 490 594 πρδ
510 511 601 574 τούτου
616 510 701 593 λόγῳ·
715 508 763 581 τήν
778 510 806 571 δέ
832 516 882 571 τῶν
902 515 971 572 ναῦν
989 536 1040 571 κα·
1094 523 1119 573 in
1128 525 1255 589 superiore
1268 526 1330 576 libro
1338 526 1399 577 diri.
1434 525 1567 590 attempta
1578 523 1633 589 ipaa
1646 522 1877 589 perficerenonpo.

259 603 391 674 τασκῑυθν
415 605 463 661 ⁰¹3¹
483 605 548 682 ἶθθη
562 599 677 660 “Mb
719 602 807 661 Τοῦτο
832 600 864 674 ὅθ
885 601 916 659 τὸ
930 601 1040 679 ἶθίῡνθ
1094 627 1151 677 tuit.
1184 628 1248 677 Gurn
1257 626 1333 690 igitur
1346 627 1540 691 Tarquiniusex
1555 625 1793 677 decimesuessanae
1809 640 1875 691 prce-

260 692 405 773 Ταρκύνιος
421 688 474 749 ἀπδ
484 692 531 762 τῆς
544 686 656 760 δεκάτης
671 691 723 748 τῶν
738 691 769 747 ἐκ
787 687 906 761 Συέσσης
918 687 1041 770 λαφύρων

260 781 409 842 ἐπιτελέσαι
422 777 764 859 προαιρούμενος,ἀπαντας
778 775 838 846 τούς
850 778 972 858 τεχνίτας
981 777 1042 838 ἐπέ·

219 883 232 920 ⁶
260 894 342 942 στησε
355 877 414 937 ταῖς
429 869 572 949 ἐργασίαις.
618 865 704 928 Ἔνθα
727 868 759 941 δή
781 867 888 947 λέγεται
914 866 993 947 τέρας
1016 891 1041 927 τι

260 957 411 1036 θαυμαστὸν
423 958 557 1037 ὑπόγειον,
566 955 747 1037 ὀρυττομένων
756 979 784 1015 τε
793 959 846 1016 τῶν
857 955 985 1032 θεμελίων
996 978 1041 1015 και

1094 728 1134 780 dre
1145 729 1193 780 boc
1205 744 1269 794 opus
1289 730 1413 784 conticere
1423 730 1566 792 statuisset,
1583 741 1670 780 ornnes
1688 727 1791 794 opitices
1803 729 1834 780 ad
1851 729 1876 780 id

1031 868 1038 889 ι
1096 833 1259 898 pergerem
1269 834 1390 887 annuus.
1424 838 1492 888 runc
1506 812 1817 900 rerturmrruriquouum
1828 834 1877 887 san

1030 954 1038 976 r
1095 940 1162 988 terre
1177 936 1287 988 obtutum
1305 952 1361 990 esse
1380 939 1519 1005 prodigium
1532 941 1609 992 :dum
1628 940 1787 992 tundamenta
1806 939 1876 990 tode-

260 1051 306 1120 τῆς
327 1049 422 1126 ὀροφῆς
442 1051 478 1114 ti<
499 1045 566 1105 πολὺ
589 1046 666 1126 βάθος
688 1047 741 1118 ἤδη
760 1044 902 1125 προῑούοης
916 1048 1042 1126 οορῆοθοο
1096 1045 1182 1092 rentur
1197 1044 1223 1092 et
1239 1041 1292 1107 ipsa
1306 1043 1372 1095 torsa
1392 1045 1442 1095 iarn
1463 1045 1535 1096 vaide
1558 1045 1679 1110 protunda
1694 1048 1775 1105 esset,
1796 1044 1879 1095 iuren-

260 1138 379 1217 κεφαλὴν
391 1141 549 1216 νεοσφαγοῦς
565 1134 713 1213 ἀνθρώπου,
726 1134 796 1194 τότε
809 1133 949 1214 πρόσωπον
963 1132 1041 1213 έχου·
1095 1150 1150 1199 tum
1167 1160 1223 1199 esse
1241 1151 1316 1213 caput
1336 1148 1444 1200 bomiuler
1462 1162 1550 1201 reeens
1568 1148 1642 1207 ensi,
1664 1147 1762 1198 ruitum
1785 1145 1880 1199 babens

261 1246 311 1283 σαν
321 1228 375 1291 τοῖς
391 1225 518 1317 ἐμψύχοις
528 1222 616 1301 ὅμοιον
629 1224 675 1283 καὶ
686 1224 716 1283 τὸ
729 1223 942 1303 καταφερόμενον
954 1224 984 1282 ἐκ
995 1226 1042 1294 τῆς
1096 1254 1154 1306 ,γρῦ
1163 1254 1284 1315 sim-uem,
1301 1257 1328 1305 θ,
1339 1252 1483 1316 mmmm
1501 1266 1534 1303 ρ,
1545 1252 1648 1303 vum
1664 1255 1806 1302 mmmm
1818 1249 1879 1301 mli,

208 1324 235 1371 iu
262 1314 398 1387 ἀποτομῆς
407 1318 475 1390 αἱμα
486 1313 581 1392 θερμὸν
596 1309 689 1370 έτικαὶ
702 1310 802 1391 νεαρόν.
824 1313 912 1371 ’ίόῦτο
923 1309 953 1370 εδ
965 1312 1042 1391 τέρας

262 1399 323 1461 tide
339 1405 352 1460 b
374 1403 535 1482 Ταρκύνιος,
548 1406 594 1460 τοῦ
610 1400 658 1479 μέν
673 1399 820 1482 ὀρύγματος
838 1400 958 1480 ἐπισχεῖν
981 1399 1041 1460 ἐκέ-

261 1490 339 1550 λευσε
356 1490 417 1558 τοὺς
428 1489 626 1571 ἐργαζομένους·
643 1490 809 1567 συγκαλέσας
825 1488 853 1547 δέ
868 1487 928 1555 τοὺς
939 1490 1041 1569 ἐπιχαι-

263 1576 331 1657 ρίους
341 1578 447 1655 μάντεις
455 1626 464 1657 ,
472 1581 630 1640 ἐπυνθάνετο
645 1580 708 1660 παρ’
718 1581 804 1640 αὐτῶν
817 1582 843 1640 τέ
857 1579 980 1660 βούλεται
991 1603 1040 1651 αη-

1095 1357 1157 1409 dum
1168 1356 1287 1408 adbueet
1299 1360 1433 1408 recentem.
1467 1355 1615 1422 Tarquinius
1630 1355 1684 1406 riso
1701 1353 1750 1405 hoc
1767 1356 1880 1419 portento

1096 1462 1168 1514 iussit
1181 1476 1269 1528 operas
1289 1463 1385 1512 aterra
1404 1459 1517 1512 fodienda
1529 1459 1667 1520 abstinere3
1690 1462 1716 1509 et
1738 1458 1880 1509 convocatis

1096 1562 1195 1612 vatibus
1208 1560 1340 1625 indigenis,
1354 1574 1387 1611 ex
1399 1559 1458 1625 ipsis
1473 1559 1591 1625 quaesivit
1600 1558 1661 1622 quid
1668 1556 1715 1609 sibi
1730 1557 1806 1608 vellet
1819 1555 1879 1608 iilud

263 1665 365 1743 μαίνειν
374 1668 404 1727 τδ
414 1669 594 1747 τέρας.ούδέν
606 1670 629 1728 δ’
638 1671 725 1730 αὐτῶν
738 1669 965 1751 ἀποφαινομένων,
973 1667 1042 1730 ἀλλά
1097 1659 1246 1725 Ρῐθθῑθθῦῐῦ·
1280 1658 1333 1710 ¹¹5⁸
1356 1671 1414 1708 vero
1436 1657 1495 1708 nihil
1513 1655 1709 1714 dffilfflssffliffi·
1731 1655 1776 1706 Sed
1791 1655 1880 1705 *tilium

210 1783 235 1821 οο
263 1756 409 1836 Τυρρηνοῖς
430 1756 605 1817 ἀποδιδόντων
621 1756 670 1829 τὴν
686 1758 748 1838 πορὶ
762 1763 816 1819 τῶν
843 1757 966 1818 mimo
983 1760 1043 1818 im.
1098 1770 1181 1806 rerum
1206 1757 1332 1807 scientiam
1346 1757 1458 1807 Etruscis
1479 1748 1683 1813 concedentibus,
1706 1756 1881 1816 percunctatus

263 1844 515 1921 στήμην,ἐξετάσας
526 1849 591 1925 παρ’
601 1849 687 1907 αὐτῶν
699 1844 844 1925 καὶμαθθιν
857 1849 904 1907 τὸν
919 1847 1043 1929 ἐπιφανέ-
1098 1868 1129 1905 er
1145 1854 1204 1920 ipsis
1220 1854 1335 1918 quisnnn
1351 1854 1413 1904 inter
1435 1857 1554 1903 Etruscos
1577 1852 1689 1903 οιοιιίυεα
1704 1851 1881 1903 celeberrimus

265 1957 358 1994 Μῖνι)
372 1939 424 1994 τῶν
437 1937 464 1994 έν
475 1936 618 2015 Τυρρηνοῖς
630 1935 832 2017 τερατοσκόπων
842 1937 911 2003 ὅστις
924 1926 1043 2011 θνοπὲμ·
1099 1953 1264 2018 prodigiorum
1279 1952 1399 2016 interpres
1413 1955 1493 2011 esset,
1508 1964 1565 2001 cunr
1579 1949 1605 2001 id
1629 1950 1798 2014 cognovisset,
1813 1947 1881 1999 misit

265 2047 308 2083 πει
316 2027 368 2084 τῶν
382 2030 469 2085 ἀστῶν
479 2024 538 2092 τοὺς
549 2024 742 2103 δοκιμωτάτους
749 2023 872 2104 πρίσέεις
881 2024 947 2106 πρὸς
956 2023 1042 2084 αὐτόν.
1098 2051 1131 2102 ,ρ
1150 2064 1208 2101 eum
1230 2051 1337 2114 lemos,
1360 2049 1428 2100 cim
1442 2047 1631 2113 mmmm
1645 2046 1753 2099 vimis,

304 2115 366 2176 LX.
389 2112 499 2181 Τούτοις
524 2122 578 2183 τοῖς
605 2114 730 2195 ἀνδράσιν
754 2117 921 2197 ἀφικομένοις
935 2116 971 2180 είς
996 2110 1044 2183 τὴν

211 2231 238 2268 οο
264 2202 347 2262 οίκῖαν
369 2210 416 2263 τοῦ
437 2204 845 2284 τερατοσκόπου,περιτυγχοῖνει
858 2206 884 2262 τὶ
909 2202 1044 2281 μειράκιον

266 2289 342 2363 ἐξιὸν,
365 2281 548 2373 ᾧφράσαντες
568 2291 608 2350 ὅτι
627 2291 770 2368 Ῥωμαίων
796 2293 846 2352 εἰσί
868 2290 993 2371 πρέσύεις
1007 2295 1045 2370 τῷ

267 2378 359 2458 μέντοι
385 2380 539 2459 βουλόμενοι
557 2383 674 2461 ἐντυχεῖν
695 2382 861 2460 παρεκάλουν
885 2381 1045 2459 ἀπαγγεῖλαι

1130 2164 1180 2213 LX.
1198 2162 1295 2221 Quibus
1307 2162 1338 2212 ad
1358 2160 1424 2211 iliius
1436 2159 1538 2210 domurn
1552 2155 1685 2221 proiectis,
1707 2154 1770 2205 torte
1781 2150 1879 2202 adoles·

1099 2265 1215 2316 cortulus
1240 2264 1343 2332 quidem
1366 2275 1511 2329 progressus
1537 2259 1637 2311 obviarn
1659 2258 1740 2312 venit:
1763 2256 1805 2306 cui
1823 2266 1881 2305 curn

1099 2362 1221 2416 distarent
1230 2379 1258 2417 se
1270 2369 1436 2417 Rornanorum
1452 2363 1547 2427 legatos
1559 2373 1614 2411 esse
1629 2357 1674 2422 qui
1686 2372 1743 2409 cunr
1759 2360 1816 2407 vate
1827 2354 1881 2407 ool·

266 2465 334 2550 πρὸς
348 2470 434 2529 αὐτόν,
479 2468 535 2530 Καὶ
555 2467 705 2536 οοοοοίος·
723 2496 735 2523 ο
755 2469 851 2546 Ποοὴρ
869 2468 931 2545 ἐμός
959 2470 1045 2540 imp,
1099 2460 1167 2528 ioqui
1189 2465 1295 2528 retient,
1316 2469 1344 2515 ut
1363 2479 1390 2514 se
1410 2465 1444 2514 ad
1460 2477 1518 2514 eum
1531 2460 1669 2512 deduceret
1689 2458 1817 2525 rogabant.
1851 2461 1883 2510 et

267 2583 280 2609 a
300 2557 412 2638 ἐφησεν,
429 2543 452 2636 ᾧ
467 2559 578 2639 χρήζετε
593 2562 745 2638 συντυχεῖν·
763 2560 918 2637 ἀσχολεῖται
933 2556 961 2616 δέ
976 2555 1045 2616 κατά
1100 2568 1260 2621 αθυίετσειιει
1274 2589 1287 2614 a
1298 2571 1382 2628 Pater,
1394 2567 1483 2632 inquit,
1495 2579 1568 2616 εοεαε
1577 2569 1718 2629 est‚quern
1734 2564 1813 2615 risere
1823 2561 1881 2615 rul-

213 2670 238 2711 ορ
265 2673 278 2699 α
298 2646 328 2705 τὸ
345 2645 443 2725 παρόνι
465 2645 541 2706 ἔσται
555 2647 577 2705 δ’
595 2649 657 2724 ύμῖν
680 2649 769 2726 ὀλίγου
787 2646 884 2726 χρόνου
905 2645 1045 2725 παρελθεῖν

267 2761 280 2789 ι
299 2734 364 2815 πρὸς
378 2733 467 2795 αὐτόν.
512 2735 559 2797 Ἐν
574 2727 597 2817 ᾧ
611 2735 634 2794 δ’
646 2738 744 2795 ἐκεῖνον
756 2736 910 2816 ἐκδέχεσθε,
921 2734 986 2816 πρδς
998 2732 1045 2811 ἐμέ

271 2851 283 2876 ι
305 2823 443 2894 δηλώσατε
457 2823 519 2903 περί
531 2825 600 2891 τένος
615 2823 702 2895 ήκετε.
746 2825 889 2903 Περιέσται
908 2822 960 2905 γάρ
974 2826 1046 2899 ὑμῖν,

267 2940 280 2965 ι
302 2911 327 2972 εἷ
338 2936 364 2972 τι
377 2911 487 2990 μέλλετε
495 2910 538 2972 δεδι
548 2913 597 2985 τήν
609 2915 732 2992 ἀπειρίαν
742 2914 905 2994 σφάλλεσθαι
914 2913 983 2973 κατὰ
996 2911 1045 2985 τήν

267 3030 280 3056 ο
301 2999 443 3081 ἐρώτησιν,
459 3005 506 3061 ὑπ’
523 3005 590 3076 ἐμοῦ
605 3003 752 3083 διδαχθεῖσι
767 3003 850 3079 μηδὲν
874 3002 1045 3084 ἐξαμαρτεῖν·

212 3112 239 3151 eo
265 3119 278 3143 ε
300 3094 380 3169 μοῖρα
391 3090 414 3149 δ’
426 3092 474 3151 υύκ
486 3091 617 3172 ἐλαχίστη
630 3095 681 3148 τῶν
696 3093 722 3150 ἐν
736 3096 851 3169 μαντικῇ
866 3091 1046 3171 θεωρημάτων

267 3206 280 3232 α
301 3179 429 3259 ἐρώτησις
449 3180 525 3260 ὀρθή.
549 3209 561 3232 υ
604 3180 709 3242 Ἐδόκει
738 3188 791 3247 τοῖς
824 3181 950 3259 ἀνδράσιν
976 3179 1045 3238 οὕτω

266 3275 366 3339 ποιεῖν,
378 3268 424 3326 καί
433 3268 553 3345 λέγουσιν
570 3269 641 3350 αύτῷ
652 3268 682 3327 τδ
691 3267 778 3348 τέρας.
800 3267 835 3330 Ὁ
846 3270 869 3326 δ’
885 3270 921 3334 ὥς
931 3267 1044 3341 ήκουσε,

267 3355 360 3435 μικρὸν
375 3357 493 3438 ἐπισχὼν
508 3358 612 3437 χρόνον·
655 3386 668 3409 α
685 3356 845 3430 Ἀκούσατε,
859 3357 974 3439 ἔφησεν,
992 3356 1043 3416 ἀν-

268 3469 280 3495 ι
302 3444 359 3521 δρες
374 3441 522 3521 Ῥωμαῖοι·
537 3447 567 3504 τὸ
585 3444 632 3523 μέν
653 3445 730 3527 τέρας
752 3449 813 3522 ύμῖν
826 3447 940 3525 δπατλρ
952 3445 1046 3505 διελεῖ-

213 3552 239 3593 :tt
268 3560 280 3585 a
301 3555 346 3590 ται
360 3531 406 3591 καῖ
419 3532 492 3592 οῦδέν
506 3533 647 3616 ψεύσεται·
662 3535 756 3613 μοῖντει
776 3533 828 3615 γθρ
842 3535 871 3592 ού
887 3533 970 3611 θέμις.
1012 3531 1045 3594 Ἃ

270 3649 282 3675 ο
302 3622 329 3681 δὲ
343 3623 462 3701 λέγοντες
476 3627 550 3702 ὑμεῖς
559 3624 605 3685 καί
620 3627 820 3705 ἀποκρινόμενοι
842 3624 907 3704 πρδς
919 3624 965 3693 τὰς
978 3626 1046 3697 ἐρω-

267 3737 280 3766 a
301 3711 406 3785 τήσειτ,
424 3713 604 3794 ἀναμάρτητοί
614 3738 643 3774 τε
657 3717 703 3774 καὶ
718 3716 836 3796 ἀψευδεῖς
857 3714 964 3773 ἔσεσθε·
989 3721 1046 3778 δια·

268 3826 280 3852 ν
300 3801 371 3881 φέρει
382 3800 433 3881 γὰρ
447 3805 509 3880 ὑμῖν
521 3803 715 3882 προεγνωκέναι
726 3808 824 3863 ταῦτα·
836 3805 902 3882 παρ’
915 3808 979 3881 ἐμοῦ
992 3806 1048 3884 μά-

267 3914 279 3940 «
300 3892 369 3949 θετε.
392 3886 480 3950 Ὅταν
496 3890 664 3972 ἀφηγήσησθ’
677 3894 750 3971 αὐτῷ
759 3892 789 3950 τὸ
801 3893 894 3972 τέρας,
908 3895 956 3952 ούκ
970 3897 1046 3974 ἀκρι-

267 4004 279 4029 a
301 3977 354 4044 ύιῦς
369 3979 509 4054 μανθάνειν
523 3980 610 4061 φήσας
624 3980 640 4037 ὅ
664 4004 690 4038 τι
705 3982 808 4059 λέγετε,
823 3982 982 4061 περιγράψει
1007 3985 1047 4062 τῷ

269 4090 280 4115 ι
301 4063 421 4135 σκήπωνι
434 4072 481 4139 τῆς
491 4071 539 4146 γῆς
549 4068 627 4147 μέρος
639 4068 699 4129 ὅσον
710 4070 742 4140 δή
755 4089 796 4127 τι·
808 4068 890 4128 ἔπειθ’
903 4071 965 4147 ὑμῖν
979 4075 1046 4151 ἐρεῖ·

268 4178 281 4204 ο
301 4153 384 4211 Τουτὶ
400 4152 449 4229 μέν
465 4155 535 4213 ἐστιν
550 4161 564 4216 ὁ
577 4157 715 4234 Ταρπήῑος
728 4159 820 4237 λόφος,
836 4158 914 4238 μέρος
928 4159 951 4218 δ’
966 4163 1046 4221 αὐτοῦ

267 4266 280 4291 «
300 4240 374 4299 τουτί
385 4240 434 4318 μὲν
447 4242 478 4301 τὸ
490 4244 555 4324 πρὸς
569 4247 751 4314 τάςάνατολθις
763 4251 876 4326 βλέπον,
891 4250 962 4309 τουτὶ
974 4252 1002 4309 δέ
1016 4252 1047 4313 τὸ

267 4355 280 4380 a
300 4328 365 4410 πρὸς
380 4328 426 4396 ri<
439 4329 538 4405 δύσεις,
553 4336 652 4415 βόρειον
666 4335 694 4395 δέ
707 4340 784 4396 αὐτοῦ
797 4339 867 4409 τόδε,
881 4340 927 4399 καὶ
939 4345 1046 4402 τούναν-

267 4448 278 4473 a
300 4419 354 4479 τίον
367 4419 461 4481 νότιον.
503 4423 596 4481 Ταῦτα
610 4427 647 4504 τῷ
662 4424 781 4501 σκήπωνι
796 4427 906 4502 δεικνὺς,
920 4427 1046 4489 πεύσεται

269 4537 281 4560 ι
303 4512 366 4587 παρ’
387 4511 462 4587 ὑμῶν
484 4510 510 4568 ἐν
535 4511 603 4592 ποίῳ
617 4517 670 4571 τιῦν
687 4519 776 4593 μερῶν
794 4515 894 4575 τούτων
916 4517 1006 4597 εὑρέθη
1027 4522 1043 4589 ή

268 4624 279 4649 ⁸
299 4596 414 4680 κεφαλή.
458 4601 494 4659 Τί
506 4591 551 4659 σ’ύν
566 4604 627 4677 ύμῖν
643 4605 836 4683 ἀποκρίνασθαι
854 4607 991 4683 παραινῶς
1007 4604 1044 4681 μή

267 4712 279 4740 ι
300 4698 444 4769 συγχωρεῖν
456 4694 483 4749 ἐν
493 4692 586 4766 μηδενί
597 4693 649 4750 τῶν
660 4691 748 4752 τύπων
758 4691 865 4765 τούτων,
874 4691 922 4759 υθς
931 4691 964 4752 δν
977 4694 1047 4752 ἐκεῖ·

266 4802 278 4829 ε
298 4800 340 4845 νος
350 4779 389 4860 τῷ
404 4779 524 4852 σκήπωνι
539 4781 640 4850 δεικνὺς
651 4783 825 4855 πυνθάνηται,
841 4785 871 4843 τὸ
884 4782 961 4863 τέρας
971 4787 1043 4862 σύρε-

212 4878 239 4917 οο
266 4890 278 4913 ι
299 4868 386 4938 θῆναι,
399 4868 457 4926 ἀλλ’
471 4869 497 4926 ἐν
510 4867 605 4948 Ῥώμη
619 4869 699 4951 φέναι
718 4871 782 4951 παρ’
796 4875 861 4949 ἡμῖν
874 4872 901 4928 ἐν
914 4871 1047 4952 Ταρπηίῳ

268 4976 281 5002 α
300 4952 508 5031 ideo-Tuticus
527 4957 572 5017 ἐθν
587 4960 736 5041 ρυλάττητε
754 4959 799 5027 τδς
816 4959 981 5038 ἀποκρίσεις,
999 4960 1045 5022 καὶ

267 5064 280 5089 α
301 5041 384 5114 μηδέν
403 5043 553 5123 παράγησθ
568 5048 612 5105 ὑπ’
626 5049 715 5122 αὐτοῦ,
731 5049 856 5128 συγγνοὺς
868 5048 908 5109 ὅτι
918 5049 947 5110 τδ
959 5050 1046 5132 χρεὼν

267 5152 280 5180 ο
300 5127 348 5185 οὐκ
359 5125 444 5190 ἐνεστι
453 5139 644 5209 μετατεθῆναι,
659 5140 785 5198 διελεῖται
795 5137 826 5195 τὸ
839 5140 917 5219 τέρας
931 5141 993 5216 ύμῖν
1005 5138 1046 5199 ὅτι

267 5242 279 5271 α
301 5214 424 5294 βούλεται
436 5222 573 5298 σημαίνειν
588 5224 634 5284 καί
645 5227 693 5286 οῦκ
704 5225 893 5305 ἀποκρύψεται.
911 5253 924 5278 ¹·

1101 2692 1114 2716 «
1132 2672 1165 2722 tis
1181 2692 1188 2722 ι
1207 2671 1253 2724 sed
1274 2686 1340 2724 aune
1357 2670 1459 2737 quidem
1483 2673 1620 2735 occupatus
1631 2672 1669 2720 est
1686 2688 1692 2717 ι
1710 2671 1740 2717 at
1754 2666 1884 2730 aliquam

1101 2795 1114 2821 κ
1130 2778 1187 2842 post
1197 2776 1230 2827 ad
1240 2790 1298 2829 euru
1312 2775 1431 2828 accudere
1444 2773 1566 2840 poteritis.
1600 2775 1704 2832 verum,
1716 2770 1778 2821 dura
1790 2781 1883 2835 exspa-

1101 2899 1115 2925 ι
1131 2880 1219 2941 etatis,
1232 2880 1293 2932 nribi
1305 2880 1429 2931 adrentus
1443 2890 1543 2928 οευοιιν
1558 2873 1660 2942 aperite.
1694 2876 1734 2924 lta
1746 2872 1812 2925 enim
1822 2870 1882 2936 iet,

1101 3004 1113 3029 a
1131 2987 1160 3035 ut
1177 2984 1200 3035 si
1214 2998 1265 3048 que
1275 2984 1301 3035 in
1315 2998 1342 3034 re
1357 2983 1390 3033 ob
1410 2980 1557 3046 imperitiam
1569 2991 1674 3045 peceare
1687 2978 1801 3045 possitis,
1815 2990 1883 3029 eme

1101 3106 1114 3130 ε
1131 3086 1211 3137 edocti
1238 3087 1262 3136 iu
1282 3085 1470 3149 interrogatione
1494 3083 1555 3134 nihii
1573 3082 1681 3149 peccetis
1705 3084 1799 3133 :recta
1817 3081 1883 3131 enirn

1101 3209 1113 3234 ι
1130 3189 1289 3255 interrogatio
1304 3190 1330 3240 in
1349 3193 1403 3240 arte
1418 3186 1566 3238 divinatoris
1583 3200 1633 3237 non
1643 3186 1774 3237 minimum
1785 3185 1882 3251 pondus

1101 3308 1114 3332 a
1130 3287 1214 3338 babet.
1230 3306 1243 3332 ν
1278 3287 1316 3338 1111
1328 3287 1363 3337 ita
1378 3285 1516 3337 iaciendum
1525 3288 1688 3342 censuerunt.
1703 3288 1731 3334 et
1743 3284 1882 3348 prodigium

1099 3387 1307 3451 eiexposuerunt.
1321 3388 1379 3444 Quo
1386 3385 1482 3445 audito,
1492 3388 1520 3436 et
1528 3385 1598 3435 brevi
1609 3383 1707 3435 silentio
1718 3384 1879 3447 interposito:

1102 3503 1115 3528 a
1132 3482 1238 3545 audita,
1252 3481 1345 3547 inquit,
1360 3481 1477 3531 Romani:
1488 3480 1627 3546 prodigium
1639 3479 1739 3545 quidem
1752 3480 1801 3531 hoe
1811 3484 1882 3546 pater

1101 3598 1114 3621 ι
1131 3592 1202 3629 ruens
1214 3578 1284 3629 robis
1295 3575 1504 3642 interpretabitur,
1523 3588 1570 3628 nee
1583 3577 1736 3627 mentietur:
1752 3574 1881 3625 varientur

1102 3695 1115 3720 a
1132 3675 1202 3727 nefas
1215 3678 1262 3727 est.
1293 3678 1355 3735 Ques
1373 3688 1434 3726 vero
1455 3673 1562 3736 dicturi,
1572 3677 1598 3725 et
1610 3674 1643 3724 ad
1661 3674 1716 3724 eius
1732 3673 1882 3737 interrogata

1101 3780 1197 3826 «recte
1215 3777 1242 3825 et
1261 3786 1320 3824 rere
1334 3774 1475 3839 responsuri
1494 3771 1549 3823 sitis
1568 3772 1666 3836 (restra
1686 3773 1752 3823 enirn
1779 3771 1883 3831 interest

1100 3892 1112 3917 α
1130 3873 1185 3923 tuac
1200 3875 1259 3924 ante
1274 3872 1442 3932 seireihoece
1462 3884 1502 3921 rne
1521 3869 1632 3934 occipite.
1667 3871 1725 3920 Post
1743 3869 1881 3934 prodigium

1100 3987 1112 4011 a
1129 3968 1174 4033 ipsi
1185 3973 1338 4031 enarratum,
1351 3969 1404 4035 ipse
1416 3968 1502 4019 dicens
1512 3981 1539 4017 se
1553 3981 1602 4018 non
1611 3968 1675 4018 setis
1684 3966 1748 4018 bene
1754 3967 1882 4031 percipere

1100 4088 1112 4110 ιι
1130 4066 1190 4131 quid
1201 4066 1302 4129 dicatis,
1314 4072 1410 4119 certum
1423 4070 1495 4117 terrre
1505 4067 1611 4130 spatium
1619 4064 1710 4115 baculo
1720 4064 1880 4115 circumseri·

1101 4184 1113 4208 a
1131 4165 1188 4224 bet,
1201 4163 1291 4217 deinde
1308 4165 1380 4216 robis
1392 4165 1475 4216 dicet:
1490 4163 1532 4215 trio
1543 4166 1581 4215 est
1592 4163 1709 4228 Tarpeius
1723 4164 1806 4225 collis,
1827 4164 1882 4214 Ιιωσ

1100 4279 1112 4303 α
1129 4273 1190 4311 vero
1206 4261 1398 4312 orientaliseins
1412 4274 1485 4326 pars,
1500 4258 1554 4311 bec
1568 4261 1744 4322 occidentalis,
1758 4261 1812 4313 Ιιεοο
1823 4275 1881 4327 sep·

1099 4377 1112 4402 a
1130 4358 1296 4420 tentrionaiis‚
1327 4359 1381 4410 huc
1405 4360 1428 4410 ei
1455 4358 1577 4424 opposita.
1611 4360 1663 4409 iias
1684 4373 1772 4411 ornnes
1791 4361 1882 4423 ραιτσε

1098 4476 1112 4505 α
1128 4459 1217 4509 bacuio
1233 4459 1382 4522 ostendens,
1394 4463 1489 4523 qureret
1503 4473 1535 4510 er
1547 4457 1620 4509 robis
1636 4457 1662 4507 in
1674 4471 1783 4521 quanam
1793 4472 1882 4510 earum

1098 4573 1111 4598 ι
1128 4556 1204 4618 eaput
1226 4553 1354 4605 inventura
1370 4554 1452 4608 tuerit.
1485 4554 1551 4614 Quid
1570 4553 1727 4618 igitnrvobis
1748 4554 1882 4605 suadeant

1099 4672 1111 4696 ο
1128 4650 1318 4718 respondeatis?
1331 4656 1360 4702 ut
1371 4654 1494 4713 cavatis,
1510 4666 1541 4703 ne
1555 4651 1644 4703 inulla
1660 4665 1748 4702 earum
1763 4653 1880 4716 partium,

1099 4772 1111 4795 α
1128 4765 1191 4815 quas
1203 4750 1245 4801 iiie
1257 4750 1346 4802 bacuio
1357 4751 1489 4802 ostendens
1504 4748 1880 4812 εο1εοὶῑιιυεέυεεῖ1,1ιινειι1ιιια

1098 4870 1110 4892 ι
1128 4848 1267 4916 prodigium
1277 4848 1380 4910 dicatis,
1393 4848 1438 4900 sed
1448 4852 1547 4909 Romo,
1560 4847 1696 4913 aprinos,
1710 4848 1736 4898 in
1746 4848 1810 4899 coiis
1821 4849 1880 4898 Tar·

1099 4948 1184 5012 «peio
1205 4948 1232 4998 id
1251 4947 1394 5014 apparuisse
1420 4946 1598 5013 respondeatis.
1633 4947 1659 4997 si
1684 4946 1740 4997 hee
1760 4958 1878 5012 responsa

1099 5064 1110 5087 a
1128 5045 1271 5109 servantis,
1282 5059 1329 5097 nec
1339 5045 1372 5097 ab
1380 5058 1412 5096 eo
1423 5044 1637 5106 fueritisseducti,
1647 5043 1702 5104 ilie,
1712 5043 1789 5108 probe
1799 5044 1878 5095 sciens

1098 5157 1110 5180 ι
1130 5139 1194 5189 tecta
1208 5138 1299 5189 mutari
1311 5151 1359 5188 non
1377 5151 1464 5202 posse,
1477 5136 1539 5203 quid
1550 5136 1688 5203 prodigium
1707 5137 1877 5202 portendatur

1098 5256 1109 5278 «
1127 5236 1247 5300 significet
1260 5234 1332 5286 robis
1345 5235 1488 5299 explicabit,
1502 5250 1583 5298 neque
1595 5251 1640 5289 ros
1655 5235 1755 5289 celabit.
1769 5257 1782 5282 a
