4048 5924
648 448 944 526 ANTIQUlTATUM
966 457 1116 524 ROMAN.
1142 464 1215 524 tte.
1241 467 1304 531 Vll.

151 599 166 628 ιι
183 572 306 652 Μαρκίου
315 575 415 655 ψῆφον,
430 571 500 635 ἀλλά
514 575 632 651 μάλιστα
650 577 697 656 μέν
709 582 742 640 δι’
756 586 836 648 atsto
852 589 927 668 ἀρεῖ·

150 685 166 712 ιι
182 682 225 720 ναι
239 663 286 731 τῆς
305 661 379 735 δίκης
396 661 440 720 τὸν
456 663 553 743 ἄνδρα,
572 665 855 748 ἀναμιμνησκομένους
876 666 928 743 οἷος

151 774 165 801 ιι
182 752 218 815 εἰς
230 748 264 808 τὰ
290 749 367 808 κοινδι
391 749 493 827 ἀγένετο
511 753 557 812 καῖ
571 751 647 822 δσους
666 757 841 839 κατώρθωσεν
861 764 928 848 ὑπέρ

151 863 165 892 ιι
181 842 229 909 τῆς
250 842 339 909 κοινῆς
354 840 500 918 ἐλευθερίας
514 866 544 902 τε
565 845 612 902 καὶ
626 847 768 924 ἡγεμονίας
781 853 925 930 πολέμους,

106 938 122 976 ⁵
152 951 165 978 ιι
180 926 227 985 καὶ
237 929 273 995 ῶς
284 927 343 988 ούτι
355 928 415 987 δσια
428 928 488 989 οὔτε
500 931 589 991 δίκαια
600 932 662 995 ούτε
671 937 841 1019 προσήκοντά
853 966 927 1023 σφισι

151 1039 165 1066 ιι
186 1014 343 1091 ποιήσουσι,
361 1018 446 1096 λόγων
461 1018 508 1090 μέν
523 1021 595 1103 αὐτῷ
616 1032 841 1100 μνησικακοῦντες
858 1034 926 1113 ραύ·

1705 487 1765 549 433

983 612 1029 661 pro
1051 605 1178 654 communi
1196 606 1273 657 totius
1294 611 1377 674 populi
1400 615 1504 667 Romani
1517 617 1630 673 libertate
1645 623 1765 688 imperio·

984 710 1034 762 quc
1054 699 1157 752 feliciter
1178 704 1294 767 gessisset
1314 712 1366 759 :et
1388 725 1434 762 nec
1450 714 1491 778 pie
1514 730 1560 766 nec
1576 718 1641 770 iuste
1663 735 1709 773 nec
1731 738 1763 775 ex

983 792 1064 843 alticio
1094 810 1142 846 suc
1178 800 1288 852 tacturos
1310 803 1423 866 dicebat,
1445 810 1467 859 si
1493 811 1574 862 inania
1600 815 1655 865 eius
1686 819 1762 870 rerba

982 889 1007 939 in
1024 897 1142 946 memoria
1160 897 1328 962 restituerent,
1345 905 1371 952 et
1389 904 1421 953 ob
1445 907 1562 970 preclara
1578 912 1632 962 eius
1654 914 1763 966 facinora

981 988 1073 1039 nullam
1086 991 1110 1041 ei
1131 995 1235 1057 gratim
1254 996 1423 1061 rependerent.
1456 1004 1591 1053 Honestam
1612 1010 1695 1055 autem
1714 1006 1759 1056 bc-

151 1128 166 1155 ιι
182 1103 249 1179 λων,
265 1103 348 1183 έργων
362 1105 384 1165 δ’
401 1108 605 1188 ἀχαριστοῦντες
625 1115 726 1174 καλῶν.
745 1107 823 1178 Εἶναι
838 1118 866 1179 δέ
881 1123 927 1181 καλ
982 1099 1055 1137 ΠΜ
1064 1088 1206 1201 ώδοιγωῖῂ
1218 1105 1371 1146 mmmmm
1386 1110 1440 1150 ⁵⁰⁵²
1452 1099 1545 1210 ‘’fffrfe
1555 1100 1675 1211 ἔξω*
1694 1106 1760 1168 qu⁰d

151 1216 165 1243 ιι
181 1192 226 1252 τὸν
246 1194 337 1275 καιρδν
349 1198 398 1268 τῆς
416 1197 533 1279 ἀφέσεως
554 1201 656 1283 καλδν,
672 1204 716 1265 ὅτε
729 1230 759 1283 γε
774 1210 852 1278 αὗτδς
866 1210 927 1284 ἥκει
981 1185 1069 1249 eum
1080 1187 1196 1239 mmm
1209 1192 1319 1298 morl?
1334 1196 1483 1301 mtesfmm
1493 1201 1721 1264 mmwssmoeoet'
1735 1208 1761 1256 et

151 1305 165 1331 ιι
182 1283 307 1363 παρέχων
320 1282 352 1342 εδ
363 1287 442 1363 σῶμα
456 1295 509 1354 τοῖς
525 1288 656 1370 διαφόροις
671 1295 717 1354 καῖ
727 1295 856 1377 στέρξων,
871 1302 887 1360 ὅ
900 1326 926 1360 τι
981 1279 1103 1345 qmdqmd
1113 1282 1148 1332 ¹¹¹¹
1160 1283 1192 1333 [ιθ
1201 1297 1229 1335 ⁸⁰
1239 1288 1400 1352 ⁵t²t¹¹¹⁵⁵⁶¹¹tt
1413 1289 1439 1340 ’ἁ
1451 1304 1572 1356 pamm
1594 1301 1669 1348 ‘m‘
1687 1299 1759 1357 ΟΜ

151 1393 164 1420 ιι
181 1367 214 1428 ἀν
228 1373 321 1431 ἐκεῖνοι
341 1374 402 1452 περὶ
423 1376 501 1435 αὐτοῦ
524 1378 674 1457 διαγνῶσιν.
716 1385 751 1444 Εἰ
773 1386 800 1446 δέ
814 1390 864 1470 ούχ
876 1381 926 1450 οἷοί
979 1379 1000 1428 ⁸3
1018 1379 1129 1430 ⁰¹¹mffl⁰
1149 1382 1174 1431 in
1187 1381 1292 1446 dfatim
1305 1385 1385 1435 “dim
1405 1400 1454 1437 ¹¹⁰⁰
1475 1393 1592 1456 P⁰⁸³⁶¹¹¹r
1607 1394 1652 1444 sed
1668 1396 1759 1448 “cerm

150 1483 164 1509 ιι
180 1481 209 1517 τε
232 1462 283 1520 stoi
304 1462 480 1522 διαλύσασθαι
495 1465 560 1544 πρδς
579 1470 694 1546 ἐκεῖνον,
710 1474 779 1533 ἀλλδι
800 1481 926 1557 χαλεπῶς
980 1478 1005 1523 ei
1023 1471 1171 1537 implicabili
1192 1475 1250 1526 ⁰ffi⁰
1271 1490 1330 1528 θέλω
1349 1485 1570 1548 Ρῐθῧθέθθῐθῐὶῖΰῐι
1594 1489 1707 1551 mdabat
1729 1492 1760 1541 nt

149 1572 163 1599 ιι
179 1550 226 1608 καλ
254 1551 443 1629 ἀπαραιτήτως
471 1550 595 1632 ἔχουσιν,
625 1560 817 1637 ἐνθυμηθέντας
846 1567 925 1642 δςιὴ
979 1570 1067 1622 saltem
1076 1572 1262 1626 considerantes
1271 1580 1653 1645 senatumproeodeprecantem
1663 1585 1761 1646 adesse,

149 1661 162 1689 ι
181 1636 263 1717 βουλὴ
287 1636 434 1716 δεησομένη
453 1641 514 1721 περὶ
534 1645 614 1704 αὐτοῦ
629 1647 772 1728 πάρεισιν,
796 1653 886 1734 ἀνδρες
901 1659 925 1716 οῖ

148 1750 161 1776 ιι
179 1726 314 1805 κριίτιστοι
335 1732 382 1802 τῆς
404 1729 506 1799 πολιως
530 1734 692 1813 τριακόσιοι,
716 1745 811 1800 παθεῖν
827 1767 852 1802 τι
878 1745 923 1805 καὶ

89 1821 114 1859 ts
146 1838 161 1866 ιι
179 1816 371 1889 ἐπικλασθῆναι
394 1817 441 1886 τάς
461 1820 577 1899 γνώμας,
598 1824 644 1884 καί
661 1824 699 1903 μὴ
712 1828 745 1887 δι’
762 1830 816 1899 ἑνδς
833 1834 925 1915 έχθροῦ

147 1927 161 1953 ιι
178 1903 309 1985 τιμωρίαν
344 1904 475 1967 τοσούτων
508 1909 596 1983 δέησιν
630 1911 790 1975 ἀπώσασθαι
827 1920 924 2002 φίλων,

147 2016 160 2042 ιι
182 1988 252 2050 etit
277 1996 382 2055 πολλῶν
407 1997 453 2056 καλ
478 2000 584 2077 ἀγαθῶν
610 2003 710 2085 ἀνδρῶν
735 2007 788 2086 χείρ
866 2010 874 2032 ’

148 2080 270 2160 «ἀνδρὸς
290 2081 345 2149 toi<
368 2088 508 2166 ὑπεριδεῖν.
562 2091 655 2151 Ταῦτα
682 2093 728 2151 καί
748 2098 924 2176 παραπλήσια

147 2192 161 2218 ιι
178 2168 278 2238 τούτοις
294 2174 391 2246 είπων,
413 2177 563 2237 τελευταῖον
581 2180 678 2239 ἰκτῖνον
695 2181 807 2256 ἐπέθηκε
820 2186 864 2246 ais
879 2190 924 2249 λα’·

147 2281 161 2309 ιι
176 2278 241 2335 γον,
254 2257 295 2317 δτι
310 2257 398 2341 ψήφου
410 2260 458 2338 μέν
474 2264 634 2347 ίπαχθείσης
648 2270 693 2331 tin
710 2272 863 2333 ἀπολύσωσι
877 2276 922 2335 τὸν

148 2373 161 2400 ιι
177 2348 272 2427 ἄνδρα,
300 2350 345 2410 tri
369 2351 400 2410 τὸ
421 2353 504 2429 μηδέν
532 2358 677 2418 ἀδικεῖσθαι
698 2360 744 2419 τδν
766 2362 850 2440 δῆμον
872 2366 922 2426 ὑπὸ

148 2464 160 2489 ιι
179 2439 259 2497 αὐτοῦ
275 2436 391 2507 δόξουσιν
406 2440 552 2521 ἀφεικέναι,
568 2448 823 2510 testicationem
839 2455 923 2513 ίπιτε-

147 2550 160 2576 ιι
179 2528 302 2597 λεσθῆναι
330 2528 378 2601 τῆν
405 2530 497 2605 δίκην,
517 2542 571 2604 τοῖς
596 2537 727 2615 δεομένοις
751 2540 818 2622 ὑπέρ
843 2545 920 2602 αὐτοῦ

147 2638 161 2665 ιι
178 2613 339 2694 φανήσονται
355 2619 553 2698 κεχαρισμίνοι.
572 2651 585 2679 o

83 2712 114 2751 ⁴2⁶
185 2704 262 2766 LXI.
287 2706 464 2784 Παυσαμένου
479 2709 506 2770 δέ
517 2719 563 2771 τοῦ
580 2715 736 2790 Μηνυκίου,
752 2717 920 2800 παρελθὼνθ

141 2788 280 2873 δήμαρχος
295 2795 439 2869 Σικίννιος,
456 2797 514 2858 ούτε
538 2801 615 2869 αῦτδς
636 2804 686 2884 ἔφη
709 2805 854 2884 προδώσειν
870 2812 918 2882 τὴν

140 2881 289 2963 ἐλευθερίαν
314 2887 365 2944 τῶν
391 2886 512 2960 δημοτῶν
525 2891 584 2950 ούτε
600 2901 652 2959 τοῖς
668 2895 835 2973 προδιδοῦσιν
859 2899 918 2957 ἀπι-

139 2969 244 3052 τρέψειν
256 2970 335 3031 έκών·
350 2974 409 3033 ἀλλ’
419 2976 443 3033 εί
453 2980 491 3058 τῷ
502 2976 557 3036 ἀντι
569 2979 731 3060 παρέχουσιν
743 2984 767 3040 οἱ
782 2983 917 3064 πατρίκιοι

138 3058 184 3118 τὸν
201 3058 284 3140 ἄνδρα
301 3063 345 3120 tot
361 3062 437 3133 δίκην
448 3073 503 3132 τοῖς
517 3066 677 3144 δημοτικοῖς,
695 3069 840 3132 ἀναδώσειν
855 3075 917 3154 περὶ

83 3158 112 3198 ³0
139 3150 222 3206 αὐτοῦ
233 3149 281 3222 τῆν
292 3153 388 3229 ιῖνῆφον,
402 3150 469 3210 ἀλλο
480 3153 508 3213 δέ
519 3154 639 3227 ποιήσειν
649 3181 686 3215 πα
705 3159 722 3216 ἀ
735 3164 821 3219 ταῦτα
833 3162 916 3225 οὐδέν.

138 3236 217 3297 Μετὰ
232 3241 315 3296 ταῦτα
328 3240 470 3317 παρελθὼν
494 3244 509 3300 δ
526 3242 663 3314 Μηνύκιος
678 3181 759 3307 εῖπεν·
774 3275 787 3301 ιι
802 3247 914 3325 Ἐπειδὴ

140 3353 154 3379 ιι
172 3328 295 3397 πάντως,
310 3315 333 3387 ώ
349 3327 494 3408 δήμαρχοι,
511 3333 597 3411 ψῆφον
612 3335 783 3414 ἐπενεχθῆναι
797 3338 858 3417 πιρλ
870 3346 916 3400 τοῦ

140 3441 154 3468 ιι
171 3415 265 3494 ἀνδρδς
289 3420 477 3494 προθυμεῖσθε,
504 3422 586 3494 μηθέν
606 3419 655 3489 ἔξω
677 3430 722 3481 τοῦ
748 3425 916 3504 ἐγκλήματος

139 3530 153 3555 ι
172 3512 352 3583 κατηγορεῖτε·
365 3505 425 3565 ἀλλ’
435 3506 525 3578 έπειδὴ
535 3511 668 3589 τυραννίδι
681 3512 758 3571 αὐτὸν
774 3515 915 3594 ἐπιχειρεῖν

78 3598 107 3637 ³⁵
138 3617 152 3645 ιι
170 3591 369 3673 εἰσηγγείλατε,
395 3600 472 3655 τοῦτο
496 3596 634 3656 διδάσκετε
662 3600 708 3658 καί
736 3602 797 3681 περί
822 3603 915 3666 τούτου

136 3703 152 3730 ιι
169 3677 217 3745 πδς
231 3678 332 3745 πίστεις
347 3680 448 3760 φέρετε.
491 3684 584 3763 Λόγων
600 3684 628 3744 δέ
642 3677 679 3745 ῶν
702 3688 780 3746 αὐτὸν
795 3691 913 3752 αἰτιᾶσθε

137 3792 151 3819 ιι
169 3766 241 3827 κατδι
266 3776 312 3829 τοῦ
336 3768 421 3845 δῆμον
440 3772 505 3852 πρὸς
528 3774 577 3847 τὴν
602 3775 700 3855 βουλὴν
721 3779 822 3854 εἰπεῖν,
846 3780 914 3859 μήτε

136 3883 150 3910 ιι
170 3856 306 3934 μέμνησθε
319 3859 387 3936 μήτε
404 3872 586 3943 κατηγορεῖτε.
611 3864 744 3947 Ἀφεῖσθαι
766 3869 819 3950 γάρ
834 3872 914 3932 αὐτὸν

136 3972 150 4000 ιι
168 3948 318 4028 ἐψηφίσατο
332 3948 430 4021 ταύτης
441 3954 488 4022 τῆς
503 3951 588 4020 αῖτίας
597 3953 628 4013 τδ
644 3957 795 4035 συνέδριον,
810 3961 856 4020 καὶ
870 3963 913 4022 ἀπὶ

77 4042 104 4081 ⁴⁰
134 4058 149 4087 ιι
172 4035 258 4114 ῥητοῖς
275 4032 350 4106 ἥκειν
362 4036 453 4127 ρῖςτδν
476 4040 559 4116 δῆμον
578 4041 726 4104 έδικαίωσι.
771 4047 826 4107 Καὶ
844 4052 912 4127 μετὰ

134 4143 148 4170 ιι
167 4123 245 4179 τοῦτο
259 4119 358 4201 ἀνέγνω
373 4124 403 4183 τδ
416 4126 613 4208 προύούλευμα.
630 4160 642 4184 ιι
656 4130 691 4192 Ὁ
708 4131 755 4211 μὲν
776 4134 807 4207 δὴ
827 4143 912 4199 ταῦτα

130 4207 215 4266 εῖπών
243 4231 272 4268 τε
299 4211 345 4270 καλ
366 4214 610 4298 έπιμαρτυραίμενος
633 4221 743 4294 κατίύη.
796 4226 858 4285 Τῶν
883 4229 911 4289 δέ

130 4297 280 4377 δημάρχων
293 4304 395 4380 πρῶτος
407 4303 456 4381 μέν
472 4306 571 4369 διέθετο
584 4308 632 4381 τὴν
645 4312 804 4394 κατηγορίαν
820 4317 912 4379 Σικίν-

129 4407 185 4452 νιος
199 4389 229 4446 έκ
242 4388 341 4461 πολλῆς
355 4393 505 4470 έπιμελείας
515 4397 561 4455 καί
571 4407 755 4481 παρασκευῆς,
769 4405 848 4464 πένθ’
861 4406 911 4467 δσα

978 1669 1104 1720 trecentos
1119 1669 1186 1722 vires
1204 1674 1281 1723 totius
1299 1674 1408 1728 civitatis
1427 1678 1549 1743 optimos,
1565 1681 1647 1746 abque
1666 1685 1758 1736 miseri·

979 1764 1062 1815 cordia
1074 1769 1242 1829 moverentur,
1263 1770 1400 1839 animisque
1417 1776 1583 1840 flecterentur,
1594 1792 1639 1829 uec
1658 1786 1759 1848 propter

979 1852 1051 1903 nnius
1068 1854 1161 1906 inimici
1173 1868 1271 1919 poenam
1298 1863 1337 1909 tot
1351 1874 1436 1925 preces
1447 1866 1675 1930 repellerent3,sed
1691 1870 1757 1921 mul-

978 1956 1061 2003 torum
1071 1965 1100 2003 ac
1114 1954 1245 2019 proborum
1258 1958 1369 2009 virorum
1391 1964 1477 2026 gratiae
1495 1965 1569 2017 unius
1584 1966 1690 2020 bominis
1713 1970 1759 2020 cri-

902 2056 908 2083 ’
977 2062 1035 2101 rnen
1049 2049 1225 2102 condonarent.
1258 2056 1319 2105 ilaec
1343 2060 1369 2107 et
1385 2058 1475 2110 similia
1496 2061 1754 2129 locutus,postre1no

979 2148 1014 2198 sic
1027 2147 1261 2201 clausitoratiouem
1277 2165 1364 2214 suam,
1377 2155 1400 2205 si
1418 2157 1542 2224 suffragiis
1560 2162 1612 2211 suis
1633 2161 1758 2215 hominem

977 2244 1148 2306 absolverent,
1169 2247 1236 2308 tore,
1250 2252 1278 2298 ut
1289 2263 1346 2299 eum
1362 2251 1498 2306 absolvisse
1513 2254 1666 2321 riderentur,
1684 2262 1751 2324 quod

977 2341 1043 2405 plebi
1065 2341 1158 2393 nullam
1182 2343 1296 2395 iniuriam
1317 2347 1429 2411 iecisset,
1447 2352 1491 2402 ecd
1508 2352 1578 2403 siab
1597 2352 1645 2404 hnc
1664 2354 1756 2407 iudicio

976 2437 1074 2491 omniuo
1088 2438 1252 2505 desisterent,
1271 2442 1338 2503 lore,
1359 2447 1387 2494 ut
1399 2444 1424 2495 in
1445 2449 1549 2511 gratiana
1569 2450 1757 2515 deprecatorum

976 2547 1073 2598 poenam
1086 2536 1134 2599 ipsi
1152 2538 1276 2589 remisisse
1288 2539 1439 2592 viderentur.

1007 2735 1069 2783 cxl.
1087 2733 1150 2784 cum
1175 2738 1256 2789 autem
1280 2738 1404 2789 Minucius
1426 2740 1500 2790 finem
1522 2740 1619 2791 dcendi
1641 2740 1754 2804 iecisset,

975 2812 1081 2865 Sicinius
1094 2815 1212 2866 tribunus
1224 2831 1367 2882 progressus
1379 2820 1450 2882 uixit,
1463 2835 1543 2885 neque
1554 2836 1582 2873 sc
1593 2823 1672 2887 plebis
1680 2823 1756 2876 liber-

974 2903 1051 2953 tatem
1068 2901 1240 2966 proditurum,
1261 2919 1339 2969 neque
1358 2911 1446 2971 sponte
1460 2908 1492 2958 ab
1504 2908 1558 2958 aliis
1579 2910 1651 2974 predi
1668 2925 1756 2974 passu·

974 3004 1029 3040 rum
1052 3008 1059 3040 ι
1085 2990 1142 3054 sed,
1160 2991 1182 3042 si
1205 3006 1292 3045 revera
1302 2995 1397 3058 patricii
1420 2996 1544 3047 bominem
1563 2998 1642 3062 plebis
1664 2998 1754 3051 iudicio

974 3080 1158 3143 permitterent,
1171 3094 1198 3132 se
1209 3081 1233 3131 in
1246 3083 1362 3147 suffragia
1378 3084 1475 3148 plebem
1490 3086 1642 3147 missurum,
1657 3090 1682 3138 et
1693 3088 1754 3139 nibil

975 3167 1043 3219 allud
1057 3171 1177 3233 preterea
1188 3168 1318 3220 iacturum.
1352 3174 1412 3223 Post
1426 3171 1493 3223 huuc
1511 3187 1657 3239 progressus
1668 3177 1751 3227 lilinu-

973 3255 1120 3307 ciusdixit:
1139 3276 1150 3300 ι
1167 3256 1391 3321 Quandoquidem,
1408 3260 1515 3322 tribuni,
1536 3262 1600 3314 adeo
1613 3263 1704 3328 cupitis
1721 3265 1753 3316 de

975 3363 987 3393 ιι
1001 3346 1049 3397 boc
1063 3344 1162 3395 homine
1176 3345 1293 3410 suiiragia
1306 3347 1379 3409 teni,
1392 3347 1453 3399 nihil
1465 3353 1556 3414 preter
1570 3351 1694 3404 obiectum
1702 3356 1753 3405 cri-

973 3453 985 3477 «
999 3447 1057 3483 men
1071 3435 1157 3483 contra
1166 3446 1223 3483 etun
1238 3433 1334 3485 dicite:
1350 3435 1395 3486 sed
1409 3437 1525 3500 qnoniam
1537 3438 1660 3491 allectatae
1672 3442 1753 3504 tyran

974 3542 987 3565 ιι
1000 3520 1065 3572 nidis
1078 3520 1176 3572 nomiae
1187 3535 1245 3572 eum
1266 3522 1405 3586 detulistis,
1425 3525 1478 3578 buc
1489 3526 1577 3579 docete
1594 3533 1634 3589 et,
1658 3530 1751 3593 quibua

973 3628 985 3652 ιι
1001 3608 1122 3672 potestis,
1135 3608 1272 3660 rationibus
1281 3611 1329 3661 hoc
1341 3611 1451 3675 probata.
1462 3613 1602 3666 Verborum
1613 3630 1681 3676 vero,
1695 3631 1751 3680 qun
1808 3631 1811 3639 ’
1851 3611 1852 3614 ’

979 3716 991 3740 ιι
1004 3698 1036 3747 ab
1046 3697 1109 3747 eoin
1119 3698 1205 3748 senatu
1213 3701 1299 3750 matra
1307 3699 1477 3764 plebemdicta
1487 3703 1660 3766 criminamini,
1671 3718 1752 3768 neque

972 3805 985 3830 ι
999 3786 1150 3837 mentionem
1160 3786 1248 3847 tacite,
1270 3800 1350 3853 neque
1364 3802 1394 3840 ea
1412 3794 1534 3843 accusate.
1568 3795 1630 3842 llam
1650 3797 1752 3844 senatus

971 3894 984 3918 ιι
996 3888 1042 3924 suo
1054 3875 1154 3926 decreto
1164 3888 1222 3927 euru
1232 3875 1281 3927 boc
1290 3876 1393 3929 crimine
1404 3878 1527 3940 liberarit,
1536 3893 1644 3943 eumque
1655 3880 1688 3931 ad
1696 3881 1750 3946 ple·

972 3984 985 4008 ι
999 3964 1036 4014 bis
1048 3964 1166 4016 iudicim
1183 3965 1257 4018 certis
1270 3966 1468 4031 conditionibus,
1484 3970 1567 4021 ventre
1580 3982 1681 4034 amum
1695 3984 1751 4024 esse

971 4071 984 4095 ι
997 4053 1093 4105 censuit
1107 4073 1114 4104 ι
1129 4054 1218 4106 δείιιιία
1236 4057 1475 4107 senatusconsultum
1488 4056 1608 4108 recitarit.
1621 4075 1636 4103 n
1652 4057 1748 4124 illeigi·

968 4146 1018 4201 tur,
1031 4144 1087 4194 baec
1096 4143 1194 4196 locutus
1204 4147 1229 4196 et
1236 4144 1385 4206 obtestatus,
1402 4144 1540 4196 descendit.
1551 4148 1616 4197 Tum
1628 4147 1745 4213 Sicinius,

968 4230 1124 4282 tribunorum
1145 4232 1257 4296 primus,
1279 4232 1461 4284 accusationem
1483 4248 1500 4285 a
1519 4248 1546 4285 se
1561 4236 1748 4287 accuratissime

967 4320 1162 4385 praemeditatam
1183 4326 1223 4372 est
1235 4335 1377 4387 aggressus,
1389 4326 1416 4374 et
1430 4323 1552 4388 quidquid
1568 4340 1678 4391 uuquam
1692 4340 1749 4376 reus

966 4413 1009 4460 aut
1023 4409 1122 4460 lecisset
1135 4414 1180 4461 aut
1193 4410 1311 4473 dixisset,
1324 4411 1350 4462 id
1367 4412 1400 4462 ad
1416 4413 1551 4476 tyrannidis
1565 4413 1748 4467 attestationem

75 4497 101 4533 ιι
128 4475 256 4552 πρύττων
270 4475 287 4548 ἢ
299 4478 387 4558 λέγων
405 4485 420 4541 b
435 4483 501 4564 ἀνὴρ
516 4485 585 4546 κατδ
599 4495 646 4549 τοῦ
663 4491 748 4567 δήμου
764 4494 908 4556 inemtas„
965 4497 1063 4559 retulit,
1080 4503 1108 4550 et
1126 4502 1184 4563 post
1203 4499 1272 4550 illum
1293 4499 1401 4564 tribuni,
1422 4502 1466 4565 qui
1487 4504 1598 4555 oratione
1612 4502 1745 4568 plurimum

128 4563 167 4627 εἰς
186 4566 354 4639 κατασκευῆν
375 4573 526 4652 τυραννίδος
553 4576 706 4658 ἀναφέρων·
733 4578 824 4642 έπειτα
840 4584 908 4662 μετά

127 4648 265 4710 έκιῖνονοῖ
280 4653 460 4718 δυνατώτατοι
473 4664 526 4720 τῶν
538 4661 684 4746 δημάρχων
702 4669 795 4730 εἰπεῖν.

170 4738 259 4801 Lxlt.
281 4741 328 4810 Ὦς
343 4745 371 4804 δέ
395 4748 545 4829 παρέλαθεν
569 4755 583 4810 δ
608 4736 728 4835 Μοίρκιδς
747 4759 791 4818 τδν
805 4758 904 4835 λόγον,

966 4585 1089 4637 valebant.

992 4776 1197 4834 intonatum
1219 4778 1357 4829 orationem
1377 4791 1435 4829 cum
1458 4779 1568 4830 Marcius
1589 4780 1744 4843 excepisset,

111 4823 271 4906 “ἀρξάμενος
287 4831 386 4893 ἄνευθεν
397 4837 450 4896 ἀπὸ
471 4840 518 4908 τῆς
532 4837 640 4918 πρώτης
662 4843 767 4914 ἡλικίας
781 4847 903 4926 διῆλθεν,
960 4875 1092 4912 exorsma
1111 4862 1197 4927 primis
1220 4876 1272 4915 suae
1294 4865 1469 4916 adolescentiae
1489 4864 1576 4927 annis,
1604 4866 1744 4926 recensuit,

73 4932 101 4970 so
125 4914 190 4983 δσας
202 4918 407 4997 ἐστρατευμένος
430 4915 464 4997 ῆν
483 4924 550 5005 θπέρ
572 4931 619 4997 τῆς
642 4929 742 5000 πολιως
765 4937 904 5012 στρατείας
959 4946 1058 5009 quoties
1072 4961 1118 5011 pro
1140 4949 1266 5014 republica
1286 4950 1434 5015 militmset,
1453 4956 1479 5003 et
1494 4953 1559 5015 quot
1579 4962 1684 5001 coronas
1702 4963 1747 5015 pro

125 5004 174 5063 καλ
191 5004 268 5072 ὅσους
290 5011 404 5091 εἰληφὼς
427 5014 568 5080 έπινικίους
584 5017 658 5098 παρά
672 5023 726 5080 τῶν
749 5028 904 5103 στρατηγῶν
958 5034 1069 5085 victoriae
1080 5039 1183 5100 praemio
1199 5039 1231 5089 ab
1243 5039 1433 5104 inperatoribus
1449 5039 1596 5104 accepisset,
1609 5042 1672 5104 quot
1684 5040 1745 5091 lios·

126 5095 285 5177 στεφάνους,
301 5099 435 5179 πολεμίων
446 5125 476 5162 τε
487 5102 546 5170 τοῦς
561 5104 705 5186 ληφθέντας
718 5111 904 5191 αἰχμαλώτους
958 5125 996 5173 tes
1008 5121 1079 5172 rivos
1088 5123 1207 5188 cepisset,
1221 5129 1247 5175 et
1258 5129 1324 5190 quot
1332 5126 1401 5178 cites
1409 5127 1435 5178 in
1448 5127 1548 5192 proeliis
1562 5129 1703 5190 servasset,
1715 5134 1741 5180 et

125 5186 171 5242 ὑπ’
198 5185 281 5265 αὐτοῦ
311 5188 356 5247 καῖ
380 5192 496 5251 πολιτῶν
509 5193 570 5262 τοῦς
594 5195 770 5268 διασωθέντας
797 5203 824 5261 ίν
850 5206 904 5269 τοῖς
958 5206 991 5258 ad
1004 5206 1100 5273 singula
1114 5209 1184 5262 dicta
1198 5213 1348 5266 ostendebat
1367 5214 1431 5265 dona
1447 5214 1496 5266 sibi
1515 5214 1666 5267 tortitudinis
1681 5230 1743 5280 ergo

125 5273 221 5351 ἀγῶσι·
233 5275 279 5333 καὶ
287 5277 353 5358 παρ’
361 5275 531 5343 ἕκαστοντῶν
542 5284 690 5365 λεγομένων
701 5289 734 5349 ταί
744 5314 773 5350 τε
783 5293 901 5371 ἀριστεῖα
958 5296 1031 5361 data,
1044 5301 1071 5350 et
1082 5299 1244 5365 imperatores
1257 5307 1335 5355 testes
1346 5303 1455 5368 citabat,
1469 5308 1494 5357 et
1507 5304 1577 5357 cives
1593 5317 1644 5355 asc
1666 5317 1749 5357 serva·

221 5402 334 5447 ntoettstt.

1632 5421 1663 5468 2⁸
