4070 5926
648 397 940 470 ANTlOUlTATUM
960 403 1108 466 ROMAN.
1133 407 1206 467 Llll.
1231 408 1282 469 lli.

165 517 213 588 τθις
237 520 375 588 ἀποκοπάς
399 522 486 589 αὐτοῖς
517 524 665 600 ὀνειδίζων,
686 529 733 588 καί
761 534 812 590 τῶν
832 532 939 592 ὑπάτων

165 606 214 679 τήν
227 607 373 668 ἀπόστασιν
385 611 542 692 προφέρων,
560 609 602 671 ὀτε
616 612 650 672 τά
662 613 721 695 lap&
738 626 838 694 σημεῖα
857 620 942 698 δρπά·

166 718 259 765 σαντες
274 696 376 778 ᾤχοντο
392 701 423 757 ὀκ
437 704 485 758 τοῦ
507 703 699 781 στρατοπέδω,
721 708 804 788 φυγήν
828 707 944 770 έπιύάλ-

165 788 255 855 λοντες
266 790 369 856 ἑαυτοῖς
380 787 520 868 ἑκούσιον,
535 789 595 858 τούς
608 795 632 851 θ’
653 791 745 873 ὅρκους
757 798 942 876 ἀνακαλούμε·

126 892 140 931 t
166 897 222 948 νος,
232 874 277 943 οθς
286 873 395 953 ῶμοσαν
407 874 442 934 τά
453 875 523 936 dala
538 877 599 958 περί
613 883 661 951 τῆς
673 883 831 960 γειναμένης
848 883 941 952 αὐτούς

167 966 215 1042 γῆς
230 954 474 1043 ἀναλαμβάνοντες,
499 956 537 1033 οἷς
555 966 615 1027 κατ’
638 972 718 1043 abab<
741 973 841 1047 ἐκείνης
859 975 944 1055 ἀχρή-

168 1074 258 1112 σαντο.
299 1052 442 1132 Τοιγάρτοι
465 1055 618 1130 θαυμαστὸν
640 1058 714 1117 οῦδίν
734 1058 833 1142 ἔφησεν
849 1060 943 1128 αὐτοῦς

167 1151 269 1212 ποιεῖν,
296 1143 319 1201 εί
344 1140 416 1208 θεοὺς
443 1140 490 1217 μίν
518 1144 738 1223 ὀπιορκήσαντες,
762 1147 895 1227 ἡγεμόνας
914 1148 942 1208 δέ

166 1229 370 1307 καταλιπόντες,
392 1229 459 1290 πολὺ
470 1230 494 1289 δ’
510 1230 609 1310 έρημον
624 1224 694 1294 εἶναι
712 1236 742 1295 ab
754 1239 813 1297 καθ’
834 1237 943 1305 taceat<

113 1335 139 1403 ρο
167 1316 245 1396 μέρος
258 1318 384 1399 ἀφέντες,
400 1318 444 1377 tat
464 1317 492 1376 δέ
509 1318 622 1387 πίστεως
638 1322 765 1402 συγρύσει
786 1324 831 1383 καὶ
852 1323 940 1402 νόμων

163 1413 298 1492 ἀνατροπῇ
314 1414 359 1473 καί
381 1414 570 1491 πολιτεύματος
590 1416 703 1493 πατρίου
724 1421 807 1498 φθορᾷ
828 1419 942 1492 ποιησά·

165 1515 240 1573 μενοιγ
261 1493 310 1566 τήν
329 1494 454 1567 κάθοδον,
476 1496 505 1554 ού
527 1498 710 1576 μετριάζουσιν
732 1500 791 1558 οῦδὲ
808 1500 940 1579 χρηστοὺς

164 1580 289 1643 δύνανται
303 1583 413 1651 πολίτας
424 1581 533 1650 έαυτοῦς
545 1595 713 1667 παρασχεῖν,
729 1588 787 1647 ἀλλ’
803 1587 856 1646 αἰεί
871 1611 939 1658 τινος

163 1669 299 1752 ὀρέγονται
317 1670 467 1743 πλεονεξίας
487 1670 532 1730 καὶ
554 1674 738 1752 παρανομίας,
752 1675 812 1736 τοτέ
830 1676 879 1755 μέν
891 1680 940 1758 ἀρ-

111 1779 135 1818 ιο
163 1757 215 1837 χθις
229 1759 323 1825 ἐξεῖναί
338 1782 425 1840 σφισιν
443 1758 682 1832 discursantium<
698 1763 738 1844 ἀφ’
752 1768 852 1825 άαυτῶν
867 1768 936 1826 ἀπο-

163 1847 312 1926 δεικνύναι,
331 1849 376 1909 καί
397 1849 494 1917 ταύτας
517 1851 707 1921 ἀνυπευθύνους
734 1861 869 1924 ποιοῦντες
893 1856 938 1915 καί

162 1945 303 2015 παναγεῖς·
318 1936 377 1997 cori
393 1939 417 1996 δ’
432 1941 467 2005 είς
482 1941 583 2017 ἀγῶνας
599 1940 664 2020 ύπίρ
679 1945 731 2002 τῶν
745 1944 866 2023 άσράτων
884 1968 938 2004 κιν-

162 2023 244 2085 δύνων
259 2025 427 2096 καθιστάντες
441 2027 485 2094 οθς
498 2030 586 2098 αότοῖς
602 2029 683 2100 δόξειε
699 2035 751 2092 τῶν
771 2033 934 2115 πατρικίων,

162 2116 207 2174 καὶ
221 2115 255 2174 τδι
269 2115 368 2194 νόμιμα
382 2114 560 2196 δικαστήρια,
576 2107 614 2186 οἷς
628 2118 689 2200 περί
701 2119 813 2180 θανάτου
827 2120 873 2181 καί
887 2145 935 2203 φυ-

106 2227 136 2268 ao
161 2207 209 2282 γῆς
230 2208 246 2275 ἡ
264 2204 339 2271 πολις
358 2204 484 2284 πρότερον
508 2208 606 2286 ὀχρῆτο
627 2208 817 2289 μεταφέροντες
839 2210 869 2268 έκ
890 2213 937 2281 τῆς

161 2292 349 2373 καθαρωτάτης
360 2294 443 2375 φυλῆς
456 2294 500 2352 ἐπὶ
511 2293 554 2353 τδν
570 2293 759 2378 ῥυπαρώτατον
768 2297 862 2380 ὀχλον·
877 2296 937 2359 τότε

162 2381 189 2442 δέ
199 2380 292 2458 νόμους
304 2380 465 2464 εἰσφέροντες
475 2383 498 2442 οί
516 2387 591 2455 θῆτες
612 2384 658 2445 καί
672 2385 787 2447 ἀνέστιοι
800 2386 870 2446 κατά
882 2390 935 2447 τῶν

161 2471 324 2552 εὐπατριδῶν
346 2471 513 2552 τυραννικοὺς
536 2471 582 2532 καί
599 2471 722 2548 ἀνίσους,
748 2475 794 2535 καί
816 2475 935 2536 οὐδὲτοῦ

160 2560 354 2637 προδουλεῦσαι
372 2558 435 2639 περί
453 2561 538 2619 αὐτῶν
558 2561 676 2629 ἐξουσίαν
696 2586 730 2644 τη
746 2566 828 2642 βουλῇ
852 2588 934 2626 κατα-

103 2666 132 2705 ua
160 2646 309 2726 λείποντες,
328 2649 386 2708 ἀλλ’
405 2648 593 2731 ἀφαιρούμενοι
609 2651 655 2710 καὶ
674 2651 772 2726 ταύτην
788 2653 869 2725 αὐτῆς
886 2651 934 2724 τήν

160 2734 255 2812 τιμήν,
274 2736 308 2809 ἣν
326 2738 356 2796 άκ
370 2741 416 2797 τοῦ
428 2737 526 2806 παντὸς
541 2729 612 2819 κίχεν
627 2738 822 2820 ἀναμφίλεκτον
836 2740 932 2822 χρόνσυ

160 2825 365 2904 βασιλευομένης
388 2849 417 2886 τε
447 2825 494 2887 καί
516 2828 726 2906 τυραννουμένης
748 2834 796 2902 τῆς
819 2829 930 2899 πόλεως.

161 2913 254 2978 Πολλθ
270 2914 298 2975 δέ
313 2915 359 2974 καί
372 2914 441 2975 ἀλλα
456 2914 556 2984 τούτοις
574 2917 654 2995 ὀμοια
673 2918 812 2996 προσθείς,
829 2920 876 2980 καλ
890 2922 934 2980 ού·

159 3003 228 3072 δενδς
242 3002 302 3064 ούτε
324 3009 419 3084 πικροῦ
444 3005 600 3083 πράγματος
625 3005 684 3067 ούτι
700 3009 860 3091 βλασφήμου
876 3011 932 3073 ινό-

104 3118 133 3157 30
159 3115 242 3169 ματος
254 3092 423 3173 φεισάμενος,
443 3097 571 3154 τελευτῶν
594 3097 692 3156 έκεῖνον
715 3097 754 3157 άτι
773 3101 933 3179 προσέθηκεν

158 3181 202 3241 τὸν
217 3181 304 3261 λύγον,
321 3172 396 3264 ὀφῷ
411 3182 528 3259 μάλιστα
542 3184 670 3257 ἡπληθίις
682 3186 875 3264 ἠγανάκτησεν,
891 3190 930 3249 ὀτε

157 3270 251 3351 χρόνον
286 3270 378 3329 οόδένα
399 3271 529 3331 παύσεται
552 3275 730 3344 στασιάζουσα
752 3277 813 3357 περί
838 3278 934 3346 παντὸς

156 3358 295 3440 χρήματος
307 3362 325 3430 ή
337 3356 427 3435 πόλις,
443 3362 503 3419 ἀλλ’
519 3362 571 3421 αίεί
585 3386 643 3423 τινα
662 3364 755 3436 καινήν
770 3365 814 3425 έπί
830 3374 931 3443 παλαεζί

156 3447 264 3521 νοσήσει
276 3447 368 3520 νόσον,
382 3445 430 3515 έως
449 3448 481 3505 ἀν
495 3452 573 3520 ήτῶν
588 3451 734 3532 δημάρχων
749 3452 855 3522 έξουσία
870 3459 930 3515 δια-

99 3566 129 3605 35
157 3536 237 3615 μάνη
262 3535 413 3612 διδάσκων,
432 3537 472 3596 δτι
493 3537 648 3618 πράγματος
674 3541 770 3609 παντὸς
793 3543 932 3604 πολιτικοῦ

156 3625 204 3686 καί
221 3629 308 3684 κοινοῦ
321 3622 368 3692 τδς
385 3624 470 3707 ἀρχάς
483 3626 613 3707 προσήκει
627 3629 755 3704 σκοπεῖν,
769 3629 839 3698 ὀπως
858 3634 932 3691 εῦσε-

158 3713 212 3782 θεῖς
234 3712 339 3772 ἔσονται
364 3714 409 3772 καί
435 3714 541 3778 δίκαιοι.
584 3717 681 3778 Φιλεῖν
699 3716 749 3798 γθρ
764 3720 795 3777 ὀκ
816 3716 864 3795 μέν
878 3744 931 3779 των

157 3804 262 3879 ἀγαθῶν
275 3802 435 3881 σπερμάτων
450 3804 582 3884 χρηστούς
598 3805 732 3885 γίγνεσθαι
748 3808 795 3868 καί
812 3811 930 3889 εὐτυχεῖς

156 3890 217 3959 τοῦς
236 3893 367 3971 καρπούς,
382 3893 413 3951 la
433 3892 461 3951 δὲ
475 3896 527 3952 τῶν
543 3897 681 3976 πονηρῶν,
694 3890 790 3965 κακούς
804 3896 850 3957 καί
869 3899 931 3958 ὀλε·ἡ

95 4007 128 4046 ευ
156 3980 251 4047 050⁹<-

172 4003 285 4131 pXLV.
307 4096 320 4123 ι
338 4071 372 4131 El
387 4070 434 4147 μὲν
450 4060 511 4147 σύν,
524 4068 592 4151 ἔφη,
605 4069 653 4143 ήδε
668 4078 686 4146 ἠ
703 4073 773 4155 ἀρχή
797 4076 855 4152 μεθ’
870 4079 933 4153 ὀμο-

157 4188 170 4213 α
184 4158 254 4225 νοίας
273 4161 392 4230 εἰσῆλθεν
406 4161 442 4227 είς
461 4156 510 4227 τήν
524 4160 601 4219 πόλιν
612 4160 657 4220 ὀπί
671 4163 710 4243 τῷ
724 4161 829 4222 πάντων
842 4165 933 4244 ἀγαθῷ

157 4274 170 4301 a
183 4252 317 4330 παρισῦσα
331 4246 378 4306 σὺν
401 4249 500 4317 οἰωνοῖς
514 4273 544 4309 τε
561 4249 608 4309 καί
633 4249 762 4323 ὀττείαις,
778 4253 884 4313 πολλῶν
900 4250 931 4310 ἀν

157 4363 170 4390 a
184 4340 249 4413 ἡμῖν
264 4337 363 4415 έγίνετο
376 4338 421 4397 καί
437 4340 560 4416 μεγάλων
581 4341 686 4420 ἀγαθῶν
704 4340 794 4413 αἰτία,
812 4340 943 4423 χαρίτων,

91 4452 125 4490 ea
156 4426 629 4507 εδμοφροσύνης,εόνομίας,ὀλπίδων
652 4434 776 4511 γρηστῶν
789 4428 864 4509 παρά
884 4435 931 4490 τοῦ

155 4542 169 4567 ν
183 4513 433 4596 δαιμονίου,μυρέων
448 4514 547 4578 ἄλλων.
592 4519 648 4577 Νῦν
661 4516 689 4577 δέ
703 4517 802 4599 [ἐπεὶ]
818 4518 864 4598 βία
879 4519 931 4600 γάρ

155 4630 169 4655 a
183 4601 265 4676 αότλν
276 4603 402 4681 εἰσήγαγε
412 4603 458 4662 καὶ
469 4602 623 4683 παρανομία
633 4603 680 4665 καί
690 4605 782 4674 στάσις
791 4604 837 4665 καί
851 4606 929 4666 πολέ-

155 4718 169 4743 «
184 4714 234 4767 μου
252 4690 310 4760 δάος
331 4692 458 4775 έμφυλίου
474 4693 520 4753 καί
535 4695 622 4754 πάντα
645 4691 679 4753 τά
701 4693 810 4775 έχθιστα
833 4697 860 4754 έν
880 4697 929 4754 άν-

156 4804 169 4831 a
183 4775 309 4856 θρώποις,
327 4771 409 4841 τίοόν
422 4779 462 4839 ίτι
476 4781 522 4840 καί
536 4779 628 4859 μέλλει
642 4781 759 4861 χρηστδν
782 4781 889 4843 έσισθαι
911 4783 928 4855 ή

86 4905 124 4946 ω
155 4895 168 4920 ιι
186 4865 330 4948 σωτήριον,
357 4868 480 4939 τοιαύτας
506 4869 640 4942 λαθούσης
660 4869 708 4939 ab<
731 4865 929 4951 ἀρχάςςὍστε

154 4984 167 5007 a
182 4954 302 5036 περιττόν
317 4959 388 5017 ἐστιν
402 4961 467 5028 ήιιῖν
480 4958 549 5019 ἴασιν
562 4956 609 5016 καί
623 4956 778 5036 ἀλεξήματα
794 4961 846 5018 τῶν
862 4962 928 5019 ἀνα-

153 5071 166 5096 ν
181 5040 381 5105 θλαστανόντων
405 5045 432 5114 ἐξ
455 5047 536 5118 αὐτῆς
557 5049 646 5106 κακῶν
670 5048 774 5123 ζητεῖν,
793 5045 878 5107 θπύσα
892 5050 928 5115 είς

153 5160 166 5187 ν
180 5131 342 5215 ἀνθρώπινον
356 5134 446 5194 πίπτει
460 5134 602 5213 λογισμδν,
619 5134 747 5213 μενούσης
761 5134 800 5196 ίτι
811 5140 858 5208 τῆς
878 5160 927 5196 πο-

151 5248 165 5275 ι
179 5230 263 5304 νηρθς
277 5224 358 5304 βίζης.
390 5224 431 5285 ot
444 5222 496 5304 γθρ
515 5223 591 5285 ἔσται
608 5222 691 5305 πέρας
710 5226 765 5285 οόδ’
780 5226 925 5307 ἀπαλλαγὴ

1720 420 1781 482 559

998 559 1058 595 cans
1075 552 1271 607 sacramentum,
1289 563 1341 614 quo
1367 564 1394 601 se
1417 551 1619 618 obstrinxerant,
1645 568 1720 608 anua
1736 573 1781 624 pro

999 647 1079 709 patria
1087 648 1264 713 suscipientes,
1281 664 1340 715 quas
1363 651 1389 701 ln
1406 651 1475 703 illam
1497 653 1580 719 ipsum
1593 664 1776 714 converterant.

999 749 1082 805 Quare
1096 749 1131 799 nil
1145 752 1203 802 nori
1217 766 1261 803 eos
1274 753 1356 804 lucere
1382 755 1457 820 dixit,
1468 757 1499 818 si,
1521 759 1615 825 perjuri
1640 761 1665 812 iu
1681 765 1742 816 dous
1755 773 1781 818 et

998 846 1092 897 ducum
1112 850 1251 903 desertores
1272 856 1418 920 patriaeque,
1439 861 1562 922 quantum
1587 860 1614 911 in
1635 864 1781 930 sciuisset,

999 964 1136 1013 eversores,
1148 958 1173 1004 et
1189 955 1221 1006 ad
1230 955 1304 1007 lldcm
1318 958 1483 1019 turbandam,
1498 964 1524 1012 et
1539 964 1605 1027 leges
1615 970 1780 1033 evertendas,

999 1054 1159 1120 patriumque
1172 1058 1315 1122 reipublicae
1333 1064 1429 1112 statum
1449 1069 1660 1132 corrumpendum
1681 1072 1705 1122 in
1726 1088 1781 1127 eam

999 1155 1101 1215 reversi,
1118 1170 1184 1207 nune
1203 1172 1230 1209 se
1251 1160 1379 1213 moderate
1393 1177 1443 1214 non
1457 1172 1579 1229 gererent,
1599 1184 1646 1221 nee
1659 1172 1781 1228 bonorum

999 1256 1093 1309 cisium
1104 1260 1215 1313 officium
1231 1271 1350 1329 praestare
1365 1275 1473 1334 possent.
1493 1273 1538 1325 sed
1555 1288 1653 1342 semper
1666 1280 1719 1331 suls
1735 1296 1781 1334 cu-

998 1361 1148 1425 piditatibus
1168 1368 1373 1433 obsequerentur,
1394 1377 1418 1424 et
1450 1376 1507 1440 plus
1526 1391 1600 1444 equo
1621 1387 1779 1450 expeterent,

999 1466 1075 1518 modo
1095 1474 1219 1534 petentes,
1240 1477 1269 1524 ut
1285 1474 1333 1526 sibi
1347 1476 1421 1529 liceat
1434 1481 1547 1546 proprios
1570 1484 1735 1550 magistratus
1748 1492 1780 1545 de

999 1586 1046 1624 suo
1058 1573 1157 1635 ordine,
1173 1580 1199 1628 et
1217 1577 1317 1630 eosdem
1328 1581 1421 1632 nemini
1436 1582 1555 1634 obnoxios
1572 1589 1599 1635 et
1610 1594 1781 1645 sacrosanctos

998 1687 1099 1735 creare;
1112 1675 1187 1727 modo
1202 1679 1328 1743 quoslibet
1345 1681 1463 1746 patricios
1478 1683 1603 1736 arbitratu
1623 1701 1669 1739 suo
1682 1691 1708 1741 in
1724 1692 1779 1744 dis-

998 1772 1092 1825 crimen
1116 1778 1257 1829 extremum
1287 1779 1455 1842 adducentes,
1480 1787 1506 1835 et
1535 1785 1647 1851 legitima
1668 1792 1778 1858 judicia,

997 1873 1090 1938 qulbus
1100 1873 1131 1925 dc
1143 1876 1244 1941 capitali
1263 1892 1336 1943 prena
1356 1882 1450 1934 cirluru
1462 1885 1594 1952 exsiliique
1614 1891 1710 1942 mulcta
1725 1908 1778 1946 ma·

998 1975 1062 2040 iores
1087 1979 1193 2029 antebac
1212 1979 1312 2032 decerni
1330 1982 1471 2043 voluerint,
1497 1988 1619 2052 acurio,
1643 1993 1778 2055 purissima

999 2077 1109 2128 civitatis
1117 2082 1196 2143 parte,
1209 2080 1241 2131 ad
1259 2081 1456 2135 sordidissimam
1470 2086 1569 2138 turbam
1585 2088 1776 2157 transferentem

996 2181 1148 2233 madorem
1171 2182 1238 2247 leges
1260 2185 1400 2247 tyrannicas
1424 2190 1450 2238 et
1474 2188 1581 2253 injustas
1599 2192 1647 2257 ipsi
1664 2194 1778 2251 homines

995 2283 1141 2335 mercenarii
1162 2287 1187 2335 et
1210 2288 1323 2337 extorres
1345 2291 1431 2339 contra
1448 2290 1567 2354 patricios
1591 2292 1715 2355 ferentes,
1745 2313 1786 2351 ne*

994 2384 1132 2448 segnitione
1144 2386 1247 2451 quidem
1258 2403 1345 2461 earum
1355 2394 1470 2457 patribus
1478 2397 1614 2461 pendisse,
1630 2404 1660 2450 ut
1676 2400 1708 2451 dc
1724 2402 1776 2454 illis

994 2487 1239 2540 senatusconsultum
1264 2490 1387 2556 lacerent,
1409 2496 1454 2548 sed
1482 2496 1530 2547 boc
1553 2511 1655 2565 quoque
1683 2502 1776 2555 bonore

994 2592 1056 2660 ipsis
1068 2600 1162 2662 erepto,
1184 2608 1262 2662 quem
1274 2594 1338 2646 citra
1355 2609 1453 2647 omnem
1464 2600 1661 2652 oontmrersiam
1678 2617 1775 2669 semper

993 2697 1026 2749 ab
1039 2698 1102 2750 urbe
1119 2698 1237 2761 condita,
1252 2700 1308 2748 tum
1321 2697 1368 2748 sub
1389 2697 1502 2762 regibus,
1520 2703 1575 2750 tum
1596 2701 1644 2752 sub
1662 2704 1774 2767 tyrannis

992 2801 1145 2860 habuerant.
1158 2799 1296 2865 multisque
1305 2799 1512 2865 aliislrujusmodi
1527 2800 1627 2863 matrs,
1639 2807 1665 2855 et
1678 2820 1693 2856 a
1705 2806 1775 2858 nulla

993 2898 1082 2950 seorim
1093 2897 1243 2950 contumelia
1260 2897 1379 2963 nulloque
1393 2898 1529 2950 maledicto
1548 2900 1595 2952 sibi
1616 2905 1772 2969 temperans,

992 2999 1118 3061 postremo
1132 2995 1195 3047 illud
1208 2995 1284 3047 etiam
1299 2993 1378 3055 addit,
1401 3010 1453 3060 quo
1465 2996 1574 3048 maxime
1593 2999 1665 3064 plebs
1677 3001 1773 3055 oflensa

991 3097 1044 3154 est,
1059 3106 1186 3157 nunquam
1201 3092 1225 3141 in
1244 3091 1345 3143 civitate
1369 3106 1470 3144 caussas
1490 3075 1684 3162 qualiscumque
1699 3098 1774 3151 dissi·

990 3190 1026 3242 dii
1048 3188 1147 3250 delore,
1176 3190 1221 3242 sed
1243 3204 1341 3256 semper
1366 3195 1423 3256 post
1447 3195 1558 3243 veterem
1580 3196 1697 3248 morbum
1715 3212 1771 3252 eum

990 3288 1075 3354 aliquo
1090 3302 1155 3339 noro
1172 3287 1349 3347 laboraturum,
1373 3288 1434 3340 dum
1454 3289 1585 3341 tribunitia
1599 3296 1711 3358 potestas
1723 3297 1773 3347 du·

990 3390 1070 3446 rarel;
1087 3387 1178 3438 domus
1195 3389 1304 3439 omnium
1326 3390 1436 3440 civilium
1457 3402 1487 3439 ac
1509 3390 1666 3454 publicarum
1686 3405 1770 3442 rorum

989 3482 1060 3532 initis
1080 3494 1136 3532 esso
1158 3479 1345 3538 consideranda,
1369 3494 1523 3547 operamque
1535 3482 1660 3546 dudam,
1679 3491 1709 3537 ut
1730 3489 1771 3553 pia

986 3580 1106 3643 justaque
1120 3578 1179 3628 sint.
1201 3577 1242 3627 Sic
1264 3577 1331 3627 enlm
1344 3582 1435 3628 natura
1448 3586 1620 3644 comparatum
1632 3597 1687 3634 esse
1699 3586 1771 3636 dice-

897 3723 914 3738 ,,
989 3681 1047 3743 bat,
1061 3683 1091 3731 ut
1101 3692 1133 3729 ex
1146 3678 1218 3729 bonis
1236 3678 1372 3729 seminibus
1386 3654 1576 3736 boniet-felices
1595 3683 1694 3736 lructus
1710 3699 1771 3751 pro·

988 3781 1101 3839 remant,
1121 3794 1153 3831 ex
1167 3779 1241 3831 malis
1253 3779 1345 3832 maliet
1358 3782 1499 3846 perniciosi.

1018 4080 1090 4129 xlv.
1109 4078 1158 4131 «Si
1170 4078 1247 4143 igitur
1256 4077 1404 4144 (inquiebat)
1417 4078 1458 4129 laic
1474 4078 1636 4144 magistratus
1643 4093 1688 4145 pro
1702 4094 1768 4133 eom·

988 4190 1001 4215 a
1015 4170 1084 4220 muni
1101 4170 1213 4221 omnium
1229 4171 1294 4221 bono
1311 4184 1355 4234 per
1366 4168 1524 4220 concordiam
1541 4169 1613 4221 bunls
1627 4169 1768 4238 inustisque

988 4280 1001 4305 ι
1015 4260 1103 4312 auibus
1117 4265 1142 4312 el
1158 4261 1229 4312 salva
1240 4259 1357 4324 religione
1373 4258 1398 4308 in
1410 4258 1589 4323 rempublicam
1607 4258 1767 4313 introductus

987 4369 1001 4393 α
1015 4352 1090 4412 esset,
1105 4348 1244 4400 multorum
1258 4350 1284 4399 et
1298 4360 1444 4412 magnorum
1457 4346 1578 4398 bonorum
1592 4362 1682 4399 caussa
1695 4349 1768 4401 nobis

987 4458 1001 4482 ι
1013 4436 1117 4498 luisset,
1136 4438 1238 4502 gratiae,
1261 4437 1414 4500 concordiae,
1441 4437 1562 4488 bonarum
1578 4437 1674 4502 legum,
1696 4438 1767 4490 boue

988 4548 1000 4570 ι
1016 4526 1069 4592 τρεῖ
1081 4541 1096 4577 a
1110 4527 1225 4585 numine,
1246 4529 1272 4578 et
1287 4528 1463 4579 sexcentorum
1484 4525 1591 4577 allorum
1607 4545 1613 4574 :
1627 4538 1695 4575 nunc
1705 4539 1767 4576 vero

986 4635 999 4660 κ
1012 4615 1129 4681 quoniam
1143 4614 1276 4673 violentia,
1287 4615 1416 4681 iniquitas,
1431 4614 1536 4674 seditio,
1550 4618 1576 4666 et
1585 4614 1644 4665 belli
1657 4613 1766 4666 intestini

986 4724 998 4748 u
1013 4708 1104 4766 metus,
1114 4707 1140 4756 et
1152 4708 1243 4762 cetera,
1254 4716 1312 4768 qum
1321 4704 1467 4756 homiuibus
1481 4706 1540 4755 sunt
1549 4703 1659 4754 maxime
1670 4702 1766 4754 abomi-

986 4813 999 4836 ι
1013 4792 1102 4851 nanda,
1118 4805 1175 4844 eum
1185 4792 1342 4851 invexerunt,
1356 4792 1485 4857 quidboni
1498 4789 1766 4855 salutarisveamplius

984 4900 997 4924 ι
1012 4880 1044 4930 ab
1053 4894 1095 4941 eo,
1108 4880 1153 4945 qui
1165 4879 1226 4931 talla
1239 4880 1356 4932 babuerit
1375 4880 1454 4939 inille,
1474 4879 1626 4945 sperandum
1640 4882 1698 4930 esti
1713 4881 1765 4929 lla·

985 4987 996 5010 a
1013 4981 1064 5033 que
1080 4980 1294 5032 supervacaneum
1306 4967 1434 5027 retrahis,
1452 4967 1606 5018 curationem
1616 4970 1642 5017 et
1655 4965 1765 5018 remedia

985 5076 997 5099 a
1013 5056 1137 5108 malorum
1163 5056 1221 5108 inde
1241 5056 1420 5121 pullulantium
1443 5066 1571 5123 querere,
1599 5069 1758 5122 quocunque

983 5164 995 5189 ε
1010 5144 1118 5196 bumana
1131 5145 1196 5195 ratio
1209 5145 1350 5209 exmgltare
1361 5145 1454 5211 possit,
1467 5145 1547 5196 donec
1561 5145 1671 5211 pessima
1680 5142 1764 5195 radice

978 5253 991 5278 a
1007 5232 1091 5286 adbuc
1107 5238 1199 5286 manet.
1239 5234 1329 5286 Nullus
1339 5235 1406 5288 euim
1414 5234 1506 5286 divine
1520 5234 1565 5285 irae
1579 5234 1636 5285 bnis
1648 5233 1704 5292 erit,
1718 5243 1763 5283 nec
